4680 6038
149 216 225 294 sas
395 204 603 290 somam
626 172 705 287 aaa
728 202 848 286 aaa.
872 200 941 281 au
965 200 1092 282 msr.
1117 196 1263 283 naor.
1288 196 1358 276 ar
1380 192 1577 277 paruos.
1602 197 1927 281 sancraana.
2107 209 2176 283 sas

255 385 358 460 Hanc
382 384 677 480 tranquillitatem
699 394 734 453 et
756 377 902 473 imperii
915 391 952 450 et
963 373 1140 450 Ecclesia·
1189 372 1405 448 testimoniis
1429 395 1534 446 verae
1558 375 1755 448 tententiae
1771 377 1928 470 legamus
1942 391 1978 453 et
1992 375 2175 453 historiam

156 514 237 565 rum
261 490 421 562 turbarit
441 485 634 571 Diabolus,
666 483 729 579 qui
758 484 844 556 odio
866 478 934 552 Dei
962 480 1019 551 ab·
1034 478 1140 550 initio
1189 489 1226 550 et
1241 476 1446 553 certamina.

156 605 238 689 post
257 592 397 685 lapsum
420 589 634 662 contumelia
658 586 777 658 affecit
797 582 933 670 Deum,
957 595 993 654 et
1016 581 1142 676 primis
1251 584 1259 593 '
1293 576 1385 650 Cum
1405 592 1522 653 autem
1535 574 1647 652 Arius
1667 581 1827 655 traxisset
1850 584 1889 654 in
1912 605 2014 657 suam
2029 596 2179 682 ‘sentens

159 695 367 792 parentibus
381 693 527 764 erilium
541 685 763 761 machinatos
778 701 840 761 est.
892 683 991 756 idem
1005 707 1144 778 semper
1192 681 1277 755 tiam
1291 682 1427 775 aliquot
1435 677 1641 776 Episcopos,
1658 697 1693 756 et
1708 686 1777 756 iam
1792 709 1867 758 non
1882 687 2033 760 obscura
2049 690 2181 760 discor-

162 798 246 888 agit.
298 793 353 870 Ac
379 811 466 870 tunc
490 817 631 889 quoque
655 787 827 863 horribile
863 788 1071 860 incendium
1104 786 1144 856 in
1194 785 1254 855 dia
1271 796 1379 872 esset,
1402 782 1661 858 Constantinus
1682 788 1836 860 edictum
1859 790 1971 863 mittit
1994 791 2034 860 in
2061 814 2182 863 omnes

162 897 325 996 Aegypto
344 898 523 984 excitavit,
557 897 655 991 quod
677 907 841 985 vagatum
865 904 918 963 est
943 914 1006 984 per
1029 901 1145 962 totum
1193 888 1368 978 regiones,
1381 910 1453 982 qno
1467 903 1637 961 convocat
1649 914 1774 962 omnes
1782 888 2040 986 Episcoposfad
2057 895 2180 965 urbem

166 996 368 1074 Orientem.
419 996 566 1092 Impulit
586 997 840 1093 Presbyterum
861 992 1146 1065 Alexandrinum
1195 983 1387 1086 Bithyniae
1404 983 1588 1073 liliosam,
1620 1006 1662 1065 ut
1689 994 1742 1064 ibi
1764 994 1806 1068 iu
1827 995 1977 1091 Synodo
2010 997 2181 1070 confessio

106 1097 114 1106 ’
167 1099 319 1183 Arium,
347 1116 390 1174 ut
413 1114 543 1174 sereret
565 1101 715 1194 impium
736 1100 884 1190 dogma,
914 1109 1027 1168 astute
1048 1095 1148 1168 luca·
1197 1093 1435 1184 singulorum,
1460 1106 1495 1164 et
1509 1093 1741 1166 confessionis
1753 1098 1956 1171 testimonia
1973 1099 2180 1171 audiantur:

167 1220 245 1276 tum
259 1217 382 1277 contra
399 1205 622 1277 divinitatem
636 1198 783 1274 Christi.
834 1198 1005 1272 Scribunt
1020 1211 1150 1284 autem,
1199 1209 1234 1267 et
1248 1208 1421 1290 quantum
1442 1195 1519 1266 lieri
1540 1211 1657 1288 posset
1666 1221 1684 1284 ,·
1701 1199 1877 1272 discordia
1901 1202 2066 1274 tollatur.
2117 1202 2181 1276 Co·

168 1308 293 1379 dolore
308 1308 469 1399 repulsae
486 1319 621 1378 motum
640 1327 713 1376 esse
730 1301 882 1387 Arium,
907 1326 988 1373 cum
1004 1324 1079 1371 non
1094 1323 1150 1372 es-
1199 1311 1255 1369 rat
1269 1311 1303 1369 et
1319 1297 1472 1390 publicis
1486 1292 1660 1370 vehiculis
1681 1324 1741 1372 eos
1758 1297 1901 1377 advehi.

168 1423 220 1480 set
242 1410 356 1481 factus
380 1408 595 1503 Episcopus,
627 1424 668 1482 ut
699 1408 946 1478 adversaretur
961 1400 1139 1497 Episcopo
1301 1397 1557 1473 Convenerunt
1577 1403 1687 1492 igitur
1707 1406 1875 1492 trecenti,
1903 1408 2029 1477 decem
2052 1420 2089 1478 et
2113 1424 2180 1479 octo

170 1510 386 1584 Alexandro.
1200 1496 1383 1596 Episcopi.
1436 1501 1534 1575 lnter
1545 1498 1613 1575 hos
1628 1520 1799 1603 martyres
1822 1508 1926 1579 molti
1942 1510 2095 1580 fuerunt
2110 1535 2180 1581 rnu-

271 1609 447 1684 Existimo
473 1626 592 1685 autem
608 1608 737 1683 Arium
753 1609 869 1701 reipsa
881 1609 975 1680 idem
991 1608 1152 1693 sensisse,
1202 1604 1294 1677 tilati
1309 1605 1427 1700 aliqua
1445 1607 1603 1698 corporis
1616 1623 1732 1700 parte,
1757 1635 1838 1680 cum
1862 1607 1985 1681 adhuc
2002 1613 2180 1684 saeviciam

171 1716 268 1810 quod
283 1729 469 1786 senserunt
484 1712 628 1799 Ebion,
656 1712 923 1798 samosatenus,
955 1725 989 1783 et
1009 1712 1153 1797 similes,
1202 1720 1402 1779 exercerent
1423 1709 1643 1782 Maximinus
1665 1723 1699 1782 ct
1721 1712 1894 1785 Licinius.
1956 1711 2179 1787 Adveneront

171 1818 262 1889 sicut
284 1830 318 1887 et
334 1817 537 1889 Alexander
547 1813 744 1908 Episcopus
760 1810 1024 1887 Alexandrinus
1043 1815 1088 1883 de
1111 1837 1152 1885 eo
1202 1807 1424 1906 Presbyteri,
1454 1810 1560 1901 legati
1576 1810 1855 1906 Episcoporum,
1886 1815 1953 1910 qui
1975 1832 2116 1909 propter
2129 1844 2177 1888 se·

173 1917 311 1990 scribit:
345 1917 452 1989 Scitis
482 1941 604 1990 recens
631 1930 762 1989 motam
800 1917 999 1988 doctrinam
1030 1931 1153 1989 contra
1201 1924 1341 1984 nectam
1363 1925 1399 1984 ct
1419 1915 1563 1985 morbos
1586 1918 1750 1988 accedere
1766 1941 1840 1987 non
1853 1931 2062 2010 potuerant.
2110 1920 2174 1991 hd·

92 2019 96 2028 '
172 2015 351 2091 Ecclesiae
380 2019 567 2111 pietatem,
607 2042 680 2090 esse
704 2004 885 2104 Batonis,
922 2015 1093 2088 Artemoe
1119 2032 1155 2091 et
1201 2015 1348 2088 fuerunt
1369 2029 1404 2087 et
1424 2015 1507 2086 laici
1527 2018 1652 2105 multi,
1681 2019 1751 2088 viri
1777 2021 1873 2090 docti
1904 2034 1944 2092 et
1981 2022 2046 2114 pii.
2095 2022 2179 2093 llaec

174 2117 414 2191 Samosoteni
425 2122 640 2214 contagium,
661 2122 777 2215 quiin
794 2120 950 2218 Synodis
965 2133 999 2192 et
1012 2122 1154 2194 iudiciis
1203 2117 1369 2214 Synodos
1392 2114 1558 2191 inchoata
1574 2133 1624 2190 est
1640 2144 1735 2191 anno
1752 2123 2006 2194 trecentesimo
2024 2125 2179 2197 vicesimo

175 2219 435 2316 Episcoporum
455 2225 590 2318 ubique
612 2248 653 2296 ex
669 2220 828 2295 Ecclesia
840 2224 941 2295 eiecti
956 2238 1051 2296 sunt.
1203 2235 1328 2292 octavo
1364 2216 1521 2309 Christi,
1558 2246 1654 2294 anno
1690 2224 1832 2317 imperii
1862 2223 2099 2298 Constantini
2130 2232 2182 2299 de-

274 2322 345 2397 Sed
367 2349 448 2396 cum
470 2350 544 2397 non
566 2328 712 2398 auderet
725 2323 836 2397 Arius
849 2349 1008 2420 expresse
1026 2348 1154 2416 negare
1203 2323 1295 2392 cimo
1310 2346 1421 2397 nono.

174 2421 289 2525 λόγον
302 2450 376 2499 essa
390 2421 668 2525 ὑφιστάμενον,
693 2440 807 2501 astute
831 2429 900 2500 alia
919 2429 1035 2521 specie
1049 2429 1155 2501 struit
1305 2422 1371 2497 Est
1391 2439 1508 2497 autem
1533 2426 1782 2518 dignissimum
1803 2453 1894 2523 opus
1920 2433 2144 2525 sapientibus
2156 2451 2183 2505 et

174 2529 338 2601 insidias:
370 2531 470 2603 Dicit
489 2555 565 2603 non
585 2555 658 2603 esse
679 2544 905 2603 coaeternum
921 2530 1013 2623 patri
1029 2524 1154 2630 λόγον,
1203 2526 1341 2618 magnis
1359 2529 1522 2619 regibus,
1548 2530 1641 2601 iusto
1656 2533 1764 2603 'modo
1780 2547 1815 2605 et
1835 2535 1965 2605 ordine
1979 2537 2112 2608 tollere
2125 2539 2183 2607 dis·

175 2632 235 2700 sed
257 2653 432 2702 summam
456 2647 654 2705 creaturam
675 2628 846 2702 exnihilo
863 2633 1057 2719 conditam,
1106 2629 1157 2704 Et
1203 2629 1294 2701 sidia
1311 2624 1569 2719 Ecclesiam,
1599 2632 1757 2705 indicere
1774 2649 1808 2708 et
1825 2651 2061 2728 recteregere
2079 2638 2183 2735 Syno-

174 2753 259 2804 usos
275 2727 395 2805 esthis
409 2734 532 2806 sormis
547 2734 734 2829 loquendi:
759 2725 926 2828 ἦνπότε,
949 2730 1011 2806 ὅτε
1026 2727 1156 2828 οὐκῆν
1204 2732 1292 2823 dos,
1330 2733 1421 2803 sicut
1451 2734 1610 2806 fecerunt
1641 2735 1916 2826 Constantinus,
1967 2737 2184 2813 Theodosios

176 2827 302 2932 λόγος,
332 2830 400 2906 hoc
422 2850 488 2909 est:
517 2835 607 2911 Erat
620 2852 739 2929 pater,
767 2860 848 2908 com
874 2838 1036 2907 nondum
1067 2850 1157 2909 essct
1204 2834 1390 2927 primuset
1404 2830 1631 2909 Theodosius
1645 2843 1833 2924 secundus,
1860 2855 1894 2914 et
1914 2840 2123 2930 Martianus,
2147 2861 2182 2916 ot

177 2931 297 3034 λόγος.
348 2936 456 3020 ltem,
482 2939 572 3011 dixit
595 2962 668 3010 esse
688 2935 841 3040 Λόγον,
869 2937 908 3021 ἐξ
927 2935 997 3011 οὐκ
1012 2937 1156 3031 'iuram
1205 2937 1297 3008 inira
1311 2936 1459 3010 dicetur.

177 3063 219 3108 ex
234 3062 311 3110 non
327 3038 577 3122 existentibus,
605 3042 642 3111 id
657 3056 728 3124 est,
753 3066 794 3111 ex
809 3036 937 3112 nihilo.
991 3039 1089 3113 Haec
1105 3056 1157 3113 est
1305 3037 1380 3110 Nec
1395 3055 1488 3113 recte
1504 3043 1679 3131 sentiunt,
1705 3046 1767 3141 qui
1789 3047 1934 3137 dicunt,
1962 3044 2059 3120 hanc
2071 3069 2182 3120 curam

175 3164 311 3211 summa
327 3142 520 3214 sententiae
534 3139 637 3229 Arii,
662 3167 768 3237 quam
792 3143 823 3214 si
844 3143 924 3237 quis
937 3167 1048 3235 prope
1061 3144 1157 3238 aspi·
1205 3140 1390 3212 indicendi
1403 3141 1567 3238 Synodos
1590 3148 1636 3217 ad
1661 3149 1754 3220 solos
1775 3145 1981 3245 Episcopos
2003 3152 2183 3247 pertinere:

178 3243 264 3328 ciat,
296 3238 538 3336 deprehendet
564 3268 640 3315 eam
664 3246 816 3316 vicinam
840 3269 914 3318 esse
937 3244 1157 3317 Samosateni
1206 3241 1304 3334 Quia
1326 3244 1383 3314 lex
1403 3246 1526 3316 divina
1549 3259 1584 3318 et
1599 3249 1764 3342 politicae
1778 3256 1945 3344 potestati
1975 3269 2013 3326 et
2036 3253 2185 3327 doctori-

176 3345 361 3436 impietati.
410 3345 522 3436 Negat
543 3362 660 3419 autem
682 3348 795 3439 reipsa
816 3345 929 3417 lilium
952 3370 1026 3418 esse
1042 3351 1087 3419 de
1103 3372 1158 3419 es·
1206 3347 1274 3416 bus
1289 3345 1462 3440 praecipit
1480 3349 1606 3421 tollere
1630 3347 1865 3447 blasphemias
1886 3372 1924 3430 et
1941 3358 2059 3430 idola.
2105 3352 2185 3426 Com

56 3489 61 3498 ι
177 3448 289 3517 sentia
312 3447 439 3537 patris,
471 3463 507 3521 et
529 3450 829 3542 omnipotentem,
869 3444 953 3544 quia
975 3451 1063 3523 dicit
1085 3474 1158 3524 esse
1206 3448 1316 3539 igitur
1338 3449 1485 3521 dissidia
1508 3450 1693 3541 oriuntur,
1734 3457 1840 3528 etiam
1862 3460 2017 3551 politica
2048 3473 2187 3554 potestas

179 3547 216 3629 ἐξ
229 3545 298 3622 οὐκ
313 3546 447 3623 ὄντων.
1207 3565 1305 3622 curet
1317 3551 1511 3642 legitimam
1526 3556 1765 3646 cognitionem
1780 3559 1939 3643 institui,
1970 3563 2012 3633 in
2037 3588 2106 3660 qua
2129 3563 2185 3632 do-

279 3649 337 3719 Pii
351 3667 595 3742 opposuerunt
609 3665 714 3746 caput
728 3653 884 3745 primum
898 3648 1081 3740 iohannis,
1095 3654 1159 3726 ubi
1202 3666 1320 3757 ‚ctores
1344 3668 1379 3724 et
1401 3653 1471 3725 alia
1493 3659 1652 3729 membra
1673 3655 1850 3733 Ecclesiae
1874 3662 2033 3754 idonea,
2075 3681 2110 3738 et
2128 3662 2185 3758 ipsi

179 3750 328 3825 dicitnr:
370 3747 435 3824 ani
463 3747 629 3848 θεὸςῆν
660 3749 680 3827 ὁ
706 3748 825 3852 λόγος.
877 3752 966 3827 Item
993 3756 1088 3828 dicta
1114 3758 1159 3828 de
1208 3755 1405 3848 principes,
1439 3779 1479 3827 re
1499 3756 1693 3853 inquisita,
1726 3763 1847 3838 dicant
1872 3788 1958 3838 suas
1990 3769 2185 3842 sententias.

178 3853 437 3946 omnipotentia
458 3855 542 3943 filii,
567 3869 608 3928 ut
629 3880 711 3928 mox
732 3853 904 3928 Iohannis
928 3857 1045 3950 primo
1069 3860 1159 3930 dici·
1208 3855 1303 3948 Quia
1328 3856 1502 3930 iudicium
1527 3861 1620 3933 illud
1641 3887 1716 3934 non
1739 3879 1791 3938 est
1817 3868 1927 3940 unius
1952 3874 2108 3962 gradus,
2137 3872 2188 3940 sed

180 3969 259 4026 tur:
297 3950 432 4028 Omnia
455 3958 655 4052 peripsum
677 3959 768 4030 lacta
791 3974 886 4033 sunt.
939 3957 1046 4032 ltem:
1080 3959 1158 4051 Ego
1207 3959 1370 4029 omnium
1387 3962 1632 4037 membrorum
1645 3961 1835 4056 Ecclesiae,
1858 3995 1952 4066 quae
1968 3991 2058 4048 sunt
2072 3977 2187 4046 idonea

180 4058 290 4128 vitam
309 4069 486 4130 aeternam
507 4062 554 4131 do
576 4061 638 4130 eis.
689 4055 753 4132 Et:
780 4061 867 4133 Sine
882 4084 938 4131 me
951 4057 1045 4133 nihil
1060 4077 1160 4157 pote·
1206 4062 1251 4132 ad
1266 4062 1511 4140 iudicandum.
1561 4064 1686 4140 Postea
1702 4094 1782 4141 cum
1797 4073 1927 4144 veritas
1944 4080 2123 4169 patefacta
2137 4090 2188 4161 est,

180 4161 242 4228 stis
257 4160 382 4234 iacere.
432 4158 607 4233 Matthaei
632 4160 706 4233 1t.:
740 4159 954 4258 Ubicunque
978 4179 1060 4236 sunt
1086 4167 1159 4237 duo
1207 4163 1267 4235 liat
1295 4166 1498 4258 exequutio.
1559 4166 1732 4243 Doctores
1764 4175 1920 4247 refutent
1955 4193 1993 4250 et
2025 4182 2187 4250 damnent

181 4273 244 4330 aot
269 4272 338 4331 tres
360 4264 559 4353 congregati
586 4263 625 4333 in
646 4264 792 4334 nomine
813 4288 910 4351 meo,
941 4266 992 4337 ibi
1017 4291 1095 4338 sum
1120 4269 1157 4337 in
1206 4261 1454 4359 blasphemias.
1506 4268 1663 4343 Potestas
1683 4276 1828 4368 politica
1857 4274 2055 4370 prohibeat
2084 4298 2187 4354 exter·

182 4361 300 4431 medio
326 4384 461 4433 eornm.
511 4362 644 4437 Adesse
663 4365 816 4459 ubique,
839 4368 1006 4439 exaudire
1029 4371 1158 4461 etopi-
1207 4391 1288 4438 nam
1306 4368 1560 4459 professionem
1576 4375 1734 4466 impiam,
1757 4394 1938 4454 removeat
1956 4381 2186 4479 blasphemos

182 4462 289 4533 tulari
305 4464 437 4558 ubique
453 4468 595 4557 propria
612 4482 695 4538 sunt
716 4468 859 4538 divinae
877 4482 1037 4541 naturae.
1088 4469 1158 4543 Co-
1206 4493 1252 4540 ne
1270 4471 1368 4539 virus
1384 4495 1486 4542 suum
1504 4476 1637 4548 adflent
1654 4478 1746 4550 aliis.
1856 4515 1860 4521 ·

181 4565 380 4641 lossen.1.:
405 4561 540 4638 Omnia
557 4569 752 4661 peripsum
769 4584 804 4640 et
827 4570 865 4639 in
880 4573 996 4662 ipsum
1014 4573 1157 4644 condita
1308 4569 1411 4643 Hanc
1441 4579 1652 4651 sententiam
1675 4584 1898 4656 verissimam
1929 4611 2008 4659 esse
2030 4615 2109 4662 non
2130 4594 2184 4661 do-

181 4682 283 4751 sunt,
309 4683 343 4740 et
364 4669 484 4740 omnia
507 4692 572 4764 per
590 4693 670 4740 eum
693 4672 902 4745 consistunt.
952 4668 1157 4748 Ebrae.1.:
1206 4672 1306 4744 bium
1337 4689 1401 4746 est.
1452 4672 1500 4750 Et
1529 4681 1660 4769 singuli
1682 4685 1858 4779 principes
1889 4688 1929 4758 in
1961 4715 2028 4763 sua
2059 4695 2183 4765 ditione

179 4764 250 4839 Per
270 4795 374 4864 quem
396 4785 431 4842 et
452 4773 568 4843 secula
590 4771 694 4857 fecit,
719 4773 781 4866 qui
806 4788 858 4845 est
881 4774 1000 4864 fulgor
1015 4777 1160 4864 gloriae,
1206 4776 1302 4868 piam
1327 4781 1555 4851 concordiam
1577 4779 1646 4854 hoc
1667 4789 1775 4856 modo
1796 4802 1978 4867 tueantur.
2033 4793 2106 4867 Sed
2122 4818 2180 4865 ooo

181 4882 216 4941 et
231 4870 360 4962 effigies
375 4873 590 4945 substantiae
604 4872 681 4946 eius
696 4887 893 4947 sustentans
909 4878 1041 4947 omnia.
1093 4877 1159 4949 Di·
1205 4878 1362 4948 serviant
1389 4881 1515 4952 alienis
1541 4885 1651 4955 odiis:
1687 4885 1760 4958 Nec
1788 4891 1867 4960 sine
1894 4893 1954 4983 pia
1987 4899 2179 4988 cognitione

181 4984 236 5042 cta
253 4976 360 5046 etiarn
376 4976 420 5044 de
435 4975 658 5049 invocatione
676 4988 850 5048 testantur
863 4978 976 5047 filiam
993 4980 1158 5071 omnipo·
1206 4979 1343 5069 gladios
1365 4983 1557 5074 stringant:
1588 4989 1648 5056 sed
1672 4991 1818 5062 audiant
1840 5005 2024 5090 utranque
2047 5014 2178 5092 partem

179 5087 311 5147 tentem
334 5099 422 5161 esse,
448 5077 539 5150 sicot
557 5073 715 5150 Ecclesia
740 5101 877 5171 semper
898 5079 1008 5152 dixit:
1029 5077 1159 5179 χρίστε
1206 5079 1405 5154 sicotDeus
1419 5109 1521 5175 saepe
1537 5091 1724 5181 praecepit.
1773 5090 1820 5163 Et
1836 5095 2084 5172 iuramentum
2098 5099 2177 5172 Atti·

180 5173 335 5271 ἐλέησον.
1206 5207 1285 5254 cum
1302 5196 1392 5255 erat:
1417 5183 1555 5278 ὁμοίως
1565 5185 1710 5287 ἀμφοῖν
1723 5189 1951 5287 ἀκροᾶσθαι,
1967 5214 2004 5273 et
2020 5205 2094 5276 sint
2108 5226 2175 5272 nor.

280 5280 383 5351 Talia
415 5278 622 5353 testimonia
638 5282 711 5354 sint
738 5280 778 5352 in
810 5296 1015 5376 conspectu,
1055 5297 1089 5355 et
1118 5283 1158 5353 in
1206 5309 1285 5354 mae
1315 5286 1438 5359 iudicii
1468 5291 1596 5384 scripta
1627 5290 1833 5389 prophetica
1864 5312 1900 5372 et
1929 5308 2125 5396 apostoliea
2149 5315 2174 5372 et

181 5382 387 5475 quotidiana
400 5384 624 5458 invocatione
638 5385 851 5477 cogitentur.
891 5387 944 5458 Ac
959 5385 1155 5459 confirmati
1179 5466 1182 5471 ⁴
1205 5386 1386 5484 Symbola.
