4680 6038
60 245 139 320 tas
776 241 935 322 DECL.
969 238 1044 319 DE
1075 239 1385 323 conruuto.
1722 250 1726 258 ’
2013 268 2085 341 134

61 442 139 491 non
170 416 344 512 pertinet,
378 382 495 489 tamen
528 431 723 492 memoratu
750 417 956 510 dignissima
985 430 1046 489 est.
1067 415 1072 439 '
1094 418 1209 511 regio,
1234 442 1308 488 non
1323 431 1417 492 aetas
1438 419 1511 492 ulla
1528 400 1643 494 severi
1656 424 1779 498 iudicii
1795 433 1980 526 exemplis,
2006 462 2082 511 non

60 519 304 610 Interrogatus
325 520 420 589 enim
443 543 548 614 quem
574 534 711 613 caperet
733 522 887 591 fructum
909 521 1047 612 praeci·
1095 522 1223 592 domus
1237 522 1310 592 ulla
1328 524 1433 595 caret.

61 647 174 714 puum
196 617 303 692 buius
327 633 445 693 tantae
468 623 620 712 gloriae,
644 635 678 692 et
698 647 817 694 rerum
841 645 911 693 ase
933 637 1046 711 gesta·
1197 620 1403 705 intueamur
1422 637 1538 696 autem
1562 621 1757 701 horrendas
1781 632 1973 708 libidinum
1992 664 2078 733 poe-

62 748 159 804 rum,
187 723 386 815 respondit:
422 722 529 794 Hunc
545 744 657 794 nuum
681 737 715 796 et
738 722 1046 811 iucundissimum,
1095 747 1158 793 uas
1173 736 1338 818 tanquam
1356 728 1541 796 conciones
1558 730 1601 798 dc
1618 732 1774 803 castitate
1790 748 1824 807 et
1846 737 1983 812 iusticia
1998 741 2077 829 Dei,

60 827 158 920 quod
172 839 335 917 parentes
349 848 431 895 suae
446 825 605 911 virtutis,
628 839 662 898 et
677 827 809 917 gloriae
824 832 1044 923 spectatores,
1095 839 1129 896 et
1151 827 1351 898 testimonia
1373 828 1565 899 voluntatis
1597 832 1757 920 divinae,
1789 838 1845 907 cui
1874 858 2076 917 reverenter

61 940 95 998 et
109 926 361 1020 approbatores
378 923 533 1001 baberet.
1094 929 1320 1010 obediamus,
1346 941 1379 998 et
1395 930 1544 1000 sciamus
1566 956 1646 1002 cum
1668 929 1734 1005 bac
1750 939 1948 1012 obedientia
1966 945 2005 1013 in
2023 947 2075 1016 le-

144 1025 267 1097 Multo
281 1022 340 1097 bic
355 1029 591 1120 praestantior
604 1042 641 1101 'et
661 1027 819 1101 foelicior
832 1029 921 1100 duce
935 1028 1043 1120 Spar·
1094 1030 1216 1120 gitimo
1236 1043 1269 1099 ot
1289 1044 1383 1100 casto
1400 1031 1564 1120 coniugio
1586 1035 1654 1104 coli
1670 1037 1776 1123 velle,
1802 1053 1836 1110 et
1849 1044 1974 1115 maiori
1991 1071 2073 1117 cura

61 1145 141 1203 tano
155 1124 352 1213 Pausania,
375 1131 438 1222 qui
458 1145 604 1217 matrem
620 1156 694 1202 uon
716 1154 799 1201 suae
822 1132 956 1215 laudis,
981 1131 1042 1200 scd
1094 1131 1245 1202 vitemus
1270 1126 1356 1201 hacc
1382 1133 1511 1202 scelera
1532 1148 1565 1204 et
1585 1135 1818 1225 calamitates,
1843 1167 1931 1236 quae
1946 1149 2073 1218 ordine

60 1229 340 1322 turpitudinis'et
355 1231 521 1309 infamiae
535 1233 772 1324 spectatricem
789 1228 925 1304 babuit.
951 1230 1042 1303 Cum
1093 1232 1267 1304 divinitus
1282 1233 1416 1303 sancito
1435 1234 1587 1325 pollutos
1600 1253 1807 1330 sequuntur.

60 1333 154 1404 enim
169 1329 359 1426 Byzantio,
386 1356 475 1425 quae
497 1358 592 1404 nranc
608 1333 937 1425 Constantinopolis
951 1333 1042 1402 dici·
1194 1334 1332 1425 Sparsit
1353 1330 1449 1405 Deus
1474 1336 1577 1405 etiam
1607 1338 1646 1406 in
1675 1341 1867 1412 animantia
1899 1349 2071 1438 quaedam

62 1449 129 1519 tur,
156 1434 364 1526 praefectus,
387 1429 524 1504 bonesti
540 1436 626 1506 civis
642 1437 750 1506 tiliam
767 1436 802 1505 vi
818 1450 950 1526 raptam
967 1450 1042 1505 stu·
1092 1432 1303 1506 simulachra
1320 1436 1486 1508 castitatis
1501 1438 1712 1528 coniugalis,
1738 1455 1779 1512 ut
1793 1444 1976 1516 columbae
1997 1472 2072 1518 non
2197 1462 2203 1477 ⁴

60 1548 204 1631 presset,
231 1547 264 1604 et
281 1547 399 1626 postea
416 1535 655 1622 interfecisset,
676 1539 713 1606 in
728 1538 861 1607 somnis
877 1538 909 1605 ei
925 1539 1040 1624 imago
1092 1538 1304 1630 copulantur
1333 1539 1517 1630 pluribus,
1556 1562 1672 1633 neque
1703 1545 1869 1614 deserunt
1896 1548 2074 1649 coniuges³

59 1658 208 1730 poenam
232 1629 301 1704 boc
322 1637 495 1707 versiculo
510 1639 669 1709 minitata
693 1653 759 1710 est:
787 1641 919 1731 Στεῖχε
938 1634 1042 1730 δίκης
1092 1640 1160 1709 nisi
1181 1639 1271 1710 alter
1294 1632 1423 1710 viduus
1444 1652 1505 1710 aut
1529 1640 1635 1711 vidua
1662 1643 1731 1713 fiat.
1792 1641 1888 1716 llaec
1915 1649 2071 1722 fortassis

60 1731 178 1810 donor
210 1729 313 1827 μάλα
352 1733 398 1830 δὴ
433 1735 551 1812 κακὸν
584 1733 768 1834 ἀνδράσιν
802 1737 922 1835 ὑβρὶς.
982 1737 1039 1810 Ad
1091 1742 1208 1836 aliqua
1223 1764 1324 1810 causa
1341 1755 1411 1823 est,
1436 1765 1500 1812 cur
1523 1742 1560 1810 in
1577 1744 1653 1832 lege
1669 1741 1781 1814 Mosis
1802 1770 1992 1837 puerperae
2008 1776 2072 1843 par

59 1860 208 1933 poenam
233 1861 403 1930 propera,
434 1863 602 1930 magnum
629 1843 760 1912 iniuria
785 1845 953 1912 damnum
979 1854 1041 1915 est.
1091 1844 1335 1913 columbarum
1360 1843 1416 1912 vel
1441 1855 1620 1914 turturum
1643 1842 1719 1914 Deo
1743 1846 1903 1922 offerant.
1961 1847 2009 1922 Et
2032 1853 2071 1921 in

59 1940 183 2015 Postea
198 1936 411 2034 Byzantium
433 1942 541 2012 eiecto
565 1941 737 2014 Pausania
759 1968 795 2013 se
811 1938 1040 2013 Atheniensi·
1090 1946 1289 2037 sapientum
1312 1944 1459 2036 picturis
1479 1944 1661 2015 columbae
1677 1970 1819 2018 currum
1838 1947 1985 2021 Veneris
1999 1966 2073 2024 tra·

59 2044 122 2113 bns
142 2041 313 2117 subiecit..
361 2039 439 2135 lpse
458 2068 543 2113 vero
558 2069 760 2138 quanquam
783 2046 885 2115 initio
909 2044 1041 2133 glorio·
1091 2042 1174 2116 bere
1196 2047 1395 2135 finguntur,
1420 2045 1502 2137 quia
1521 2046 1714 2117 foecundae
1734 2063 1835 2133 sunt,
1861 2062 1894 2120 et
1915 2054 2071 2144 coniugii

60 2144 215 2215 sissimus
235 2142 367 2228 fuerat,
392 2157 428 2214 ct
442 2143 672 2216 Mardonium
697 2150 739 2215 ad
761 2147 892 2237 plateas
908 2146 1039 2215 victum
1090 2148 1167 2217 iura
1190 2160 1340 2216 servant.
1392 2145 1560 2216 Tuentur
1578 2149 1655 2217 iura
1679 2149 1835 2238 coniugii
1858 2152 1962 2221 etiam
1977 2151 2071 2249 Ceyx

60 2271 97 2318 ex
116 2242 271 2316 Graecia
295 2246 495 2337 pepulerat,
522 2260 641 2317 tamen
664 2247 806 2317 nefariis
830 2247 1041 2318 libidinibus
1090 2265 1124 2320 et
1146 2247 1328 2342 Halcyon,
1362 2248 1406 2316 de
1436 2247 1566 2341 quibus
1596 2249 1755 2320 scribunt
1783 2251 1893 2321 altero
1923 2255 2072 2345 coniuge

61 2361 91 2418 et
120 2346 204 2417 aliis
235 2347 426 2418 sceleribus
458 2350 631 2440 pollutus,
672 2363 791 2440 postea
824 2350 915 2418 fame
949 2348 1041 2417 mori
1090 2363 1255 2433 mortuo,
1282 2350 1432 2418 alterum
1467 2350 1651 2439 praeluctu
1679 2350 1847 2441 extingui.
1904 2350 2072 2425 Ciconiae

61 2456 197 2521 coactns
216 2461 279 2518 est.
327 2446 420 2519 Cum
441 2450 536 2519 cuim
558 2452 744 2522 damnatus
763 2452 808 2522 ab
824 2447 979 2542 proris
1002 2452 1039 2516 in
1090 2452 1212 2522 rostris
1235 2451 1403 2520 occidunt
1423 2450 1612 2519 adulteros.
1671 2447 1824 2544 Aquilae
1848 2475 1933 2524 suos
1956 2458 2072 2546 pullos

60 2550 225 2621 sacellum
245 2546 652 2643 Palladisprofugisset,
678 2555 774 2622 nude
798 2575 878 2622 cnm
904 2546 1041 2621 extrahi
1091 2555 1130 2623 in
1160 2551 1270 2623 solem
1298 2553 1485 2622 adversum
1515 2566 1714 2644 exponunt,
1753 2554 1991 2644 explorantes,
2024 2582 2072 2627 an

60 2675 131 2722 non
164 2651 313 2736 licebat,
351 2653 471 2722 sacelli
502 2653 596 2722 fores
628 2654 808 2745 lapidibus
839 2653 1040 2735 obstructae
1091 2654 1226 2747 proprii
1248 2653 1304 2722 vel
1324 2651 1436 2744 spurii
1457 2652 1540 2728 sint.
1590 2651 1686 2722 Haec
1710 2653 1852 2743 vestigia
1873 2654 1970 2726 Deus
1990 2658 2072 2728 ideo

58 2766 154 2837 sunt,
176 2766 214 2825 et
226 2766 339 2823 mater
352 2752 462 2844 ipsius
476 2749 620 2844 Argelia
635 2755 790 2848 primum
805 2754 960 2846 lapidem
976 2755 1041 2825 ad·
1090 2758 1127 2826 in
1143 2769 1286 2825 naturas
1307 2754 1540 2824 animantium
1559 2753 1753 2844 impressit,
1780 2769 1820 2825 ut
1838 2779 1902 2825 nos
1919 2761 1962 2826 ad
1987 2759 2074 2830 casti

57 2854 186 2950 posuit.
236 2851 294 2925 lbi
307 2855 399 2925 fame
417 2856 590 2927 extinctus
605 2872 666 2931 est.
1090 2855 1245 2948 coniugii
1260 2857 1365 2927 decus
1381 2856 1555 2926 tuendum
1570 2854 1774 2941 invitarent,
1794 2871 1829 2928 et
1842 2880 1862 2927 a
1877 2859 1972 2948 vagis
1987 2859 2073 2932 libi-

157 2953 278 3027 Mnlta
299 2980 437 3049 possem
453 2958 612 3030 virorum
635 2958 806 3051 ingeniis,
830 2960 992 3030 doctrina
1007 2971 1041 3028 et
1089 2961 1234 3047 dinibus
1250 2959 1476 3029 deterrerent.
1983 2953 1984 2957 ’

57 3058 245 3132 nobilitate
262 3062 515 3152 praestantium
530 3063 687 3153 exenapla
703 3076 819 3131 vetera
834 3074 869 3131 ct
888 3059 1040 3130 recentia
1191 3059 1262 3133 Sed
1278 3061 1405 3130 accedo
1428 3060 1571 3130 tandem
1588 3062 1633 3130 ad
1649 3060 1967 3153 splendidissimam
1984 3087 2072 3134 con-

56 3184 350 3247 commemorare,
373 3163 503 3254 quibus
517 3165 663 3234 exitium
680 3186 786 3252 vagae
805 3163 973 3233 libidines
988 3175 1042 3231 at·
1091 3163 1178 3254 iugii
1199 3161 1457 3241 laudationem,
1483 3185 1572 3255 quae
1593 3161 1738 3233 aPaulo
1754 3163 1894 3254 copiose
1916 3163 2074 3235 illustra*

56 3264 236 3350 tulerunt..
285 3261 457 3333 fortassis
472 3265 592 3357 ¹aliqui
614 3288 713 3334 senes
734 3259 850 3333 adhuc
869 3264 1040 3331 memine·
1091 3279 1160 3338 tur.
1212 3258 1277 3333 Est
1290 3261 1385 3331 enim
1402 3261 1605 3351 coniugium
1622 3262 1737 3351 imago
1759 3264 1856 3334 illius
1871 3263 2073 3333 admirandi

55 3379 138 3438 runt
158 3375 360 3437 conventus
375 3362 615 3448 Coloniensis,
642 3365 751 3436 coacti
766 3366 810 3435 ab
828 3362 1043 3454 lmperatore
1091 3364 1263 3444 foederis,
1296 3386 1366 3456 quo
1388 3357 1551 3432 Christus
1573 3361 1641 3431 sibi
1664 3358 1857 3433 Ecclesiam
1881 3364 2072 3455 copulavit,

56 3465 319 3550 Muimiliano,
335 3462 551 3539 auu01505.
569 3470 614 3536 ad
630 3491 748 3562 quem,
763 3490 841 3536 cum
857 3465 919 3534 alii
937 3464 1041 3534 Prin·
1090 3490 1131 3537 ac
1146 3462 1437 3536 commonefactio
1453 3463 1498 3533 de
1511 3485 1649 3534 summo
1664 3477 1697 3535 et
1712 3464 1943 3536 inenarrabili
1953 3488 2074 3536 amore

56 3569 149 3661 cipes
162 3566 292 3649 multi,
318 3581 395 3647 tum
411 3593 495 3638 vero
510 3569 615 3638 ctiam
632 3567 779 3639 lacobus
792 3561 955 3637 Marchio
971 3563 1042 3635 Ba·
1090 3567 1171 3649 Dei,
1197 3591 1267 3660 quo
1282 3587 1447 3658 sponsam
1461 3588 1559 3636 suam
1573 3560 1767 3636 Ecclesiam
1785 3566 2040 3658 complectitur.

55 3670 194 3754 denam,
228 3681 264 3739 et
288 3664 486 3760 Episcopi!
510 3668 734 3739 Trevirensis
758 3668 919 3752 accessit,
942 3668 1042 3737 cuius
1193 3667 1327 3738 Lucere
1343 3677 1461 3737 autem
1476 3667 1570 3737 inter
1590 3690 1758 3757 sponsum
1781 3679 1815 3739 et
1829 3690 2014 3760 sponsam,
2040 3682 2075 3741 et

55 3786 197 3845 tanturn
222 3769 292 3841 fnit
320 3771 523 3861 ingenium,
557 3784 721 3865 tantaque
745 3769 969 3862 eloquentia,
1002 3781 1044 3839 ut
1093 3770 1131 3840 in
1153 3769 1253 3841 omni
1277 3768 1335 3858 pio
1361 3791 1400 3837 ac
1424 3783 1517 3838 casto
1543 3768 1706 3858 coniugio
1730 3763 1816 3839 haec
1838 3770 1996 3863 quinque
2010 3771 2074 3840 de·

58 3873 154 3945 idem
166 3868 308 3967 Legatis
323 3870 674 3963 pcintificiislaatine,
700 3866 923 3943 Germanicis
948 3867 1042 3939 Ger·
1092 3873 1189 3947 bent.
1239 3869 1362 3938 Primo
1377 3892 1479 3938 amor
1495 3882 1656 3952 mutuus,
1683 3892 1804 3954 verus,
1828 3873 1972 3956 ardens,
1997 3873 2073 3940 siu-

58 3972 216 4059 manice,
242 3970 391 4044 Gallicis
419 3971 576 4058 Gallice,
604 3973 747 4044 Venetis
771 3971 891 4043 ltalice
918 3995 1042 4064 magna
1092 3996 1212 4056 cerus,
1244 3970 1378 4055 suavis,
1411 3965 1502 4037 nibil
1535 3964 1670 4038 babens
1691 3968 1947 4056 simulationis,
1979 3968 2074 4041 nibil

59 4098 144 4146 cnm
158 4074 262 4147 laude
283 4089 318 4146 et
342 4074 574 4145 admiratione
591 4075 823 4167 responderit.
874 4071 909 4143 ls
924 4085 1043 4164 postea
1093 4072 1320 4165 suspicionis,
1346 4067 1437 4140 nibil
1461 4069 1692 4149 morositatis,
1718 4070 1953 4155 diffidentiae,
1977 4073 2076 4142 fasti-

58 4200 125 4271 pcr
148 4175 264 4268 ripam
289 4171 411 4248 Rheni
431 4178 641 4259 ascendens,
674 4174 921 4247 Confluentiae
944 4198 963 4243 a
984 4198 1044 4245 su·
1094 4176 1167 4256 dii,
1193 4173 1395 4264 superbiae,
1422 4172 1460 4240 in
1476 4195 1547 4264 quo
1569 4193 1688 4239 amore
1704 4182 1828 4241 mutuo
1842 4173 2076 4266 acquiescant,

59 4292 136 4374 tore
154 4279 312 4373 quodam
336 4272 576 4371 deprehensus
600 4279 693 4368 apud
725 4277 909 4367 coniugem
934 4274 1045 4345 iuter·
1095 4291 1129 4348 et
1156 4290 1304 4369 uterque
1332 4275 1417 4343 velit
1440 4271 1543 4342 alteri
1574 4271 1664 4351 bene
1692 4293 1777 4343 esse.
1828 4268 1967 4344 Deinde
1991 4275 2077 4345 fides

58 4380 170 4452 fectus
190 4392 255 4450 est.
305 4376 539 4450 Meminimus
563 4379 669 4450 etiam
689 4377 864 4461 Comitem
888 4377 1046 4467 ingenio,
1096 4376 1300 4466 coniugalis.
1351 4373 1476 4445 Postea
1499 4372 1820 4473 societasomnium
1845 4375 2079 4446 bonorumet

60 4480 280 4567 eruditione,
313 4481 507 4562 industria,
541 4494 575 4553 et
598 4482 667 4551 fide
690 4481 729 4550 in
757 4481 862 4550 rebus
885 4478 1046 4569 gerendis
1096 4501 1365 4557 aerumnarum,
1392 4488 1467 4545 tum
1484 4473 1673 4563 generatio.
1711 4472 1894 4546 Postremo
1909 4475 2080 4547 defensio.

60 4583 346 4671 excellentemin
362 4581 472 4653 simili
487 4605 604 4653 casua
625 4582 808 4652 scriniario
830 4606 894 4653 suo
908 4580 1046 4649 confos·
1196 4577 1273 4648 Hae
1295 4577 1452 4671 quinque
1475 4600 1548 4654 res,
1573 4598 1661 4669 quas
1677 4575 1804 4646 merito
1829 4601 1955 4649 nervos
1973 4593 2079 4672 atque

62 4710 139 4756 snm
162 4684 350 4757 interiisse.
410 4683 551 4756 Scimus
571 4697 702 4779 quanta
732 4684 839 4753 fuerit
861 4678 1047 4770 Dalburgii
1098 4696 1193 4753 artus
1210 4678 1365 4767 coniugii
1388 4676 1574 4745 nominare
1591 4699 1796 4768 possumus,
1822 4677 1860 4748 iu
1875 4680 1948 4748 filio
1963 4677 2030 4749 Dei
2044 4690 2081 4748 ct

63 4786 293 4875 vangionum
326 4782 512 4876 Episcopi,
551 4785 611 4878 qui
640 4779 838 4873 Rudolplto
862 4782 1048 4870 Agricolae
1099 4778 1253 4854 Ecclesia
1279 4779 1388 4849 simili
1415 4779 1556 4848 foedere
1582 4776 1752 4868 copulatis
1780 4778 2001 4868 potissimum
2026 4779 2083 4847 lu-

61 4888 248 4959 familiaris
262 4887 349 4973 fuit,
373 4887 532 4957 doctrina
547 4910 587 4956 ac
601 4886 800 4978 eloquentia
817 4896 852 4955 et
869 4883 1050 4954 autoritas.
1098 4896 1180 4954 cent
1207 4897 1241 4954 et
1270 4880 1548 4972 conspiciuntur.
1601 4876 1650 4950 Ut
1675 4877 1771 4946 euim
1794 4902 1835 4949 ex
1857 4877 1974 4950 Adam
1998 4881 2084 4950 dor-

63 4986 371 5078 lsHeidelbergae
395 4988 433 5056 in
458 4989 560 5058 aedes
583 4987 763 5058 adulterae
785 4986 987 5075 ingrediens
1011 4984 1050 5052 in
1099 4985 1242 5054 mientis
1263 4983 1371 5053 latere
1394 4980 1597 5051 aedificatur
1611 4978 1759 5062 mulier,
1783 5004 1873 5075 quae
1888 5004 1969 5050 cum
1984 4981 2029 5050 sit
2045 5002 2085 5050 os

62 5091 191 5161 cellam
206 5091 357 5173 decidit,
383 5112 423 5157 ac
446 5089 563 5157 statim
586 5089 760 5159 extinctn‘s
778 5101 840 5158 cst.
890 5085 961 5156 Sed
979 5098 1050 5155 tam
1101 5110 1142 5156 cx
1158 5086 1295 5154 ossibus
1307 5083 1393 5166 eius,
1419 5095 1453 5152 ct
1467 5104 1548 5150 caro
1564 5083 1609 5150 de
1624 5102 1730 5150 carne
1745 5080 1834 5167 eius,
1858 5082 1907 5152 ita
1921 5095 2014 5152 arcte
2030 5080 2087 5151 illi

62 5191 184 5263 tristes
211 5213 433 5261 summorum
461 5188 619 5259 virorum
645 5188 810 5265 interitus
839 5185 1052 5271 meminisse,
1101 5187 1306 5279 copulatur,
1329 5196 1370 5253 ut
1385 5182 1457 5252 sint
1473 5204 1545 5252 una
1559 5204 1653 5263 caro,
1677 5178 1830 5277 ideoque
1844 5181 2088 5254 ardentissime

62 5290 189 5364 horret
202 5292 363 5374 animus,
387 5292 556 5383 luctuque
570 5291 709 5380 refugit.
760 5287 882 5378 Quare
902 5310 976 5356 non
995 5310 1053 5356 re-
1101 5310 1176 5357 sese
1190 5299 1314 5356 mutuo
1330 5298 1499 5377 tanquam
1520 5283 1654 5374 scipsos
1669 5282 1837 5373 diligant,
1862 5284 1908 5354 ita
1924 5307 1965 5352 cx
1983 5282 2090 5354 latere

63 5394 186 5466 citabo
204 5393 321 5488 plura.
380 5391 574 5483 Verissime
597 5392 712 5479 enim,
744 5413 820 5462 non
840 5390 944 5473 urbs,
976 5411 1051 5459 non
1099 5383 1238 5460 Christi
1250 5383 1546 5553 obdormiquntis
1559 5384 1599 5453 in
1615 5406 1718 5456 cruce
1734 5396 1923 5476 promanat
1938 5386 2092 5475 sanguis,
