4680 6038
69 182 144 269 scs
261 164 275 178 ‘
622 185 651 263 t.
704 186 999 273 cunourcou
1029 183 1278 267 cantens.
1331 190 1533 275 rans-n
2028 229 2103 309 92,

125 356 236 432 Auno
258 356 386 432 mundi
405 370 531 455 quater
552 358 761 450 millesimo,
785 363 1062 462 {quadragesimo
1113 362 1283 436 daeurum
1306 369 1479 441 tumultus
1500 372 1659 466 asperior
1674 373 1888 461 Christianis
1910 393 2023 473 iactus
2037 419 2100 488 est,

281 461 422 556 quium,
1112 489 1201 559 quus
1223 465 1353 557 passim
1376 469 1526 545 interfici
1549 474 1660 554 iussit.
1713 480 1809 560 llaec
1825 508 1904 582 post
1920 495 2099 578 Neronem

121 557 231 633 Anno
248 561 385 636 Romae
398 563 711 655 octingentesimo,
736 567 914 643 tricesimo
933 569 1050 644 tertio.
1110 567 1271 659 proxima
1292 576 1519 666 persequutio
1542 579 1580 647 in
1596 576 1816 660 Christianos
1835 617 2017 674 numerata
2033 585 2097 680 est

122 661 232 736 Auno
248 660 382 739 Christi
398 668 633 760 octuagesimo
649 669 765 746 tertio.
943 702 947 711 ¹
1110 668 1149 738 5¹¹
1179 693 1247 764 ‘1¹¹³
1279 684 1313 743 ²¹
1338 667 1530 749 ῙΟῘΜΜ
1558 674 1829 780 Εθαῦἕθίῖδία,
1870 722 1950 769 cum
1973 657 2098 779 Eccle:

1109 771 1197 840 siam
1214 767 1430 864 Ephesiuam
1447 782 1605 867 doceret,
1629 788 1802 881 relegatus
1818 799 1921 870 estin
1940 804 2095 882 insulam

1108 868 1299 950 Pathmon.

400 813 724 894 Domitianus.

169 968 419 1045 Domitianus
439 973 602 1047 successit
621 974 737 1050 fratri.
788 969 923 1047 Tenuit
943 973 1058 1071 impe·
1210 973 1303 1048 Cum
1328 991 1446 1050 autem
1466 978 1623 1060 Domitia
1645 991 1800 1066 coniunx
1825 1004 2010 1093 reperisset
2037 1036 2095 1084 ca·

66 1074 164 1147 rium
186 1098 301 1147 annus
320 1076 542 1171 quindecim,
567 1075 751 1148 dissimilis
774 1076 868 1169 patri
890 1089 924 1150 et
943 1078 1058 1167 fratri,
1108 1077 1262 1168 talugum
1295 1077 1640 1174 interficiendorum,
1677 1094 1846 1190 scriptum
1879 1103 1917 1173 iu
1947 1115 2096 1205 pagella,

66 1178 241 1264 crudelis,
272 1178 485 1260 occultam,
516 1177 700 1267 diffidens,
731 1177 910 1273 nuptm,
943 1193 978 1253 ,η
998 1181 1056 1251 in.
1106 1178 1146 1248 in
1169 1204 1241 1274 quo
1263 1194 1298 1253 et
1321 1182 1432 1273 ipsius
1453 1200 1488 1258 et
1508 1191 1703 1264 multorum
1725 1200 1921 1275 amicorum
1936 1224 1969 1281 et
1985 1211 2095 1285 liber-

67 1279 232 1365 sidiatur,
255 1281 428 1351 obscenus
444 1293 479 1351 et
495 1303 614 1374 rapax.
1105 1293 1224 1352 torum
1248 1283 1393 1355 nomina
1410 1304 1526 1362 erant:
1553 1316 1593 1363 re
1608 1295 1800 1373 deliberata
1817 1328 1897 1375 cum
1915 1307 2005 1399 iliis,
2030 1314 2094 1386 Li·

133 1372 136 1379 ·
168 1379 369 1454 Domitiani
391 1395 550 1475 ,empore
572 1381 705 1454 benum
728 1379 897 1453 ,dmm
918 1376 1055 1456 Roma.
1105 1382 1195 1483 berti
1212 1380 1457 1458 Domitianum
1476 1390 1736 1472 interfecerunt.
1788 1402 1860 1477 Sed
1876 1410 1979 1482 amici
1994 1417 2094 1505 prius

64 1505 134 1555 nus
149 1497 285 1556 mutum
303 1497 355 1556 est
368 1479 601 1571 aDccebalo‚
628 1483 689 1579 qui
704 1478 852 1554 Daciam
869 1498 904 1556 st
918 1484 1054 1558 vicinas
1104 1509 1184 1557 cum
1201 1479 1328 1560 Nerea
1347 1507 1515 1581 egerunt,
1548 1510 1588 1568 ut
1609 1497 1796 1591 imperium
1822 1507 1887 1580 illo
1909 1509 2092 1593 interfecto

63 1585 227 1677 region„
248 1587 364 1659 ωηιξη
383 1589 428 1659 „d
447 1585 589 1663 mmm,
640 1583 713 1658 Nec
734 1585 885 1657 dubium
902 1601 953 1686 est
968 1601 1054 1661 tunc
1104 1587 1292 1682 reciperet,
1317 1613 1363 1661 ne
1379 1591 1510 1667 milites
1523 1599 1734 1673 seditionem
1752 1627 1946 1690 moverent.

63 1684 232 1775 Dacium
245 1688 374 1762 dictam
389 1711 483 1773 esse,
509 1712 600 1784 qnae
614 1712 710 1760 nunc
724 1702 776 1763 est
790 1688 919 1782 partim
934 1688 1052 1762 Tran·
1518 1771 1526 1787 .
1629 1773 1637 1789 .

63 1791 241 1886 sylvam,
266 1791 396 1884 panim
413 1786 621 1863 machia·
792 1834 805 1844 r
1228 1753 1302 1831 De
1336 1763 1559 1859 Ecclesia
1591 1791 1697 1845 esus
1727 1780 1968 1871 temporie.

167 1893 290 1967 Virtus
305 1889 473 1965 Decebali
493 1889 647 1965 aDiune
669 1887 728 1964 his
743 1893 861 1964 verbis
877 1892 1051 1986 descripta
1173 1970 1180 1981 ,
1203 1887 1404 1967 Domitiani
1428 1913 1586 1993 tempure
1606 1911 1808 1998 superstites
1830 1916 1975 1994 inerunt
1997 1924 2036 1992 in
2052 1951 2110 1997 ca.
2156 1904 2164 1922 ’

65 2009 132 2067 est:
164 1991 294 2078 Δανὸς
314 1988 386 2088 μὲν
408 1996 575 2069 συνεῖναι
596 1991 769 2087 πολέμιαι
799 1988 921 2076 δεινὸς
934 2020 973 2066 τε
988 1991 1053 2069 καὶ
1075 2032 1080 2167 Ι
1103 2006 1202 2086 l’alle
1223 1995 1321 2066 ⁰¹bl⁸
1346 2009 1539 2090 leififflms
1564 2030 1654 2100 <1⁰³⁰
1676 2011 1780 2083 ¹¹⁰bl⁸
1796 2033 1940 2109 ΡΐῡΡίθῐ
1955 2022 2092 2099 Βθωδ·

63 2090 219 2193 πράξαν
244 2095 414 2170 ἐπελθεῖν
434 2096 627 2219 εὔσηοχοςε
654 2088 895 2193 ἀναχωρῆσαι
910 2091 1053 2193 καίριος
1102 2120 1189 2166 num
1206 2097 1394 2190 imperium
1408 2102 1794 2191 uotaest‚,Iutiannes
1809 2119 2091 2211 scriptorEvan.

10 2296 12 2301 Ι
63 2195 215 2294 ἐνέδρας
248 2194 433 2293 τεχνίτης,
471 2224 594 2293 μαχης
627 2191 802 2298 ἐργάτης,
838 2192 903 2271 καὶ
931 2204 1053 2282 καλῶς
1076 2218 1078 2301 j
1101 2198 1202 2289 gelii,
1229 2198 1292 2293 qui
1315 2215 1394 2298 post
1416 2208 1708 2281 resurrectionem
1721 2210 1855 2289 Christi
1873 2220 1959 2294 vixit
1976 2249 2091 2300 annos
2148 2266 2156 2290 x

61 2295 134 2392 μὲν
157 2296 242 2392 νίκη
256 2294 496 2396 χρήσασθαι,
533 2303 657 2382 κακῶς
678 2296 720 2375 δὲ
744 2296 809 2375 καὶ
830 2297 948 2396 η’τταν
969 2296 1052 2376 ‹itu-
1075 2346 1079 2417 η
1102 2300 1322 2393 septuaginta
1339 2304 1441 2380 duos.
1491 2305 1633 2382 Dicitur
1648 2314 1763 2402 enim,
1793 2343 1835 2389 ex
1853 2315 1917 2392 hac
1934 2324 2004 2396 vita
2027 2332 2089 2401 de-

61 2395 173 2473 (ίύναι
189 2397 306 2484 eidnec.
1075 2423 1078 2431 ’
1102 2401 1243 2473 cessisse
1258 2427 1355 2476 annu
1371 2420 1497 2501 quartu
1506 2407 1672 2500 Traiani,
1697 2413 1807 2489 Anno
1822 2417 1956 2495 Christi
1971 2445 2089 2503 cente-

167 2502 284 2575 Tanta
308 2502 421 2576 virtus
434 2527 515 2576 cum
532 2504 641 2578 fuerit
655 2501 840 2591 Decebali,
864 2503 1052 2579 Romanus
1101 2504 1192 2574 simo
1205 2508 1375 2591 secundo,
1402 2533 1498 2582 annu
1514 2514 1635 2585 aetatis
1650 2539 1733 2588 suae
1748 2525 1960 2612 octogesimo
1978 2554 2088 2605 nonu.

61 2604 218 2677 exercuit
239 2628 353 2677 annos
375 2605 515 2678 circiter
534 2608 706 2695 sedecim,
731 2620 766 2678 et
788 2606 847 2677 vix
868 2610 1051 2679 tandema
1203 2600 1352 2676 Simeon
1373 2609 1468 2681 filius
1493 2610 1665 2706 cleopae,
1691 2616 1888 2717 Episcopus
1912 2625 2089 2729 lerosoly-

61 2703 222 2777 mam,
252 2707 464 2798 imperato„
483 2693 598 2782 vtem,
619 2723 688 2795 esp,
722 2720 763 2779 ut
785 2708 877 2779 infra
901 2710 1049 2784 dicetur,
1100 2728 1200 2792 mae,
1225 2707 1431 2783 interiectus
1453 2725 1610 2805 tempore
1625 2715 1791 2805 Traiani,
1816 2749 1897 2798 cum
1918 2733 2090 2825 attigisset

59 2799 138 2880 Etsi
160 2822 277 2881 autem
292 2806 519 2880 Domitianus
541 2812 711 2883 adversus
726 2833 807 2881 eum
824 2811 975 2906 suscepit
990 2836 1050 2882 cx·
1100 2830 1236 2878 annum
1252 2811 1482 2884 centetlfflssm
1498 2815 1714 2891 VloeSlmum·

59 2900 295 3003 peditiunem,
328 2925 447 2983 nmen
479 2936 553 2982 non
583 2913 727 3003 accessit
748 2913 793 2983 ad
815 2908 956 2999 hostes,
988 2916 1049 2984 sed
1201 2906 1381 3005 Ignarus
1392 2910 1825 3011 EpiscopusAntiuchiae‚
1851 2931 1914 3024 qui
1927 2935 2089 3012 adfirmat

61 3012 201 3086 abdidit
225 3036 262 3084 se
281 3013 319 3083 in
343 3013 453 3085 lustra
472 3013 687 3101 libidinum,
712 3027 747 3085 et
767 3016 900 3087 multus
917 3016 1050 3087 amicus
1100 3034 1138 3080 se
1150 3007 1333 3084 Christum
1352 3028 1432 3107 Posi
1447 3021 1738 3093 resssffessllffl‘m
1758 3026 1897 3107 Vldliseo

59 3111 212 3188 interfici
235 3116 347 3189 iussit.
398 3112 764 3210 CumqueCFuscus
785 3118 1050 3188 missuscuntra
1202 3105 1845 3215 ClemensEpiscopusurbisRumae,
1872 3134 2088 3211 cuiusmen-

57 3211 278 3293 Decebalum
300 3241 381 3289 eum
403 3215 604 3309 legionibus
626 3217 822 3290 trucidatus
846 3232 954 3300 esset,
987 3243 1049 3312 pe·
1100 3214 1235 3285 tionem
1257 3216 1340 3289 iecit
1363 3216 1495 3291 Paulus
1518 3221 1556 3290 in
1578 3219 1739 3313 Epistola
1761 3232 1804 3299 ad
1828 3226 2089 3328 Philippenses.

58 3321 167 3393 cunia
196 3344 318 3413 pacem
348 3319 450 3403 emit,
481 3343 522 3391 ac
550 3318 657 3391 rediit
682 3314 984 3412 triumphaturus,
1015 3334 1050 3393 et
1098 3313 1147 3389 Et
1172 3312 1231 3387 hic
1253 3316 1403 3389 Traiani
1424 3335 1582 3416 tempore
1599 3321 1796 3417 Epistulam
1819 3334 1863 3403 ad
1881 3319 2096 3414 Corinthios¹

56 3424 190 3517 passim
204 3417 373 3515 trophaea
389 3421 556 3494 victoriae
570 3420 769 3494 collocavit.
804 3421 1048 3495 Poiitaeetiam
1099 3419 1258 3512 scripsit,
1291 3445 1397 3515 quam
1424 3422 1488 3494 din
1518 3421 1674 3499 Ecclesia
1695 3426 1964 3510 Corinthiorum
1996 3468 2089 3537 quo·

59 3526 146 3620 quia
167 3525 281 3596 videri
303 3548 377 3597 nun
400 3524 500 3596 rudis
523 3523 679 3617 poiticae
700 3523 836 3612 voluit,
860 3524 950 3597 fictis
969 3525 1048 3596 lau·
1099 3521 1218 3592 tannis
1234 3523 1387 3614 relegere
1403 3525 1507 3597 ⁸⁰lli³
1523 3541 1583 3602 ²⁵¹·
1612 3576 1615 3582 ·
2016 3554 2020 3565 ’

57 3627 167 3700 dibus
189 3641 364 3724 utrunque
386 3627 667 3720 expeditionem,
701 3626 858 3720 priorem
881 3629 1048 3699 adversus
1199 3617 1238 3692 T
1238 3620 1312 3695 5¹⁰⁸
1340 3625 1379 3695 5¹¹
1406 3624 1533 3714 Cretas
1563 3631 1625 3725 qul
1655 3632 1772 3724 ὃῑῑῖἕῖῑ
1801 3661 1934 3710 annum
1965 3649 2086 3718 malli

56 3724 197 3814 Cattos,
228 3744 263 3802 et
290 3729 521 3824 posteriorem
543 3741 669 3800 contra
693 3724 827 3817 Dacos,
858 3728 1047 3820 celebrant,
1098 3748 1182 3797 suae
1196 3727 1463 3814 nonagesimum
1478 3746 1655 3825 quartum.
1701 3731 1749 3807 Et
1764 3733 1820 3809 his
1834 3743 1993 3815 adiuncti
2008 3750 2087 3820 iue-

55 3845 98 3905 ut
111 3830 246 3907 Statius
261 3831 394 3927 inquit:
1015 3903 1016 3906 ,
1097 3842 1184 3901 runt
1203 3829 1308 3899 multi
1330 3853 1453 3902 eorum
1475 3834 1671 3918 auditores,
1705 3838 1767 3931 qui
1791 3866 1871 3911 cum
1894 3846 1944 3916 eis
1967 3848 2086 3921 iucur-

525 3937 622 4002 Frsna
635 3951 786 4004 tenentem
1097 3944 1238 4024 ruptam
1257 3929 1443 4022 Evangelii
1461 3936 1658 4007 doctrinam
1677 3939 1911 4025 retinuerunt.

210 4025 354 4125 lilsenus,
380 4055 410 4107 et
423 4044 543 4106 attoniti
555 4042 631 4106 vidit
645 4042 752 4105 dumus
765 4041 857 4104 ardua
869 4035 958 4111 Daci.
1197 4023 1429 4131 Polycarpus
1456 4037 1600 4107 auditur
1629 4034 1817 4128 Iohannis,
1862 4068 1985 4136 passus
2017 4055 2085 4122 sub

58 4137 166 4214 ltcm:
218 4144 258 4211 Et
273 4150 429 4210 coniurato
443 4146 573 4209 detectos
588 4149 698 4208 vertice
712 4142 822 4210 Dauus.
1096 4130 1222 4204 Marco
1245 4133 1431 4207 Antonino
1455 4131 1692 4230 Philosopho,
1716 4154 1752 4212 et
1776 4140 1870 4216 Vero
1888 4145 1980 4242 Imp.
2033 4153 2083 4225 Hi

158 4241 230 4318 Sed
262 4245 306 4314 de
335 4231 560 4335 expeditione
589 4242 629 4310 in
657 4236 889 4312 Germaniam
921 4252 1044 4312 contra
1095 4248 1130 4306 et
1151 4235 1285 4306 similes
1302 4237 1429 4320 multi,
1454 4251 1489 4309 et
1505 4240 1683 4313 auditores
1696 4266 1776 4314 cum
1791 4247 1842 4317 eis
1856 4255 2081 4326 consentien.

56 4343 178 4421 Cattos
193 4345 292 4418 Dion
314 4345 448 4439 inquit:
474 4342 656 4415 Proiectus
671 4343 709 4412 in
725 4339 973 4429 Germaniam,
997 4365 1045 4412 ne
1094 4350 1166 4423 tes,
1199 4338 1345 4410 fuerunt
1367 4363 1450 4411 vera
1470 4338 1538 4412 Dei
1559 4338 1727 4420 Ecclesia.
1784 4343 1834 4420 Et
1857 4343 1896 4420 hi
1920 4354 2081 4430 doctores

53 4449 200 4546 quidem
226 4448 421 4538 conspectis
443 4440 602 4517 hostibus
622 4444 737 4515 rediit.
787 4442 909 4516 Cattos
926 4456 1042 4515 autem
1095 4462 1184 4533 qnos
1208 4440 1410 4528 nominavi,
1436 4455 1539 4514 testes
1556 4457 1593 4516 et
1605 4446 1801 4521 adsertores
1816 4451 1962 4528 fuerunt
1977 4484 2079 4530 verae

52 4548 381 4627 tenuisseHassiam
396 4562 430 4619 et
447 4547 581 4620 vicinas
596 4547 732 4640 aliquas
748 4546 919 4637 regiones,
936 4545 1043 4617 vesti·
1094 4555 1129 4613 et
1143 4540 1367 4633 incorruptae
1383 4544 1576 4622 doctrinae.

52 4654 113 4751 gia
139 4665 302 4726 veterum
324 4649 602 4744 appellationum
626 4648 803 4733 indicant,
833 4643 986 4720 Cassella
1009 4660 1043 4719 et
1195 4642 1310 4716 Simul
1333 4659 1449 4718 autem
1473 4647 1537 4716 illo
1559 4661 1716 4743 tempore
1738 4646 1929 4726 horribiles
1952 4663 2078 4732 cuniu-

53 4752 374 4847 Csttenelnbugen.
438 4748 487 4824 Et
513 4749 691 4824 Traianus
721 4763 843 4842 postea
873 4772 954 4820 tom
983 4771 1042 4820 eos
1094 4745 1211 4817 siones
1239 4745 1394 4817 inerunt.
1459 4743 1605 4821 Ethnici
1634 4766 1668 4823 et
1690 4751 1812 4838 ludaei
1837 4756 1951 4846 palam
1976 4780 2078 4837 erant

45 4871 310 4950 compesceret,
335 4856 373 4927 in
388 4853 515 4927 vicinis
530 4853 616 4924 locis
631 4850 821 4923 exercitum
838 4844 983 4937 habuit,
1009 4863 1043 4923 et
1082 4844 1211 4919 hostes
1227 4847 1291 4917 filii
1310 4844 1389 4924 Dei.
1438 4845 1577 4921 Deinde
1599 4854 1666 4924 alia
1690 4877 1821 4945 organa
1837 4852 2075 4935 Diabolornm
2109 4944 2118 4957 .

53 4964 95 5035 in
116 4962 207 5034 urbe
221 4957 371 5032 Colonia
386 4954 584 5048 Agrippina
599 4954 756 5047 primum
775 4953 907 5045 accepit
921 4956 1042 5024 decre-
1093 4964 1202 5022 tetrus
1232 4952 1370 5020 furores
1402 4967 1616 5043 sparserunt.
1680 4953 1733 5026 lta
1764 4958 1895 5031 multos
1919 4964 2077 5039 diversos
2169 5023 2174 5032 .

52 5080 132 5141 tum
149 5066 193 5136 de
208 5061 426 5134 successione
441 5061 480 5128 in
496 5057 657 5148 imperio.
1092 5047 1211 5123 hostes
1225 5048 1382 5122 Ecclesia
1402 5046 1538 5125 habuit.
1577 5052 1676 5127 Sicut
1691 5079 1787 5130 nunc
1801 5083 1875 5131 nun
1890 5064 2076 5138 soliTurci
2193 5140 2196 5146 ,

156 5161 326 5238 Exercuit
340 5175 458 5233 autem
471 5155 699 5231 Domitianus
714 5154 946 5247 multiplicem
961 5179 1043 5226 cm.
1093 5168 1127 5224 et
1140 5151 1302 5244 Papistae
1323 5168 1404 5227 sunt
1420 5150 1538 5227 hostes
1555 5179 1656 5226 verae
1672 5152 1867 5245 Ecclesiae,
1894 5168 1952 5234 sed
1970 5168 2074 5240 etiam

54 5270 246 5342 delitatem.
305 5261 513 5336 Trucidavit
541 5258 673 5329 multos
703 5253 941 5337 Christianus,
981 5256 1043 5327 lu·
1094 5253 1199 5325 multi
1227 5255 1369 5324 fanatici
1401 5252 1579 5342 homines,
1617 5255 1889 5353 anabaptistae,
1921 5265 2078 5343 Serveti-

56 5373 166 5444 <laeua
181 5362 408 5441 etEthnicos.
457 5360 631 5432 Fortassis
647 5372 761 5431 autem
778 5371 810 5432 et
824 5371 968 5452 propter
983 5358 1042 5431 lu.
1064 5330 1070 5450 l
1093 5369 1186 5441 stae,
1218 5352 1537 5437 Stenckeieldiani,
1569 5371 1633 5432 etc.
1694 5359 1846 5434 Plurimi
1870 5381 1985 5440 autem
2012 5373 2079 5443 im·

111 5476 289 5543 blrstsrn.
313 5473 417 5540 Orsa.
442 5467 526 5535 voc.
541 5462 619 5533 ΧΠ.
1099 5511 1102 5518 -
1517 5454 1567 5590 52
