4680 6038
146 183 222 267 ⁴159
387 122 940 259 malmundarium
962 157 1568 242 fflsn.P1t0r.nTt²fltt.08.
1593 158 1920 239 srncnattrta
2088 156 2165 237 100

147 363 234 447 Dei,
259 371 294 431 et
319 357 391 426 irae
412 377 453 423 ac
474 344 752 427 misericordiae,
783 353 818 411 et
845 334 1022 439 imagines!
1039 333 1134 405 cala·
1185 337 1257 409 cies
1276 351 1410 411 vestrae
1434 360 1511 408 non
1531 336 1808 412 confundentur.
1854 332 1926 409 late
1945 350 2086 429 pauper
2096 330 2169 405 eh.

148 466 312 535 mitatum
331 470 365 528 et
379 451 631 525 liberationum
647 440 834 517 Ecclesiae.
873 433 1136 520 AcvultDeus,
1187 439 1313 524 mavit,
1340 439 1867 513 eunominugmuffipstm

149 566 209 639 his
225 557 436 636 testimoniis
451 547 654 624 confirmari
676 547 715 615 in
738 543 844 614 nobis
859 542 967 611 fidem
981 554 1016 611 et
1032 540 1136 608 invo-
1289 537 1512 612 Salomon
1535 542 1629 611 filiu,
1643 539 1794 611 Dapiffig
1809 539 1951 612 ,ircim
1965 536 2172 610 ,gmina

152 667 344 745 cationem,
377 673 410 729 et
429 669 581 726 caeteras
606 648 765 721 virtutes.
816 640 895 716 Etsi
917 654 1033 712 autem
1050 637 1138 710 haec
1187 643 1310 716 aetatis
1323 667 1457 714 annum
1470 642 1634 716 successit
1646 641 1748 735 patri.
1788 640 1971 734 Regnavit
1986 636 2174 713 sumto.

152 765 318 858 cogitatio
341 758 527 831 utilissima
551 764 622 837 est,
654 763 688 821 et
709 750 748 819 in
778 745 930 816 lectione
946 741 1138 814 Sacrorum
1189 746 1274 818 Fuit
1297 747 1406 835 igitur
1428 747 1535 818 breve
1558 746 1716 838 spacium
1733 744 1877 830 aetatis,
1900 743 1995 815 anni
2011 738 2174 813 videlicet

154 859 513 942 voluminnmomnia
530 852 686 944 exempla
708 845 915 940 diligentins
929 844 1139 916 illustranda
1190 849 1368 940 sexaginta
1389 861 1451 919 aut
1478 848 1626 918 circiter.
1685 844 1736 919 Ut
1757 859 1874 919 autem
1903 868 2021 937 regna
2051 844 2174 915 debeu

155 985 250 1055 sunt,
274 981 392 1038 tamen
407 963 445 1031 in
458 955 525 1029 hac
537 970 738 1046 temporum
755 951 984 1020 annotatione
1002 968 1140 1017 necesse
1191 974 1264 1022 esse
1298 964 1334 1022 et
1363 949 1521 1020 defensio
1554 962 1589 1020 et
1621 948 1831 1038 gubernatio
1861 948 1901 1019 in
1928 971 2045 1043 pace,
2087 944 2173 1017 insta

155 1086 210 1145 est
224 1092 289 1141 nos
306 1064 484 1137 breviores
499 1082 584 1130 esse.
637 1054 707 1127 Sed
724 1053 870 1124 lectores
887 1045 1075 1133 adhortor,
1101 1060 1143 1118 ut
1191 1066 1368 1146 utranqne
1391 1050 1548 1123 tabulam
1571 1049 1758 1140 Decalogi,
1791 1052 1923 1136 idest,
1948 1063 1992 1122 nt
2016 1048 2173 1119 veredo-

157 1184 277 1245 mente
299 1169 453 1256 integras
475 1160 640 1233 historias
664 1158 889 1237 intueantur,
921 1165 956 1223 et
978 1151 1143 1242 cogitent,
1192 1155 1305 1225 ctrina
1321 1156 1364 1224 de
1379 1153 1455 1224 Deo
1479 1166 1718 1246 proponatur,
1750 1165 1894 1226 et·vera
1912 1146 2175 1234 invocatiolnt,

159 1297 268 1372 quare
283 1292 341 1340 ess
354 1269 454 1340 Deus
470 1260 647 1334 Ecclesiae
662 1255 896 1350 proposuerit.
1194 1270 1360 1347 regantur
1383 1279 1519 1340 mores,
1541 1268 1767 1326 exerceantur
1789 1254 1945 1341 iudicis,
1968 1253 2176 1324 ordinentur

259 1362 423 1442 David
445 1365 532 1436 vixit
547 1381 661 1433 annos
683 1358 744 1427 70.
760 1355 938 1446 Regnavit
953 1377 1067 1426 annos
1084 1351 1145 1425 40.
1193 1361 1328 1430 tributa
1349 1372 1385 1430 et
1404 1357 1599 1449 praesidia,
1625 1357 1724 1428 dedit
1746 1355 1844 1427 Deus
1863 1370 1948 1451 post
1962 1353 2063 1428 bella
2076 1351 2176 1424 liari-

159 1468 349 1567 &daeg-5.
384 1469 427 1542 ln
443 1463 550 1537 huius
563 1454 1037 1534 historianonhoctantum
1058 1481 1143 1526 con·
1195 1462 1250 1531 dis
1270 1484 1390 1552 pacem
1411 1459 1615 1540 Salomoni,
1642 1472 1676 1528 et
1701 1459 1869 1531 instruxit
1889 1483 1976 1530 enm
2000 1452 2175 1527 excellenti

160 1578 389 1656 siderandum
413 1583 484 1650 est,
514 1568 609 1662 quod
632 1576 779 1635 Ornalu‘
799 1572 850 1631 0⁸1
875 1585 896 1631 ὃ
919 1562 999 1631 Deo
1025 1557 1145 1629 mullis
1193 1562 1386 1656 sapientia,
1408 1575 1446 1632 et
1466 1561 1628 1631 adiunxit
1646 1561 1783 1653 sapiens
1804 1561 2002 1650 collegium
2026 1550 2176 1650 Prophe·

162 1676 380 1756 admirandis
405 1687 440 1743 et
463 1667 676 1739 salutaribus
696 1662 874 1755 victoriis,
898 1684 988 1756 quae
1002 1662 1147 1731 suerunt
1195 1679 1330 1750 tarum,
1356 1677 1390 1735 et
1404 1663 1556 1733 aliorum
1576 1663 1821 1733 excellentium
1836 1661 2050 1735 eruditione
2064 1658 2176 1751 etpie·

162 1778 365 1860 testimonia
396 1770 613 1866 praesentiae
633 1766 704 1837 Dei
738 1767 777 1834 iu
805 1762 872 1834 hoc
903 1762 1052 1854 populo:
1084 1763 1145 1831 sed
1197 1780 1278 1840 tate,
1330 1764 1423 1837 Sunt
1446 1765 1557 1855 igitur
1586 1764 1661 1837 eiu,
1689 1788 1795 1856 „pm
1817 1760 2076 1835 conveniemp,
2094 1783 2177 1855 Μ,

162 1885 278 1958 multo
305 1877 413 1968 magis
435 1869 520 1958 hoc,
545 1870 642 1966 quod
662 1869 706 1938 ad
733 1892 813 1938 cum
827 1865 974 1957 repetita
996 1877 1047 1933 est
1063 1888 1147 1956 pro·
1196 1868 1391 1940 aedificatio
1413 1867 1555 1960 templi,
1586 1866 1702 1939 studia
1719 1866 1926 1946 doctrinae,
1952 1874 2175 1936 monomenta

164 1976 507 2058 missiodeMessia.
556 1970 646 2043 Eius
667 1967 913 2061 promissionis
929 1989 1071 2060 quoque
1096 1979 1148 2036 te·
1187 1972 1374 2043 „libromm
1391 1970 1435 2039 de
1453 1964 1611 2042 historiis
1626 1964 1822 2055 Ecclesiae,
1848 1970 1895 2038 de
1910 1980 2046 2039 natura
2060 1984 2177 2046 rernm,

166 2082 333 2161 alimonia
353 2080 499 2176 luerunt
521 2074 604 2143 illae
628 2071 808 2142 victoriae.
858 2066 913 2141 Ac
935 2093 1008 2138 non
1033 2067 1147 2137 solum
1198 2072 1328 2143 iudicia
1350 2084 1384 2143 et
1404 2071 1583 2143 ordinato
1608 2071 1824 2142 tributorum
1851 2085 1888 2143 ,p
1917 2066 2178 2163 pampinum

165 2189 256 2279 regis
284 2182 399 2254 officio
428 2175 650 2249 loelicissime
680 2174 822 2243 functus
852 2186 922 2256 est,
958 2169 1148 2239 sedetiam
1198 2175 1353 2268 Fuitque
1376 2172 1546 2244 Salomon
1568 2186 1602 2245 ct
1626 2185 1740 2245 reret
1761 2175 1908 2258 doctor,
1948 2170 2097 2242 sicutse
2119 2190 2179 2237 no·

163 2290 298 2365 Ductor
313 2284 380 2354 luit
400 2279 608 2374 praecipuus
623 2276 661 2344 in
677 2270 745 2345 hoc
758 2273 904 2365 populo.
954 2268 1002 2342 Et
1024 2271 1150 2341 insuis
1199 2278 1312 2349 minat
1329 2271 1585 2359 Ecclesiasten,
1610 2275 1648 2345 id
1669 2286 1739 2360 est,
1763 2274 2069 2345 concionatorem.
2114 2264 2180 2340 llx-

164 2389 303 2482 scriptis
327 2408 401 2455 non
431 2395 568 2452 tantum
597 2378 684 2468 legis
710 2375 926 2459 doctrinam,
958 2374 1021 2443 sed
1045 2374 1149 2444 etiam
1200 2393 1278 2453 tant
1299 2372 1415 2448 adhuc
1435 2390 1506 2449 tres
1527 2377 1660 2462 libelli,
1685 2377 1748 2469 qui
1770 2389 1854 2449 sunt
1877 2374 2083 2448 testimonia
2105 2368 2179 2441 fidei

166 2487 403 2580 Evflnss‘fium
442 2482 646 2574 ⁰⁰¹¹¹P¹0¹⁰⁸
682 2491 745 2548 ⁰⁵¹⁴
803 2476 954 2559 D0⁶1¹lls
992 2476 1072 2567 (1⁰5³
1106 2475 1152 2544 sit
1200 2482 1331 2574 ipsius,
1357 2491 1391 2547 et
1404 2479 1599 2549 doctrinam
1617 2478 1857 2549 dulcissimam
1877 2477 2070 2550 continent.
2116 2466 2180 2542 En
2218 2558 2220 2565 Ι

167 2593 338 2672 Messias,
362 2598 397 2656 et
417 2607 507 2678 quae
530 2582 603 2650 sint
622 2580 697 2650 eius
713 2577 892 2648 beneficia.
942 2573 992 2646 Ει
1008 2576 1151 2669 quidem
1202 2584 1311 2672 igitur
1332 2593 1367 2651 et
1390 2579 1560 2651 salomon
1582 2581 1759 2673 exempla„
1790 2580 1883 2651 boni
1913 2578 2002 2670 Ψ
2028 2576 2069 2645 3„
2087 2595 2180 2666 We·

168 2691 317 2768 Davidis
331 2687 471 2757 dolores
484 2683 559 2777 typi
576 2682 721 2750 luerunt
735 2677 900 2747 dolorum
917 2673 1065 2747 Christi.
1202 2685 1272 2757 sed
1292 2697 1409 2753 tamen
1423 2682 1518 2750 idem
1539 2683 1577 2752 fig
1594 2681 1698 2751 egam
1721 2682 1926 2774 exemplum
1940 2675 2116 2751 hamme
2130 2674 2179 2744 pn,

268 2789 430 2883 cssmque
459 2786 516 2854 Vl?
545 2796 665 2854 lanius
690 2791 779 2850 ⁰⁸⁸&
805 2775 939 2861 David,
974 2779 1082 2849 Simul
1114 2778 1153 2848 fil
1203 2783 1389 2855 firmitatis.
1440 2781 1538 2853 Haec
1554 2784 1724 2853 excellens
1741 2783 1919 2874 sapientia
1936 2795 2026 2853 tnnc
2038 2776 2178 2856 nuncia,

170 2894 370 2986 exemplum
408 2885 623 2957 infirmitatis
657 2877 833 2952 humanae
872 2894 906 2951 et
946 2904 1152 2971 poenarum.
1205 2911 1286 2959 cum
1306 2883 1457 2953 maxime
1479 2885 1596 2973 vigere
1618 2885 1788 2968 debebat,
1820 2898 1857 2956 et
1881 2884 1985 2956 cedit
2008 2880 2175 2953 mulierum

169 2997 342 3089 Turpiter
364 2991 515 3068 labitur,
542 3000 577 3056 et
592 2981 813 3055 horribiliter
834 2982 1000 3074 punitur,
1027 2996 1154 3052 etsus·
1204 2985 1407 3070 affectibus,
1439 2985 1569 3079 quibus
1599 2986 1795 3056 aedificavit
1824 2986 1969 3079 templa
2009 2980 2176 3055 idolorum

171 3103 261 3173 tinet
284 3118 359 3166 non
390 3093 505 3161 solum
527 3111 672 3160 suorum
697 3085 868 3155 scelerum
891 3084 1155 3163 conscientiam,
1206 3088 1286 3178 Qua
1310 3088 1348 3157 in
1371 3111 1409 3156 re
1431 3087 1585 3178 primum
1604 3088 1721 3179 lapsus
1744 3088 2017 3173 consideretur,
2040 3079 2177 3180 quodi!

171 3204 231 3275 ⁸0⁶
256 3198 362 3269 ‘fiam
385 3190 581 3283 ludentium
614 3187 882 3269 ⁸⁰³¹¹d³¹⁰r¹1m2
908 3210 998 3280 quac
1020 3185 1158 3278 peperit
1205 3187 1361 3261 Ecclesia
1383 3212 1443 3258 rex
1467 3202 1502 3259 et
1524 3191 1649 3259 doctor
1671 3189 1863 3277 excellens,
1904 3190 1950 3260 in
1983 3211 2054 3284 qno
2082 3185 2178 3257 fuera

172 3301 311 3376 seditio.
362 3291 426 3367 Est
448 3293 543 3362 enim
562 3287 669 3359 nimis
681 3312 803 3358 verum
818 3286 953 3356 dictum
971 3283 1158 3382 Thucydi·
1207 3292 1364 3385 Spiritus
1380 3305 1538 3375 sanctus,
1563 3290 1718 3362 admittit
1740 3291 1925 3363 idolorum
1943 3292 2091 3364 cultum
2134 3282 2179 3357 Sl·

173 3405 245 3477 <¹5⁵³
266 3383 937 3473 Ἔνσῑᾶσὲῑπᾶῦαἕῑὸἕακακθῦἶσῑῖ·
1207 3418 1287 3464 mus
1312 3392 1421 3482 igitur
1442 3392 1645 3480 vigilantes,
1679 3406 1714 3463 et
1736 3407 1898 3484 petamus
1927 3384 2180 3484 nosgubemi
2218 3402 2221 3501 l

286 3501 358 3573 Sed
378 3499 473 3566 idem
494 3493 612 3565 David
642 3492 740 3562 testis
764 3503 816 3560 est
837 3489 1100 3560 misericordiae
1125 3504 1160 3561 et
1209 3522 1230 3566 a
1263 3494 1359 3579 Deo,
1400 3515 1446 3561 ne
1477 3496 1711 3585 approbemus
1743 3508 1803 3565 sut
1837 3496 2071 3567 stabiliamus
2094 3488 2181 3563 ude

175 3600 393 3680 remissionis
409 3608 641 3691 peccatorum.
692 3590 780 3662 Vult
796 3592 891 3659 enim
905 3588 1002 3661 Deus
1019 3614 1085 3660 nos
1106 3605 1161 3662 te·
1209 3597 1348 3667 Deinde
1360 3594 1645 3683 magnitudinem
1661 3620 1796 3687 poenae
1812 3597 2042 3669 intueamur.
2079 3590 2181 3665 Turi
2219 3648 2222 3703 Ι

65 3762 71 3773 ·
177 3730 262 3779 nere
288 3701 462 3792 regulam:
494 3693 587 3764 Vivo
614 3716 697 3782 ego,
729 3692 814 3762 dicit
843 3690 1038 3775 Dominus,
1066 3691 1161 3764 Nolo
1210 3697 1349 3787 Regum
1369 3697 1612 3787 11.scriptum
1632 3710 1702 3782 est,
1727 3690 2182 3792 hunctapsumsatcnonis
2219 3722 2222 3727 ·

177 3819 327 3879 mortem
350 3797 558 3895 peccatoris,
587 3796 648 3865 sed
672 3807 713 3865 ut
746 3807 971 3865 convertatur
994 3809 1029 3866 et
1051 3795 1160 3868 vivat.
1212 3823 1351 3872 causam
1377 3821 1450 3869 esse
1473 3798 1736 3870 dilacerationis
1757 3800 1875 3890 regni,
1902 3826 2003 3897 quse
2019 3810 2184 3893 postem
2219 3804 2222 3817 ·

178 3909 226 3984 Ει
243 3908 321 3978 vult
334 3926 399 3975 nos
416 3898 546 3970 intueri
566 3897 723 3989 exempla
742 3918 877 3980 eornm,
902 3896 964 3991 qui
980 3896 1164 3969 redierunt
1213 3914 1323 3998 quuta
1345 3914 1417 3985 est,
1443 3923 1533 3994 quae
1558 3914 1592 3970 et
1617 3925 1710 3972 nova
1734 3901 1851 3988 idola,
1876 3916 1916 3974 et
1932 3903 2082 3975 assidua
2093 3894 2188 3971 civiti

179 4015 225 4085 ad
250 4004 523 4103 poenitentiam,
559 4022 606 4069 ne
635 3995 880 4088 desperatione
910 3998 1166 4091 opprimamur.
1214 4004 1308 4078 bella
1322 4002 1470 4096 peperit.
1519 4000 1593 4073 Nec
1615 4003 1764 4075 dubium
1785 4016 1859 4090 est,
1884 4005 1930 4074 in
1947 3999 2021 4076 bac
2039 4015 2187 4099 postem

180 4113 278 4186 Haec
296 4122 380 4181 sunt
403 4103 588 4199 praecipua
615 4100 655 4168 in
675 4097 825 4170 Davidis
847 4093 1013 4185 historia,
1047 4125 1166 4194 quem,
1215 4105 1343 4177 mundi
1361 4117 1520 4190 senecta,
1545 4105 1669 4176 orbem
1688 4121 1863 4178 terrarum
1878 4130 1902 4178 a
1918 4096 2190 4181 ancisrau's

183 4215 248 4287 etsi
265 4236 337 4281 non
355 4230 462 4300 parva
478 4202 615 4274 macula
632 4202 850 4272 deformatus
873 4215 943 4282 est,
972 4214 1090 4272 tamen
1106 4228 1166 4274 cn-
1217 4222 1253 4280 et
1268 4206 1415 4276 lacerari
1434 4205 1599 4278 civilibus
1617 4207 1721 4276 bellis
1745 4206 1846 4293 ideo,
1872 4208 1965 4303 qnia
1981 4200 2190 4281 Deusbseti·

183 4318 271 4406 giles
291 4311 398 4380 fuisse
429 4309 557 4385 uanior
578 4299 718 4393 ἐλέους,
756 4301 840 4396 quia
870 4314 905 4372 et
931 4297 1109 4374 Ecclesiae
1132 4319 1167 4376 et
1217 4309 1335 4382 biliter
1362 4308 1526 4378 irascitur
1554 4331 1636 4379 curn
1658 4309 1738 4380 aliis
1765 4309 1986 4398 sceleribus,
2022 4325 2102 4384 tum
2128 4324 2191 4377 rus

184 4413 331 4508 politiae
363 4410 438 4479 eius
472 4407 609 4476 labores
642 4406 871 4498 profuerunt,
908 4418 943 4477 et
975 4427 1097 4478 rursus
1121 4408 1166 4477 ad
1217 4411 1404 4506 praecipue
1428 4409 1557 4493 idolis,
1581 4434 1672 4504 quae
1694 4411 1733 4479 in
1751 4433 1790 4480 ea
1805 4427 1909 4503 parte
1923 4406 2193 4502 generisbn·

185 4518 306 4592 Deum
328 4530 518 4582 ⁰⁰¹¹Vffl¹¹⁸
541 4519 603 4577 ⁹⁸⁸·
1219 4512 1277 4598 ni,
1310 4534 1400 4605 qnae
1421 4508 1600 4582 Ecclesiae
1629 4512 1774 4583 titulum
1798 4506 1932 4600 habet,
1964 4514 2193 4586 dominan-

290 4614 334 4687 ln
355 4606 448 4685 hanc
468 4621 577 4685 totam
600 4606 790 4697 imaginem
810 4607 988 4680 intuentes
1004 4608 1049 4679 de
1064 4609 1170 4681 nobis
1221 4614 1341 4705 Quare
1364 4611 1523 4683 adsiduis
1542 4612 1733 4702 gemitibus
1746 4628 1909 4705 petamus
1931 4638 1952 4687 a
1973 4613 2086 4703 Deo,
2105 4630 2194 4689 usn·

188 4721 275 4815 ipsit
299 4737 441 4811 quoque
464 4709 671 4800 willemum
697 4721 731 4779 el
752 4710 959 4780 ardentibus
980 4711 1072 4782 votis
1089 4735 1170 4804 pre·
1219 4741 1296 4787 ram
1330 4714 1591 4785 invocationem
1623 4715 1758 4810 ubique
1788 4717 1988 4804 accendat,
2032 4732 2071 4792 et
2100 4710 2195 4789 nd

188 4843 309 4895 cemur
333 4817 447 4886 lilium
470 4810 556 4894 Dei,
578 4821 619 4879 ut
634 4805 707 4878 Nos
730 4833 870 4904 quoqne
884 4810 990 4883 saciat
1001 4834 1084 4883 vasa
1100 4814 1171 4882 mi·
1220 4816 1319 4891 idola
1338 4816 1464 4890 deleat,

189 4919 412 4999 sericordiae.
465 4910 725 4985 Confirmemus
748 4911 854 4982 etiam
876 4934 943 4982 nos
970 4912 1082 5004 ipsius
1107 4917 1173 4986 do-
1322 4909 1549 5004 Roboam,
1570 4916 1665 4989 lilius
1680 4916 1896 5006 Salomonis,
1923 4915 2196 5017 sumit*

190 5026 305 5099 ctrina
328 5033 363 5091 et
378 5015 565 5105 exemplis,
588 5011 680 5083 sicut
704 5009 779 5102 ipse
793 5013 872 5083 vult
893 5034 973 5083 suas
989 5013 1173 5088 liberatio·
1223 5040 1304 5088 cnm
1318 5030 1407 5089 esset
1420 5041 1597 5091 annorum
1611 5018 1845 5114 quadraginta
1857 5023 1990 5101 anim,

191 5149 255 5198 nes
284 5116 483 5195 testimonia
513 5136 585 5184 esse
607 5113 652 5183 de
681 5111 914 5202 promissione
934 5127 970 5186 et
990 5114 1174 5188 volontate
1223 5142 1336 5190 annos
1364 5116 1426 5193 17.
1476 5118 1576 5193 Vixit
1595 5143 1710 5193 annos
1734 5117 1798 5198 58.
1854 5119 1948 5196 Fuit
1974 5118 2196 5221 neglignb

190 5224 281 5311 Dei,
313 5221 409 5317 qnod
438 5229 473 5287 et
500 5213 580 5286 aliis
601 5213 851 5283 invocantibus
880 5214 1049 5306 opitulari
1076 5218 1175 5301 velit,
1223 5220 1394 5293 tollendis
1412 5219 1537 5305 idolis,
1561 5221 1602 5291 in
1623 5221 1774 5316 imperio
1792 5226 1980 5316 superbe„
2008 5230 2194 5323 2213„

194 5329 286 5403 sicut
305 5320 423 5418 inquit
435 5317 576 5391 Psalmo
591 5314 666 5394 ab:
692 5309 859 5388 Acceditc
881 5318 928 5388 ad
945 5339 1044 5404 enm,
1069 5331 1105 5392 et
1120 5318 1176 5392 ia·
1225 5317 1311 5395 Fuit
1325 5322 1434 5416 igitur
1446 5320 1594 5397 infoelix
1608 5324 1858 5401 etcalamitose
1872 5329 2060 5407 universa
2069 5332 2194 5419 eiust*
