4680 6038
160 198 232 303 aa

156 370 263 441 nibus
295 362 393 436 meis.
453 356 557 427 lubet
590 352 694 422 etiam
729 348 886 438 singulos
917 345 1051 417 interea
1085 367 1141 414 re-

157 492 315 565 pugnare
333 460 512 534 erroribus
530 470 564 527 et
577 467 670 524 recte
685 453 797 522 lacere
811 447 980 534 officium,
1006 444 1144 519 etiamsi

159 568 326 644 humanis
351 560 509 634 consiliis
531 570 564 627 et
587 555 789 638 laboribus,
814 574 929 642 neque
946 547 1143 631 mandacio,

160 694 276 767 neque
305 666 451 738 dissidia
477 660 597 732 omnia
627 658 665 725 in
694 651 759 725 bac
786 652 911 722 mundi
939 651 1146 722 confusione

162 774 242 847 tolli
263 782 421 866 possunt.
472 763 544 834 Nec
567 775 684 831 tamen
711 778 853 849 prorsus
875 768 980 825 erunt
1003 752 1146 824 inutilia

160 877 302 969 piorum
326 867 529 941 certamina.

261 1005 348 1080 Dixi
370 1006 414 1075 de
441 988 583 1073 iudiciis
607 990 785 1065 Ecclesiae
810 988 1028 1060 brevissime.
1078 983 1149 1057 Hic

162 1124 278 1184 autern
312 1109 356 1177 de
390 1102 505 1173 officio
535 1097 671 1189 politici
703 1093 925 1182 magistratus
957 1086 1013 1160 bis
1044 1089 1149 1159 annis

164 1235 264 1304 saepe
280 1206 438 1302 quaestio
455 1217 549 1271 mota
566 1212 630 1271 est.
681 1194 793 1266 Recte
813 1219 857 1263 ne
878 1195 1037 1263 lecerunt
1052 1189 1151 1262 Con-

162 1312 340 1386 stantinus
355 1321 390 1378 et
408 1300 651 1381 Theodosius,
676 1298 769 1390 quod
789 1296 966 1366 idolorum
982 1292 1148 1364 sacrificia

166 1404 454 1507 prohibuerunt?
503 1401 676 1474 Rectene
695 1399 778 1468 lecit
804 1411 944 1467 senatus
960 1395 1150 1466 Geneven·

166 1517 233 1604 sis,
258 1514 354 1608 quod
379 1508 562 1580 Servetum
581 1499 904 1590 ultimosupplicio
925 1499 1063 1581 affecit,
1088 1495 1151 1588 qui

165 1628 317 1687 veterem
334 1606 555 1684 samosateni
578 1602 790 1692 impietatem
806 1599 1010 1683 renovavit,
1036 1614 1069 1669 et
1088 1622 1151 1666 ne.

154 1717 259 1810 gavit
275 1707 388 1813 λόγον
404 1732 477 1780 esse
490 1697 758 1801 decoctarum,
781 1717 814 1772 et
829 1702 940 1772 lilium
950 1698 1019 1772 Dei
1031 1699 1151 1770 omni-

136 1800 146 1811 ,
164 1830 345 1913 potentem
368 1811 465 1883 esse?
513 1806 563 1878 Et
587 1820 709 1876 contra
725 1805 925 1875 universam
939 1803 1150 1893 scripturam

62 1986 67 1993 .
164 1913 407 2012 propheticam
426 1925 461 1982 et
475 1907 701 2003 apostolicam
719 1905 859 1997 negavit
882 1905 995 1976 lilium
1012 1903 1079 1975 Dei
1095 1903 1152 1971 in·

166 2021 365 2092 vocandum
391 2037 476 2087 esse.

265 2153 320 2227 De
333 2146 389 2220 his
403 2145 670 2242 quaestionibus
692 2146 795 2235 plane
817 2155 852 2214 et
868 2144 943 2212 sine
958 2143 1030 2212 ulla
1046 2140 1153 2211 dubi-

165 2257 299 2330 tatione
336 2250 550 2343 respondeo,
588 2245 830 2335 magistratum
861 2243 1046 2334 politicum
1077 2266 1152 2312 non

165 2381 238 2430 esse
260 2351 533 2436 armentarium,
562 2363 596 2420 et
620 2360 757 2418 tantum
789 2370 909 2436 pacem
933 2359 967 2414 ct
993 2344 1152 2435 corporis

165 2462 260 2532 bona
275 2455 367 2527 tueri
382 2453 530 2535 debere,
555 2448 645 2518 sicut
663 2448 765 2516 multi
791 2447 922 2516 insulse
944 2447 1154 2539 loquuntur,

165 2562 228 2633 sed
253 2580 326 2629 esse
348 2554 552 2624 ministrum
578 2550 664 2639 Dei,
691 2561 733 2639 et,
748 2548 953 2639 disciplinae
974 2548 1155 2617 custodem

168 2663 265 2732 iuxta
281 2672 457 2749 utranque
473 2651 628 2741 decalogi
645 2650 816 2721 tabulam.
867 2647 967 2720 Sicut
984 2661 1100 2718 autem
1116 2649 1155 2716 in

167 2762 327 2858 qualibet
350 2770 424 2828 arte
444 2754 594 2849 primam
612 2761 750 2842 oportet
772 2774 893 2821 curam
910 2774 983 2820 esse
999 2750 1154 2848 artificis,

167 2878 209 2936 ut
235 2874 346 2933 artem
373 2881 479 2952 quam
507 2868 643 2924 exercet
673 2852 867 2943 intelligat,
900 2853 949 2922 sic
972 2852 1086 2944 prima
1109 2850 1168 2949 sit·

167 2989 252 3037 cura
274 2961 518 3051 magistratus,
543 2970 583 3026 ut
602 2956 713 3044 legem
730 2955 834 3038 sciat,
861 2966 895 3023 et
912 2954 998 3025 sciat
1012 2977 1085 3023 esse
1100 2976 1156 3022 sa-

168 3065 339 3160 pientiam
354 3060 421 3132 Dei
437 3061 481 3130 ad
504 3053 571 3128 boc
592 3056 707 3148 ipsum
727 3055 931 3151 patefactam
950 3056 1070 3144 generi
1087 3050 1156 3124 bu·

168 3191 298 3251 roano,
324 3178 364 3235 ut
383 3162 428 3232 sit
452 3159 694 3232 testimonium
717 3160 762 3226 de
780 3154 877 3242 Deo;
914 3158 1000 3227 sciat
1023 3172 1056 3227 et
1079 3150 1158 3241 hoc,

168 3293 242 3341 sese
256 3289 377 3337 vocem
394 3262 461 3334 Dei
479 3284 551 3331 esse
574 3260 612 3328 in
626 3261 701 3348 lege
725 3261 975 3351 proponenda,
1001 3272 1035 3329 et
1051 3257 1157 3327 disci-

706 173 869 249 nncn.
900 170 976 247 nn
1010 167 1258 271 moreris
1291 168 1632 250 sconusrau

2106 174 2178 253 stt

1198 367 1324 415 narum
1341 346 1500 436 exempla
1515 345 1650 419 vident.
1700 344 1771 418 Sed
1783 369 1858 418 non
1871 347 2104 441 spectandum
2119 358 2181 432 est,

1198 446 1285 541 quid
1301 447 1381 531 fiat,
1407 449 1467 516 sed
1491 446 1577 540 quid
1595 447 1670 518 fieri
1684 450 1818 521 debeat.

1285 552 1376 635 'Eoi
1400 577 1518 635 autem
1538 560 1646 636 buius
1673 581 1813 637 nostrae
1836 567 2030 639 sententiae
2053 565 2183 637 verius

1199 667 1385 736 manifesta
1401 682 1463 751 est,
1489 679 1606 736 tamen
1622 668 1726 738 multi
1742 669 1805 761 qni
1820 669 1890 739 sibi
1901 667 2082 739 licentiam
2098 690 2184 739 con-

1200 769 1278 838 cedi
1294 769 1419 839 volunt
1434 769 1584 837 ludendi
1601 770 1833 859 opinionibus
1845 773 1890 843 de
1904 770 2003 856 Deo,
2027 781 2070 843 ut
2084 768 2185 848 libel·

1199 884 1388 962 opponunt
1410 872 1525 940 varias
1554 870 1807 944 cavillationes.
1863 871 2025 961 Primum
2048 871 2186 956 dieunt,

1200 973 1440 1061 magistratum
1463 996 1537 1042 non
1551 995 1653 1063 posse
1667 975 1797 1063 punire
1806 974 2036 1065 cogitationes
2045 971 2188 1057 neentis,

1201 1074 1404 1167 praesertim
1422 1098 1501 1143 cum
1522 1098 1587 1144 nec
1604 1077 1688 1144 dare
1711 1077 1954 1148 adsensionem
1971 1076 2104 1170 possit,
2128 1071 2187 1145 cui

1201 1190 1408 1266 argumento
1423 1199 1504 1245 vere
1520 1176 1571 1246 sic
1588 1179 1875 1269 respondendum
1891 1192 1951 1253 est.
1970 1198 1976 1207 ·
2059 1202 2066 1215 ·

1302 1291 1532 1384 Magistratus
1547 1308 1690 1365 esterna
1707 1296 1834 1368 delicta
1857 1296 2000 1386 puniat,
2027 1309 2071 1368 ut
2084 1295 2187 1365 adul·

1202 1395 1309 1482 teria,
1334 1419 1408 1464 non
1431 1396 1793 1467 interioraincendia.
1844 1396 1904 1470 Sic
1928 1413 1961 1469 et
1976 1398 2072 1470 diets
2092 1396 2191 1469 blas·

1202 1492 1350 1590 pbema,
1374 1521 1447 1568 non
1462 1500 1584 1569 tacitas
1599 1499 1710 1569 animi
1726 1499 1964 1590 cogitationes.

1304 1613 1355 1690 At
1370 1642 1476 1688 nemo
1491 1633 1606 1710 potest
1621 1619 1778 1692 iudicare
1795 1614 1834 1692 'ea
1850 1645 1942 1715 quae
1955 1644 2031 1691 non
2053 1617 2192 1691 intelli-

1203 1720 1272 1811 git,
1295 1734 1337 1792 ut
1352 1744 1434 1791 vere
1448 1722 1601 1792 dicitur:

1307 1833 1460 1917 μηδέποτε
1481 1835 1592 1918 eplvssv
1612 1829 1795 1917 ἀδαήμονας
1814 1833 1932 1921 ἄνδρας
1952 1831 2064 1911 loiresc.

1203 1933 1251 2008 Et
1273 1933 1341 2008 hoc
1364 1940 1441 2030 ipso
1467 1952 1624 2030 tempore
1640 1939 1765 2011 dicunt
1788 1940 1919 2010 armari
1939 1953 1975 2010 et
1995 1938 2076 2010 acui
2100 1928 2193 2010 sevi-

1204 2040 1293 2110 ciam
1317 2054 1573 2136 tyrannorum,
1599 2040 1661 2135 qui
1686 2055 1769 2112 sunt
1792 2037 1910 2112 hostes
1929 2037 2139 2133 Evangelii,
2161 2040 2194 2112 si

1203 2140 1351 2214 audiant
1366 2143 1473 2213 armis
1489 2143 1658 2213 tuendam
1675 2165 1750 2212 esse
1767 2144 1976 2218 doctrinam.

1305 2258 1379 2331 Nos
1397 2285 1481 2330 vcro
1505 2275 1615 2335 metas
1637 2284 1718 2332 suas
1733 2284 1836 2333 nosse
1857 2275 1891 2333 et
1913 2260 2096 2332 custodire
2118 2282 2195 2331 ma

1204 2362 1387 2452 gistratum
1425 2363 1606 2448 volumus,
1640 2363 1746 2434 utin
1772 2363 1916 2434 caeteris
1944 2362 2060 2433 causis
2088 2385 2195 2433 nemo

1206 2465 1281 2534 sine
1304 2463 1460 2552 legitima
1482 2464 1684 2553 cognitione
1710 2466 1912 2557 puniendus
1928 2478 1997 2549 est,
2023 2464 2075 2537 its
2091 2486 2194 2556 prse-

1205 2566 1307 2658 cipue
1331 2579 1430 2636 curet
1450 2567 1673 2656 magistratus
1695 2566 1733 2635 in
1748 2592 1786 2637 re
1805 2581 1903 2638 tanta
1919 2565 2092 2651 constitui
2106 2565 2194 2656 legi·

1207 2667 1291 2737 tima
1307 2661 1484 2737 Ecclesiae
1501 2667 1643 2740 iudicia.
1677 2665 1928 2740 Convocentur
1942 2667 2096 2763 Synodb
2120 2691 2195 2739 non

1206 2768 1320 2862 qualis
1342 2782 1395 2839 est
1425 2769 1485 2839 illa
1508 2766 1655 2840 Cleonis
1682 2772 1777 2861 apud
1801 2765 2099 2861 Aristophanem,
2131 2767 2196 2841 ubi

1206 2869 1365 2940 considet
1379 2871 1501 2940 ovium
1516 2872 1659 2957 concio,
1684 2883 1720 2942 et
1734 2871 1880 2942 balaena
1894 2866 2072 2963 praesidet
2082 2892 2197 2962 gron·

1206 2972 1324 3043 nitum
1347 2973 1453 3043 edens
1474 2962 1591 3063 porci,
1618 2987 1655 3051 et
1677 2988 1800 3046 tenens
1821 2974 1991 3045 trutinam
2006 2997 2049 3045 as:
2069 2996 2196 3067 preco-

1208 3097 1288 3143 nem
1314 3069 1508 3158 adbibens,
1533 3075 1596 3168 qui
1620 3089 1725 3167 caput
1743 3071 1852 3148 habet
1870 3067 2051 3170 κόρακος,
2077 3088 2196 3149 seusu

1208 3173 1410 3247 Alcibiades
1426 3177 1584 3263 dicebat,
1605 3173 1835 3272 τραυλίζων,
1860 3170 2027 3259 κόλακος.
2115 3242 2123 3253 ,

1309 3290 1406 3364 llaec
1429 3295 1647 3366 conveniunt
1668 3297 1712 3366 ad
1736 3294 1985 3367 Tridentinam
2007 3294 2195 3391 synodum

168 3371 304 3464 plinam
320 3379 464 3459 propter
479 3361 628 3453 gloriam
643 3359 711 3433 Dei
728 3362 897 3431 tuendam
913 3383 998 3429 esse.
1033 3357 1157 3430 Altera

167 3496 252 3543 cura
276 3471 341 3553 sit,
366 3480 407 3537 ut
430 3487 576 3555 corpora
600 3463 778 3532 defendat.
832 3459 918 3530 ldeo
939 3460 1158 3529 severissime

168 3569 341 3664 praecipit
361 3569 419 3637 lex
447 3565 570 3636 divina
594 3564 639 3631 de
663 3561 854 3654 puniendis
885 3555 1102 3652 blasphemis
1124 3573 1160 3631 et

169 3669 333 3766 periuris.

1207 3395 1346 3478 omnia,
1371 3420 1478 3488 quam
1501 3395 1671 3477 Boutilex-
1686 3396 1833 3467 balaena
1856 3399 2019 3488 regebat,
2044 3396 2196 3488 gruum·

1209 3510 1285 3566 tum
1307 3497 1405 3586 porci
1428 3498 1554 3582 edens,
1586 3514 1620 3569 et
1642 3521 1833 3591 praecones
1860 3512 1961 3569 erant
1982 3490 2142 3592 adpone
2159 3511 2195 3568 et

1209 3591 1363 3678 κόλακες
1378 3594 1543 3668 monacbi
1562 3614 1596 3669 et
1612 3614 1853 3673 assentatores.
1904 3599 1986 3670 Non
2009 3600 2086 3674 sint
2102 3598 2193 3673 indi·

1209 3723 1265 3770 ees
1280 3698 1415 3769 indocti
1431 3699 1594 3770 fascinati
1611 3702 1709 3772 lalsis
1722 3701 1970 3794 opinionibus,
1995 3724 2124 3792 regum
2138 3713 2197 3774 aot

270 3803 344 3874 Nec
375 3803 438 3871 illa
468 3798 652 3870 barbarica
682 3795 859 3868 excusatio
890 3796 1069 3867 audienda
1098 3810 1161 3883 est,
1209 3799 1308 3890 vulgi
1325 3793 1493 3886 κόλακες,
1521 3824 1595 3871 non
1616 3804 1792 3873 cedantur
1807 3807 1947 3874 decreta
1962 3803 2000 3873 in
2016 3803 2198 3877 centauri·

170 3891 264 3998 leges
278 3906 357 3975 illas
372 3901 546 3995 pertinere
561 3902 604 3969 ad
620 3898 782 3990 politiam
797 3897 1005 3979 Mosaicam,
1024 3922 1098 3969 non
1115 3899 1158 3968 ad
1210 3901 1457 3981 cisconviviis
1478 3903 1600 3975 autin
1628 3905 1808 3998 gyneceis,
1839 3906 1901 3975 sed
1933 3906 2079 3995 regulae
2105 3905 2198 4023 regis

168 4024 319 4082 nostras.
366 4002 414 4076 Ut
429 4004 617 4093 decalogus
632 4000 705 4092 ipse
722 4002 766 4070 ad
782 4023 906 4069 omnes
921 4001 1086 4092 pertinet,
1109 4000 1159 4071 ita
1211 3999 1376 4095 losapbat
1392 4004 1668 4095 obtemperetur.
1717 4006 1809 4078 Sunt
1830 4007 1867 4075 in
1892 4007 2074 4078 iudicibus
2090 4007 2199 4089 timor

169 4112 276 4182 iudex
305 4106 438 4199 ubique
468 4104 590 4175 omnia
617 4101 777 4193 decalogi
799 4101 914 4171 officia
945 4103 983 4170 in
1018 4115 1160 4185 externa
1210 4104 1287 4189 Dei,
1311 4105 1457 4175 scientia
1473 4120 1506 4176 et
1522 4107 1704 4197 diligentia
1722 4109 1758 4176 in
1775 4098 1986 4198 cognitione.
2022 4107 2081 4182 Sit
2095 4109 2213 4181 etism.

170 4208 358 4301 disciplina
374 4221 526 4277 tueatur.
578 4202 672 4276 Sunt
687 4217 804 4273 autern
827 4198 1068 4294 blasphemiae
1085 4227 1161 4273 ma·
1210 4206 1284 4296 ipse
1312 4207 1536 4295 magistratus
1565 4210 1764 4278 membrum
1794 4207 1991 4290 Ecclesiae,
2022 4210 2199 4302 intelliget

169 4314 296 4382 nilesta
320 4308 498 4378 invocatio
522 4304 722 4390 idolonun,
746 4304 918 4396 professio
941 4306 1160 4397 dogmatum,
1210 4307 1423 4391 doctrinam,
1445 4323 1538 4379 amet
1552 4311 1748 4392 veritatem,
1773 4311 1912 4380 intersit
1926 4311 2138 4399 cognitioni,
2159 4325 2199 4384 nt

171 4437 261 4508 quae
282 4410 471 4509 adtirrpant
490 4407 626 4501 aliquid
651 4430 725 4476 esse
738 4403 874 4491 Deum,
898 4408 996 4500 quod
1020 4420 1162 4477 nonest
1210 4408 1402 4479 adfuerunt
1418 4405 1693 4496 Constantinus,
1718 4408 1961 4505 Theodosius,
1983 4411 2201 4498 Martianus,

169 4513 288 4599 Deus,
313 4523 374 4583 sut
397 4501 697 4605 quaedetrahunt
712 4508 939 4579 autoritatem
963 4507 1019 4576 illi
1038 4531 1163 4599 perso⁴
1210 4510 1296 4579 sciat
1320 4532 1355 4578 se
1380 4511 1578 4600 praesidere
1598 4537 1672 4582 non
1695 4525 1736 4582 ut
1759 4515 1961 4598 balaenam,
1987 4517 2049 4585 sed
2072 4527 2116 4587 ut
2132 4515 2200 4589 nei

171 4640 257 4698 nae,
286 4637 375 4708 quae
392 4625 443 4682 est
460 4623 587 4682 natura
604 4604 712 4693 Deos,
736 4621 777 4678 ut
791 4622 875 4681 sunt
891 4604 1073 4699 Epicurei,
1099 4622 1161 4681 aut
1209 4611 1433 4691 ministrum,
1460 4625 1494 4682 et
1507 4613 1657 4702 gloriam
1672 4612 1739 4685 Dei
1754 4615 1921 4686 omnibus
1940 4615 2047 4686 rebus
2062 4618 2200 4689 entele-

169 4713 363 4813 Pyrrbonii
380 4715 537 4794 furores,
558 4724 620 4781 aut
635 4708 876 4795 samosateni,
901 4705 1161 4780 autManicbei
1211 4725 1283 4797 rat,
1315 4711 1438 4784 audiat
1462 4713 1649 4799 eruditos„
1669 4717 1771 4788 cedat
1799 4739 1883 4786 vera
1905 4716 2128 4804 dicentibus,
2160 4743 2201 4791 sc

170 4820 412 4888 deliramenta.
458 4812 505 4886 Ut
520 4812 629 4901 igitur
643 4812 698 4881 lex
712 4809 809 4879 iubet
826 4810 927 4879 irasci
945 4811 1088 4897 talibus,
1112 4810 1161 4882 ita
1209 4813 1367 4901 regulam
1386 4829 1569 4908 sequatur:
1608 4809 1742 4886 Omnia
1759 4818 1924 4909 probate,
1950 4820 2046 4913 quod
2062 4820 2201 4899 bonum

170 4920 394 5009 magistratus
419 4917 464 4986 sit
482 4914 562 4983 viva
579 4912 654 4995 lex,
680 4934 760 4983 vere
776 4912 894 4981 doleat
918 4926 1062 5004 propter
1083 4912 1161 5000 glo·
1211 4927 1264 4984 est
1287 4927 1414 4989 tenete,

172 5021 259 5088 riam
282 5017 372 5101 Dei,
398 5041 437 5085 ac
459 5014 600 5085 ardenti
621 5009 763 5082 Nemesi
784 5012 996 5083 accendatur
1015 5015 1061 5083 ad
1089 5014 1158 5082 tol·
1311 5013 1404 5086 Cum
1436 5016 1545 5106 igitur
1572 5031 1654 5118 ante
1677 5040 1826 5109 poenam
1857 5020 1995 5091 institui
2017 5043 2140 5095 veram
2167 5037 2203 5097 et

172 5122 275 5190 lenda
292 5119 352 5188 illa
369 5111 603 5197 eatbarmata,
629 5136 718 5208 quae
734 5109 851 5183 Deum
866 5113 1161 5186 manilestiscon-
1211 5115 1306 5206 piam
1323 5117 1562 5207 cognitionem
1587 5131 1622 5187 et
1641 5119 1920 5190 admonitionem
1935 5120 2100 5207 velimus,
2126 5146 2201 5196 non

172 5220 329 5290 tumeliis
354 5217 525 5289 afficiunt.
576 5213 708 5293 Minos,
733 5227 922 5285 moventur
952 5208 1021 5286 boc
1052 5237 1160 5305 argu·
1210 5216 1336 5287 damus
1366 5242 1463 5288 arma
1494 5217 1635 5290 iniustis
1663 5220 1942 5309 magistratibus,
1975 5223 2036 5292 sed
2067 5248 2130 5295 eos
2156 5229 2202 5298 de

172 5335 292 5392 mento
315 5342 414 5411 reges
435 5333 470 5390 et
491 5315 687 5411 principes,
710 5315 794 5410 quia
808 5339 927 5410 pauca
936 5315 1060 5388 talium
1074 5338 1160 5409 poe·
1211 5317 1338 5391 ordine
1353 5318 1568 5391 iudiciorum
1585 5333 1620 5391 et
1635 5344 1830 5413 poenarum
1844 5318 2195 5404 commonefacimus,
