4680 6038
166 231 239 306 εει
407 215 618 383 {enteca
643 174 720 292 ru.
746 214 862 293 uno
885 217 959 359 ap
980 216 1110 296 utsr.
1135 210 1280 292 enon
1294 200 1373 291 'ur
1400 211 1594 333 carptis.
1619 209 1942 333 suentana
2093 160 2180 291 ‘sse

167 399 266 470 cibus
285 397 328 466 ad
345 387 646 477 monomachiam,
670 385 728 461 hic
740 386 871 461 Darius
883 387 1077 461 Cadusium
1093 388 1149 458 vi-

168 514 244 570 ctor
258 497 399 572 occidit.
449 493 568 582 Quare
580 489 768 563 Armeniae
782 492 990 581 gubernatio
1004 491 1037 560 ei
1052 515 1149 560 com·

167 601 334 671 mendata
357 610 419 667 est.
468 592 548 667 Etsi
572 608 688 664 autem
711 605 897 675 vocaverat
918 616 999 663 eum
1021 593 1068 662 ad
1093 616 1150 661 re-

167 724 277 791 gnum
293 697 447 788 Bagoas,
472 708 590 765 tamen
609 708 648 765 ut
668 684 804 783 semper
817 694 857 761 in
872 709 967 764 metu
985 707 1069 764 sunt
1082 687 1149 762 ho-

39 814 41 825 ’
167 802 337 886 micidae,
368 794 464 870 hunc
492 820 633 889 qnoque
657 810 837 878 metuens,
867 818 1005 865 veneno
1026 794 1150 865 tollere

145 896 151 907 ’
166 899 319 974 Darium
339 912 484 970 conatus
504 909 567 968 εει.
617 895 687 966 Sed
713 919 750 965 re
766 896 920 966 indicata
935 882 1065 966 Darius
1078 893 1150 964 Ba-

168 1025 270 1092 goam
292 1022 466 1071 venenum
488 997 582 1090 quod
604 996 642 1064 in
665 1021 706 1066 eo
729 997 893 1067 convivio
912 998 987 1086 regi
1002 999 1162 1091 daturus¹

168 1118 260 1186 erat,
285 1103 405 1171 bibere
420 1100 545 1188 co‘e'git.
599 1095 649 1168 lta
666 1096 802 1187 Bagoas
819 1098 990 1169 extinctus
1006 1101 1150 1169 tandem

167 1203 337 1275 scelerum
353 1224 498 1272 suorum
515 1222 644 1292 poenas
660 1198 768 1271 dedit.

268 1300 359 1374 Cum
389 1316 505 1371 autern
535 1302 639 1370 sciret
662 1296 812 1381 Darius,
846 1300 923 1395 iarn
936 1325 958 1370 a
979 1295 1149 1389 Philippo

167 1406 292 1477 missos
307 1427 379 1474 εεεε
394 1402 564 1472 exercitus
577 1403 615 1470 in
624 1399 764 1486 Asiam,
790 1402 900 1472 mittit¹
913 1415 947 1473 et
961 1403 1037 1492 ipse
1051 1422 1150 1469 exer·

167 1505 275 1591 citos,
301 1518 334 1574 et
348 1504 467 1573 classis
482 1506 606 1573 ducem
623 1504 705 1572 lacit
713 1501 943 1572 Memnonem
953 1499 1150 1586 Rhodium,

167 1608 269 1677 cuius
291 1606 415 1697 peritia
438 1604 507 1676 luit
523 1603 713 1688 excellens,
736 1605 826 1674 etin
843 1602 992 1676 Graecia
1006 1616 1149 1673 mortuo

165 1704 334 1798 Philippo
359 1704 548 1783 concitavit
570 1718 691 1774 contra
714 1699 958 1776 Alexandrum
982 1704 1150 1774 civitates.

165 1802 421 1880 Demosthenes
444 1807 569 1889 etiarn,
593 1820 634 1876 ut
654 1806 722 1876 luit
744 1805 944 1899 inquietus,
969 1806 1055 1876 belli
1069 1829 1150 1875 sua-

168 1932 227 1978 sor
246 1909 330 1992 luit,
356 1908 412 1978 cui
433 1909 635 1976 adversatus
656 1920 708 1978 est
722 1904 917 1993 Demades,
941 1908 1003 2000 qui
1020 1907 1087 1991 ait,
1114 1930 1150 1974 se

166 2005 431 2100 reprehendisse
441 2002 689 2078 Demosthenis
705 2009 904 2092 decretum,
930 2009 1025 2100 quod
1043 2007 1151 2077 suerit

144 2194 147 2199 ¹
166 2122 305 2182 tantum
327 2102 485 2199 ὀνόμασι
504 2104 639 2199 καλὸν,
667 2123 701 2178 ει
722 2110 846 2180 luisset
859 2110 1045 2179 exitiosum
1061 2106 1150 2180 Rei·

138 2296 144 2307 .
164 2212 348 2305 publicae,
374 2211 401 2278 si
421 2204 655 2279 Athenienses
670 2211 979 2301 obtemperassent.
1029 2208 1152 2301 Inquit

141 2304 153 2319 ⁴
166 2313 272 2382 etiam
287 2307 495 2395 Aeschines,
520 2306 789 2381 aDemosthene
804 2313 892 2382 adeo
906 2324 1061 2400 spretum
1078 2335 1151 2381 esse

165 2411 427 2494 Alexandrum,
452 2427 492 2484 ut
508 2413 702 2482 nominarit
719 2437 797 2482 eum
812 2408 1012 2510 μαργίτην.

266 2511 357 2583 Cum
378 2512 487 2602 igitur
506 2512 610 2584 multi
634 2510 841 2601 inGraecia
862 2515 1048 2585 florentem
1063 2510 1150 2581 Per-

166 2636 284 2683 sarum
300 2613 490 2705 potentiam
507 2614 742 2697 intuerentur,
769 2627 802 2684 et
817 2616 1033 2686 confiderent
1049 2614 1150 2683 auxi-

166 2714 225 2782 liis
239 2712 408 2798 Persicis,
435 2709 633 2784 hortatores
650 2716 795 2785 fuerunt
816 2716 1021 2786 delectionis
1036 2740 1056 2785 a
1070 2739 1150 2805 rege

165 2811 410 2889 Macedonico.
470 2810 637 2884 Thebani
659 2815 767 2905 igitur
790 2816 1004 2908 praesidinm
1028 2814 1151 2886 Mace-

167 2915 334 2985 donicum
350 2939 390 2984 ex
407 2940 485 2985 arce
500 2918 715 3002 deiecerunt,
739 2930 774 2988 et
787 2921 965 2989 decretum
981 2920 1150 3004 lecerunt,

164 3028 206 3085 ut
237 3015 299 3109 qui
322 3013 491 3087 Graeciae
519 3017 717 3089 libertatem
743 3020 921 3091 defensuri
948 3032 1079 3106 essent,
1112 3044 1150 3090 se

163 3140 243 3186 cum
265 3117 349 3206 ipsis
374 3120 639 3210 coniungerent.
702 3117 798 3191 Haec
819 3145 915 3191 nova
936 3122 1025 3192 belli
1046 3144 1148 3193 causa

164 3217 233 3288 fuit
249 3217 464 3292 Alexandro.

265 3316 350 3390 Post
372 3335 521 3390 mortem
540 3317 700 3412 Philippi
722 3337 841 3412 gentes
864 3323 1069 3409 bellicosae,
1094 3325 1149 3394 vi-

164 3416 263 3486 cinae
284 3416 518 3489 Macedoniae
542 3445 597 3490 res
616 3447 725 3492 novas
745 3425 1002 3510 moliebantur,
1034 3424 1150 3520 lllyrii

165 3531 198 3587 et
223 3516 387 3592 Triballi.
438 3520 578 3590 Horum
603 3525 731 3593 sedatis
754 3525 969 3596 tumultibus
992 3520 1150 3599 Alexan·

164 3619 229 3687 der
250 3618 353 3687 initio
374 3623 473 3707 regni
489 3620 657 3714 Syrmum
672 3648 814 3717 quoquc
830 3648 947 3716 regem
964 3624 1149 3715 Getarum,

163 3739 268 3809 aquo
286 3716 466 3811 Syrmium
484 3735 603 3811 postea
616 3726 839 3796 nominatum
856 3741 928 3811 est,
954 3730 1067 3819 coe‘git
1085 3755 1149 3822 pa-

163 3840 238 3886 cem
258 3833 388 3910 petere.
441 3820 496 3893 lbi
517 3847 597 3891 cum
615 3827 834 3915 cognovisset
856 3824 1050 3900 Thebanos
1070 3833 1146 3902 bel·

162 3917 240 3989 lum
255 3921 417 4006 movisse,
445 3924 605 3993 celeriter
620 3927 658 3994 iu
669 3925 854 3998 Graeciam
870 3931 990 4020 rediit,
1016 3945 1146 4004 etcum

162 4018 299 4112 aliquot
321 4025 450 4112 praelia
475 4027 567 4095 circa
581 4025 793 4098 Cadmaeam
815 4043 850 4101 et
868 4030 906 4099 in
923 4034 1034 4123 portis
1046 4033 1081 4104 T
1082 4031 1147 4106 he-

161 4119 265 4189 banis
284 4124 374 4193 facta
399 4141 530 4210 essent,
554 4127 662 4197 infusi
687 4131 817 4200 milites
831 4128 1026 4204 Alexandri
1050 4135 1145 4208 intra

160 4236 297 4310 portas,
328 4241 518 4316 coeperunt
539 4224 702 4314 Thebas,
726 4232 790 4302 nbi
813 4257 937 4323 magna
962 4238 1084 4308 caedes
1107 4240 1146 4308 in

160 4321 235 4412 ipsa
252 4325 340 4393 urbe
356 4328 444 4395 facta
459 4342 522 4400 est.
577 4327 763 4404 lnterlecta
778 4348 861 4405 sunt
874 4358 933 4404 sex
947 4338 1059 4408 millia
1076 4334 1145 4409 ho-

159 4423 317 4508 minum,
350 4440 447 4515 capta
478 4442 512 4497 et
541 4431 680 4503 redacta
695 4435 749 4503 ‘in
772 4437 976 4507 servitutem
999 4440 1143 4530 triginta

159 4522 285 4594 millia.
337 4523 432 4596 Urbs
446 4524 618 4599 Thebana
635 4533 797 4606 funditus
812 4538 927 4608 deleta
942 4553 1013 4626 eat,
1038 4566 1143 4635 quarn

159 4633 275 4692 tamen
305 4639 425 4716 postea
450 4626 648 4702 Cassander
678 4638 816 4707 restitui
847 4639 959 4712 iussit.
1021 4638 1069 4713 Et
1099 4646 1144 4714 de

159 4722 332 4808 exulibus,
357 4728 637 4819 quiellugerant,
662 4735 841 4809 decretum
852 4753 914 4825 est,
939 4765 1141 4837 nensquam

101 4906 111 4921 Ι
158 4822 208 4892 eis
225 4822 262 4890 iu
280 4821 428 4897 Graecia
444 4824 636 4922 hospitium
650 4839 888 4926 praeberetur.
941 4842 1012 4915 Sed
1028 4840 1143 4916 Athe·

158 4923 296 4994 nienses
310 4951 480 5000 memores
495 4935 621 5003 veteris
635 4936 813 5024 beneficii,
837 4958 1056 5016 cumcontra
1071 4945 1142 5017 La-

157 5027 466 5100 cedaemoniorum
494 5034 674 5106 decretum
707 5033 874 5110 Thebani
902 5044 988 5135 ipsis
1019 5041 1141 5138 bospi-

156 5125 244 5195 tium
269 5131 523 5219 praebuerant,
555 5161 652 5209 nunc
675 5156 883 5230 receperunt
906 5146 1040 5233 exules,
1074 5173 1140 5219 nec

156 5246 215 5294 eos
236 5231 457 5322 expulerunt.
513 5232 616 5311 Hanc
636 5242 887 5331 gratitudinem
910 5261 1030 5339 postea
1051 5247 1140 5322 Ale·

156 5326 287 5394 xander
303 5334 556 5422 comprobavit.

1302 385 1402 459 Auni
1425 401 1508 461 sunt
1523 401 1641 461 autem
1658 388 1704 458 ab
1717 390 1952 481 eotempore,
1974 404 2053 481 quo
2068 405 2109 457 ea

1200 503 1284 584 sunt
1297 485 1460 561 Athenae
1468 514 1494 560 a
1506 490 1692 585 Lysandro
1705 488 1902 591 sexaginta,
1925 497 2099 579 ncemnt
2182 514 2190 527 ·

1200 606 1267 663 resi
1327 589 1418 661 Tam
1447 592 1573 682 exiguo
1602 603 1759 683 tempore
1783 580 1940 682 prinlum
1966 582 2135 660 Athenae
2152 600 2186 660 et

1201 694 1388 785 imperium
1402 694 1595 764 amisemnt
1610 706 1645 763 et
1659 705 1779 783 captae
1792 700 1889 764 aunt.
1922 685 2185 779 PoeteaSparta

1201 796 1329 864 amisso
1350 794 1497 886 imperio
1519 793 1705 866 durissime
1727 793 1856 863 afflicta
1871 805 1935 863 est.
1984 788 2183 862 Necruulto

1201 908 1282 988 post
1301 896 1389 966 urbs
1403 891 1573 966 Thebana
1597 895 1759 966 funditus
1778 894 1892 965 deleta
1917 905 1980 964 εει.
2014 888 2189 983 Tuitus·

1201 999 1232 1066 is
1255 1021 1371 1068 annus
1393 998 1517 1069 tertius
1538 1010 1617 1088 post
1639 996 1836 1067 luctuosam
1854 986 2017 1087 pugnaui
2036 993 2085 1063 ad
2099 986 2185 1064 Che·

1201 1122 1356 1173 roneam.
1408 1096 1459 1169 lta
1484 1123 1563 1169 cum
1585 1095 1761 1168 floruisset
1785 1093 1936 1167 Graecia
1959 1093 2136 1186 sapientia
2154 1105 2185 1165 et

1201 1201 1350 1285 virtute,
1374 1213 1490 1292 postea
1514 1201 1626 1269 laxata
1650 1199 1859 1288 disciplina,
1883 1220 1967 1268 cum
1991 1194 2185 1288 pctulntia

1200 1299 1384 1387 iuniorum
1406 1315 1439 1370 et
1459 1301 1653 1371 ambitione
1676 1301 1768 1370 bella
1793 1322 1868 1369 non
1890 1296 2096 1369 necessaria
2113 1318 2185 1367 mo·

1202 1414 1317 1487 veret,
1343 1425 1550 1492 magnorum
1567 1403 1738 1472 scelerum
1755 1424 1886 1492 poenas
1903 1400 2028 1483 dedit,
2053 1397 2142 1469 sicut
2153 1410 2185 1468 et

1201 1499 1269 1573 hoc
1290 1517 1446 1594 tempore
1458 1502 1645 1573 Turcicam
1667 1502 1893 1597 tyrannidem
1907 1500 2062 1573 attraxit
2075 1498 2185 1579 idolog

1202 1629 1282 1675 rum
1299 1605 1417 1692 cultu,
1442 1605 1654 1675 libidinibus
1667 1618 1702 1676 et
1715 1605 1808 1675 odiis
1824 1603 2049 1677 domesticis.
2186 1632 2201 1677 ε

1303 1736 1459 1830 Dignum
1482 1763 1564 1811 vero
1582 1738 1753 1810 memoria
1767 1739 1970 1811 estfactum
1987 1734 2184 1810 Timocleae

1200 1855 1383 1912 matronae
1398 1837 1608 1921 Thebanae,
1634 1866 1655 1911 a
1676 1865 1745 1935 qua
1768 1864 1846 1910 cnm
1862 1853 2035 1935 posceret
2048 1839 2180 1934 qnidam

1202 1967 1242 2011 ex
1264 1939 1458 2013 Alexandri
1490 1943 1696 2013 ductoribus
1728 1943 1905 2035 quidquid
1929 1937 2092 2014 habebat
2109 1938 2178 2011 auri

1202 2058 1235 2114 et
1252 2045 1407 2134 argenti,
1432 2059 1467 2116 et
1483 2045 1542 2114 illa
1558 2045 1699 2137 corpori
1714 2054 1902 2129 metueret,
1927 2040 2024 2123 dixit
2037 2065 2076 2115 se
2089 2064 2182 2112 mun·

1202 2160 1391 2216 straturam
1412 2171 1484 2239 quo
1504 2146 1695 2220 abiecisset.
1753 2142 1886 2215 Educit
1907 2144 2025 2234 igitur
2043 2143 2181 2214 militent

1202 2249 1245 2315 ad
1260 2261 1405 2337 puteum
1422 2248 1461 2315 in
1475 2242 1639 2333 hortum,
1665 2261 1700 2317 et
1712 2247 1781 2332 ait,
1805 2247 1857 2315 ibi
1873 2246 2095 2316 occultatum
2109 2266 2180 2316 esse.

1201 2346 1362 2441 Cumque
1382 2348 1475 2418 oculi
1500 2349 1623 2418 militis
1646 2350 1689 2418 ad
1714 2363 1862 2442 puteum
1884 2349 2054 2417 conversi
2069 2360 2180 2429 essent,

1201 2450 1276 2540 ipsa
1291 2474 1370 2519 eum
1387 2449 1558 2542 impellit,
1583 2450 1668 2522 etin
1683 2462 1828 2541 puteum
1844 2449 2071 2540 praecipitat.
2115 2445 2178 2517 Po-

1201 2565 1273 2622 atea
1295 2552 1338 2622 ad
1356 2549 1811 2647 Alexandruanfladducitue¹
1824 2548 2023 2636 Matrona,
2047 2549 2107 2644 qui
2122 2571 2179 2618 au-

1201 2654 1302 2722 diens
1327 2652 1404 2723 eius
1424 2653 1684 2739 narrationem,
1717 2667 1753 2723 ει
1774 2652 2007 2723 nobilitatem
2030 2650 2181 2733 familiae,

1201 2754 1302 2824 iussit
1319 2777 1393 2824 eam
1411 2778 1491 2824 cum
1506 2755 1588 2823 filiis
1604 2769 1639 2827 et
1654 2755 1794 2826 filiabus
1810 2754 1966 2824 liberam
1983 2776 2073 2827 esse.
2118 2747 2179 2823 Re·

1199 2878 1258 2944 ges
1284 2856 1379 2925 enim
1402 2870 1443 2926 ut
1465 2857 1616 2926 aliamm
1637 2855 1829 2944 virtutum,
1859 2854 1911 2927 ita
1935 2868 1974 2927 et
1995 2852 2178 2948 pudiciciae

1201 2958 1402 3028 defensores
1418 2980 1493 3027 esse
1505 2958 1645 3031 debent.

1301 3089 1386 3162 Post
1407 3080 1614 3163 Thebarum
1638 3090 1814 3162 excidium
1839 3092 1886 3161 ab
1903 3084 2182 3163 Atheniensib·

1200 3193 1325 3286 petivit
1348 3190 1569 3278 Alexander,
1595 3207 1636 3264 ut
1657 3194 1829 3263 dederent
1849 3207 2044 3276 oratores,
2068 3192 2183 3266 noos

1199 3291 1363 3365 stbenem
1380 3294 1640 3389 etLycurgum,
1665 3293 1728 3388 qui
1744 3294 1878 3363 bellum
1894 3309 2102 3368 suaserant.
2143 3284 2183 3363 Et

1200 3397 1336 3467 censuit
1355 3390 1539 3483 Phocion,
1573 3397 1664 3467 sicut
1687 3396 1774 3466 olim
1797 3372 2004 3465 Erechthei
2029 3396 2122 3466 filiae
2137 3392 2182 3463 la·

1199 3512 1274 3569 ctae
1293 3510 1409 3569 essent
1421 3498 1585 3568 victimae
1599 3522 1664 3590 pro
1680 3496 1811 3589 patria,
1835 3495 1883 3566 ita
1900 3496 1974 3589 ipsi
1993 3492 2180 3593 quoqnead

1198 3593 1334 3670 hostem
1355 3601 1578 3685 accederent,
1604 3624 1644 3670 ac
1666 3620 1702 3669 se
1724 3596 1875 3667 interfici
1895 3611 2124 3690 paterentur,
2142 3606 2176 3665 at

1199 3701 1312 3791 patria
1342 3701 1535 3795 tranquilla
1564 3716 1662 3773 esset.
1722 3695 1792 3771 llic
1813 3694 2176 3801 Demosthenem&

1196 3803 1286 3872 tavit
1308 3799 1510 3896 Apologum
1531 3803 1575 3872 de
1588 3800 1721 3894 Lupis,
1746 3798 1809 3895 qui
1832 3792 2178 3895 pastoribospn

1198 3904 1404 3990 offerebant,
1428 3926 1468 3974 ea
1481 3904 1698 3989 conditione,
1723 3902 1754 3971 si
1769 3924 1874 3971 canes
1887 3903 2080 3991 dederent.
2117 3896 2179 3972 set

1197 4029 1278 4076 cum
1303 4006 1456 4098 populus
1478 4006 1675 4090 dubitaret,
1699 4017 1819 4075 orator
1841 3998 2030 4076 Demades
2049 3998 2180 4075 adAlc·

1196 4108 1372 4179 xandrum
1387 4107 1627 4198 prolectumm
1642 4131 1678 4177 se
1691 4128 1765 4176 esse
1778 4102 1957 4197 promisit.
2015 4103 2112 4175 Huic
2124 4124 2181 4198 pc·

1197 4208 1301 4299 pulus
1327 4211 1389 4290 dat
1410 4209 1596 4295 mandata,
1626 4221 1667 4279 ut
1688 4230 1808 4300 pacem
1829 4217 1937 4296 petat.
2012 4204 2123 4290 ltem,
2146 4214 2182 4275 u

1196 4322 1310 4402 petat,
1349 4333 1396 4379 ne
1426 4323 1598 4399 cogantur
1629 4308 1747 4379 exules
1774 4301 1974 4379 Thebanos
2006 4306 2183 4403 expellere·

1196 4409 1298 4499 Quae
1328 4409 1449 4481 omnia
1471 4407 1641 4482 Demadis
1671 4408 1845 4500 legatione
1876 4408 2074 4500 impetrata
2098 4418 2181 4479 sual.

1194 4509 1292 4583 Haec
1312 4510 1512 4585 Alexandri
1539 4511 1737 4584 moderatio
1767 4511 1805 4579 in
1835 4508 1990 4580 victoria
2015 4506 2182 4579 excdleu

1194 4614 1307 4684 virtus
1320 4614 1407 4700 fuit,
1433 4627 1469 4686 ει
1487 4638 1579 4706 opus
1595 4610 1682 4693 Dei,
1708 4613 1771 4705 qui
1787 4610 2001 4680 incenderat
2015 4631 2103 4679 eum
2115 4606 2181 4679 aia-

1193 4717 1308 4805 gulari
1336 4716 1489 4807 impetu,
1522 4717 1570 4787 ad
1590 4714 1788 4787 faciendam
1813 4707 1958 4798 imperii
1983 4709 2182 4783 translatic-

1192 4839 1295 4901 nem,
1316 4828 1350 4886 et
1366 4815 1585 4906 puniendam
1598 4812 1783 4884 saeviciam
1799 4825 1832 4883 et
1846 4810 1974 4879 luxum
1983 4808 2201 4901 Persarum

1192 4919 1283 4988 sicut
1303 4916 1480 4987 Siracides
1510 4914 1629 5011 inquit
1657 4938 1732 5005 cap.
1751 4912 1827 4983 10.:
1860 4908 2021 5002 Propter
2045 4910 2180 4984 iniusti·

1190 5018 1281 5089 ciam
1297 5041 1445 5109 regnum
1463 5033 1601 5107 agente
1618 5017 1655 5085 in
1673 5027 1812 5106 gentem
1830 5012 2064 5085 uanstertur.

1294 5147 1384 5221 Pace
1405 5150 1595 5221 constituta
1616 5150 1655 5218 in
1672 5145 1821 5219 Graecia
1840 5145 2031 5214 communi
2046 5138 2179 5215 decreto

1187 5251 1394 5324 nominatus
1416 5266 1468 5324 εει
1486 5244 1703 5323 Alexander
1723 5251 1794 5311 doz
1810 5244 2042 5319 Graecorum
2064 5259 2178 5317 com

1186 5340 1323 5437 Persas,
1346 5366 1382 5423 et
1395 5355 1550 5424 munde
1565 5368 1660 5421 auno
1675 5342 1777 5418 duxit
1790 5324 1990 5421 exercffi
2000 5340 2178 5431 infin,
