4680 6038
59 224 139 307 ιιι
700 152 965 298 ιιιιιιιιι
997 212 1449 297 ιιιιιιιιιιιοιιιι.
1835 266 1842 275 -
2023 220 2116 313 ιιι,

59 422 152 496 qnae
168 411 219 470 est
234 420 413 471 summum
436 396 672 485 miraculum,
696 398 826 469 deinde
850 419 934 467 vero
957 395 1053 468 edita
1208 392 1245 465 9.
1285 390 1334 467 Et
1347 392 1582 465 Lovaniensis
1597 391 1767 468 Latomus
1789 396 2007 467 execrandus
2034 411 2098 480 est,

60 501 300 597 promissione
324 503 369 571 de
392 503 603 583 mediatore,
630 514 664 572 et
688 501 812 572 addito
835 522 930 569 novo
944 522 1053 569 ιιιιιιι
1106 499 1167 592 qni
1189 498 1340 591 scripsit,
1369 496 1447 568 tton
1464 498 1570 566 aliam
1587 496 1694 568 fuisse
1709 497 1878 570 noticiam
1896 499 1942 569 de
1955 495 2093 569 Deum

57 604 166 690 caclo,
207 603 476 674 conservatione
504 603 600 675 vitae
632 602 831 695 primorum
854 616 1053 693 parentum,
1105 595 1310 687 Abraham,
1335 624 1441 694 quam
1464 599 1578 694 qualis
1601 599 1697 671 1ιιίι
1686 625 1724 669 ιιι
1743 599 1892 671 Platone
1919 614 1953 672 et
1970 600 2095 671 Xeno-

57 720 95 779 et
117 719 241 827 postea
263 706 343 777 aliis
363 707 487 778 multis
503 706 736 786 testimoniis,
770 703 1052 793 inflammatione
1104 699 1249 795 phonte.
1303 700 1484 772 Adversus
1514 704 1600 773 tales
1631 704 1769 774 furores
1799 704 1989 773 muniendi
2009 718 2095 775 sunt

57 809 306 895 victimarum,
345 808 630 895 conservatione,
671 802 840 878 Nubae
830 830 869 875 ιιι
903 784 1052 892 diluvio,
1102 807 1264 877 omnium
1288 805 1422 891 animi,
1456 829 1521 875 nec
1546 805 1696 877 dubium
1725 819 1778 877 est
1799 805 1995 877 Diabolum
2028 800 2093 877 has

57 924 96 985 et
112 910 208 986 aliis.
1104 903 1340 1001 blasphemias
1355 930 1480 989 serere,
1499 921 1539 979 ut
1553 907 1625 978 sint
1640 908 1680 977 in
1697 904 1763 978 hac
1778 922 1933 981 extrema
1951 920 2091 979 senocto

163 1010 199 1087 1.
234 1011 382 1086 Necesse
409 1027 460 1085 est
483 1026 600 1084 autem
616 1013 731 1084 teneri
747 1010 939 1083 discrimen
956 1008 1050 1080 inter
1103 1012 1229 1083 mundi
1244 1010 1380 1081 semina
1397 1023 1430 1081 et
1445 1006 1660 1107 παρασκευὴ
1676 1009 1828 1082 Tucciae
1844 1012 2046 1103 impietatis.

55 1114 230 1186 noticiam
259 1116 348 1208 legis
378 1132 412 1189 et
442 1115 713 1208 promissionem
745 1113 876 1204 gratiae
906 1124 1051 1204 propter
1207 1113 1266 1186 10.
1299 1111 1491 1184 Notissima
1514 1126 1566 1183 est
1580 1138 1648 1183 vox
1663 1114 1727 1183 filii
1744 1110 1894 1199 Dei,‘in
1910 1138 1981 1208 qua
2000 1113 2092 1184 dici·

56 1218 291 1289 mediatorem
317 1219 430 1290 filium
452 1216 533 1292 Dei.
583 1213 632 1289 Et
659 1240 797 1289 necesse
822 1229 873 1286 est
906 1215 1048 1307 agnosci
1104 1230 1181 1286 tur:
1207 1210 1391 1286 Abraham
1406 1216 1497 1286 vidit
1518 1216 1612 1287 diem
1636 1240 1775 1303 meum,
1800 1229 1835 1287 et
1856 1217 2007 1289 laetatus
2028 1230 2092 1289 est.

56 1314 199 1401 Deum,
223 1320 313 1392 sicut
329 1343 366 1391 se
382 1320 563 1413 patefecit,
590 1344 664 1390 non
680 1334 819 1392 tantum
834 1332 875 1390 nt
892 1313 1048 1387 humana
1100 1314 1149 1389 Et
1163 1316 1269 1388 iacob
1293 1318 1427 1412 inquit:
1453 1317 1536 1389 Non
1559 1319 1738 1388 auferetur
1760 1333 1937 1411 sceptrum
1957 1343 1977 1389 a
2000 1316 2090 1390 Iuda

56 1422 150 1493 ratio
161 1422 312 1513 cogitat,
335 1426 397 1495 sed
411 1437 452 1495 ut
468 1422 674 1493 discrimina
689 1423 799 1494 trium
816 1442 1047 1514 personarum
1100 1421 1213 1491 donec
1226 1422 1363 1493 venerit
1380 1419 1470 1505 Silo,
1491 1423 1536 1492 ad
1552 1421 1667 1512 ipsum
1682 1436 1804 1511 gentes
1819 1423 2091 1513 congregabun-

56 1536 91 1595 et
117 1546 240 1595 earum
261 1526 493 1619 proprietates
517 1525 575 1616 pie
600 1526 867 1616 intelligantur,
891 1534 931 1596 ut
951 1520 1049 1593 Deus
1101 1537 1172 1598 tur.
1221 1519 1268 1595 Et
1284 1536 1406 1615 postea
1422 1537 1540 1594 extant
1556 1523 1757 1595 testimonia
1781 1526 1820 1594 in
1836 1522 2026 1619 Prophetis
2043 1523 2090 1592 il·

55 1639 153 1698 recte
167 1628 352 1699 invocetur
365 1643 398 1700 et
417 1628 567 1698 colatur.
1100 1625 1266 1697 lustriora
1284 1628 1329 1697 de
1345 1627 1419 1696 filio
1433 1623 1499 1697 Dei
1518 1627 1725 1714 mediatore,
1748 1625 1841 1701 Psal.
1856 1629 1909 1704 2.:
1935 1622 2090 1698 Oseula-

161 1727 196 1803 ὅ.
230 1728 302 1800 Lex
317 1744 369 1802 est
385 1744 526 1805 aeterna
543 1742 577 1800 et
591 1729 737 1800 immota
753 1728 923 1820 sapientia
940 1740 974 1798 et
991 1750 1048 1797 re-
1099 1726 1189 1797 mini
1211 1728 1345 1809 filium,
1375 1740 1409 1798 et
1429 1731 1523 1820 apud
1544 1727 1704 1799 Esaiam:
1738 1728 1879 1802 Noticia
1902 1731 1996 1802 servi
2019 1729 2090 1798 mei

57 1830 140 1920 gula
157 1831 315 1903 iusticiae
331 1834 370 1902 in
387 1833 483 1919 Deo,
508 1832 711 1903 discernens
737 1845 830 1903 recta
848 1843 882 1901 et
899 1854 972 1899 non
990 1854 1047 1900 re-
1099 1831 1182 1901 iusti
1200 1831 1403 1901 iustificahit
1419 1832 1570 1917 multos,
1598 1848 1664 1907 etc.

57 1944 133 2020 tta,
165 1947 199 2004 et
229 1930 453 2007 horribiliter
484 1935 638 2005 irascens
665 1934 927 2019 contumaciae,
957 1955 1047 2025 qnae
1207 1936 1265 2008 11.
1296 1932 1444 2024 Semper
1462 1934 1571 2023 igitur
1594 1958 1677 2005 vera
1687 1929 1846 2005 Ecclesia
1868 1958 1967 2006 suam
1985 1936 2090 2002 invo-

55 2049 231 2125 repugnat
248 2033 332 2107 huic
347 2061 494 2107 normae
511 2036 550 2105 in
566 2038 654 2129 ipso,
681 2050 714 2107 et
729 2035 898 2128 patefacta
914 2045 965 2103 est
979 2028 1047 2102 ho
1099 2036 1275 2108 rationem
1292 2036 1454 2106 distinxit
1468 2038 1514 2105 ab
1532 2032 1696 2121 ethnica,
1723 2037 1911 2128 praecipue
1928 2032 1985 2108 his
2001 2037 2089 2107 arti·

10 2136 16 2195 ἶ·
55 2136 253 2208 minibus
243 2164 280 2207 ιιι
306 2141 485 2210 creatione
493 2191 508 2228 ,
534 2152 569 2208 et
586 2150 705 2258 postea
726 2160 828 2230 saepe
845 2135 994 2229 repetita
1011 2144 1066 2205 ct
1099 2138 1188 2209 culis
1210 2139 1392 2229 agnitione
1423 2139 1606 2255 doctrinae
1634 2141 1679 2208 de
1710 2139 1861 2210 essentia
1884 2136 1954 2209 Dei
1989 2141 2090 2208 etde

56 2238 234 2311 declarata
249 2266 336 2310 voce
352 2242 490 2326 divina,
513 2253 555 2311 ut
569 2240 739 2324 sciamus,
768 2241 863 2332 quod
881 2238 926 2309 sit
940 2234 1047 2323 Deus,
1099 2241 1289 2313 voluntate.

10 2352 88 2419 ’.ιι
105 2341 224 2432 qualis
239 2343 302 2427 sit,
326 2344 490 2433 obligans
506 2366 630 2412 omnes
654 2355 832 2412 creaturas
845 2340 1047 2427 rationales,
1204 2345 1264 2417 12.
1297 2341 1389 2413 Vera
1406 2339 1564 2413 Ecclesia
1587 2344 1749 2414 intuetur
1765 2343 2018 2437 patefactiones
2032 2344 2090 2411 di·

10 2452 87 2519 :st
122 2445 307 2530 postulans
337 2458 380 2515 ut
415 2468 539 2514 omnes
573 2445 646 2514 sint
678 2444 921 2513 conformes
909 2444 977 2536 rpsi
1012 2454 1046 2512 et
1097 2447 1219 2530 vinas,
1244 2457 1278 2515 et
1304 2446 1462 2535 agnoscit
1487 2469 1595 2513 unam
1620 2469 1694 2515 esse
1716 2445 1875 2515 divinam
1901 2444 2089 2515 essentiam

10 2530 230 2633 stsmnans
246 2570 286 2614 ac
302 2548 487 2617 destruens
501 2569 625 2616 omnes
639 2569 713 2615 non
728 2546 948 2631 conformes
973 2544 1045 2613 nisi
1097 2547 1340 2631 conditricem,
1366 2560 1548 2618 aeternum
1566 2561 1714 2639 patrem,
1739 2547 1868 2632 filium,
1882 2548 2088 2642 dequolo-

10 2633 26 2683 ⁸
56 2642 116 2715 hat
130 2668 293 2717 remissio
310 2660 345 2718 et
359 2649 603 2719 reconciliatio
620 2660 766 2741 propter
783 2649 896 2719 filium
910 2647 1044 2717 inedia
1098 2664 1258 2745 quuntur
1271 2671 1535 2741 promissiones
1561 2664 1595 2721 et
1614 2648 1791 2741 Spiritum
1805 2662 1978 2733 sanctum,
2005 2673 2090 2741 pro·
2106 2712 2110 2719 .

10 2756 182 2819 torem.
1097 2755 1280 2825 cedentem
1304 2752 1350 2823 ab
1373 2765 1518 2823 aeterno
1534 2767 1652 2844 patre,
1679 2767 1714 2824 et
1730 2766 1917 2824 coaeterno
1934 2752 2031 2837 filio,
2054 2766 2090 2823 et
2166 2766 2170 2773 '

156 2850 193 2922 6.
235 2846 470 2943 Evangelium
491 2867 542 2925 est
567 2853 781 2946 praedicatio
804 2852 1044 2941 poenitentiae
1095 2856 1162 2927 scit
1182 2878 1220 2925 se
1244 2855 1371 2946 recipi,
1394 2855 1574 2938 exaudiri,
1597 2869 1631 2926 et
1652 2856 1782 2926 salvari
1796 2871 1943 2949 propter
1963 2855 2090 2935 filium,

53 2962 88 3021 et
108 2952 374 3041 promissionis,
399 2980 490 3049 quae
512 2980 586 3027 non
610 2970 661 3027 est
684 2956 838 3027 naturali
854 2957 933 3027 luce
948 2968 1044 3037 nota,
1096 2958 1158 3052 qui
1182 2958 1395 3030 constitutus
1412 2974 1464 3030 est
1479 2957 1664 3030 mediator.
1717 2957 1789 3029 Sed
1804 2972 1979 3048 vagantur
1994 2952 2089 3029 Eth-

51 3054 114 3123 sed
137 3076 178 3122 cx
201 3076 329 3126 arcano
352 3060 502 3130 consilio
527 3059 726 3131 divinitatis
752 3058 943 3149 partilium
959 3083 1043 3151 pro-
1097 3061 1168 3130 nici
1184 3056 1352 3130 horribili
1369 3075 1402 3130 et
1420 3060 1638 3151 deploranda
1654 3061 1820 3143 amentia,
1847 3061 1931 3154 quia
1948 3060 2090 3150 fingunt

47 3154 125 3227 lata
144 3169 213 3241 est,
239 3182 309 3249 qua
325 3157 422 3230 Deus
447 3158 589 3233 exhibet
612 3161 858 3231 remissionem
881 3174 1044 3250 peccato·
1096 3163 1156 3231 alii
1174 3162 1273 3232 aliud
1296 3186 1370 3231 esse
1384 3160 1523 3243 Deum,
1545 3161 1656 3232 etalii
1673 3163 1793 3254 plures
1809 3160 2088 3232 comminiscun-

47 3282 144 3344 rum,
169 3262 516 3349 reconciliationem,
542 3264 772 3336 donationem
789 3260 944 3354 Spiritus
961 3283 1045 3331 san·
1095 3282 1174 3348 tur,
1197 3279 1371 3335 etomncs
1389 3263 1566 3349 dubitant,
1581 3275 1678 3333 anet
1696 3264 1879 3382 quomodo
1897 3263 2089 3335 exaudian-

47 3360 117 3447 cti,
142 3360 302 3432 rustrcrae
319 3378 352 3434 ct
368 3365 460 3435 vrtac
475 3381 637 3438 aeternae
652 3376 798 3456 propter
812 3365 1043 3432 mediatorem
1096 3382 1164 3439 tur.
1197 3363 1363 3457 Denique
1382 3367 1461 3436 tetri
1479 3381 1562 3437 sunt
1580 3366 1718 3435 furores
1733 3390 1895 3435 οιιιιιιιιιιι
1913 3379 2011 3435 entra
2028 3390 2089 3433 ve

48 3476 85 3533 et
100 3486 167 3555 per
183 3488 264 3533 eum
279 3467 395 3556 gratis
409 3469 479 3538 fide
494 3469 748 3561 accipientibus
760 3489 1071 3557 promissionem
1097 3494 1172 3538 ιιιιιι
1189 3466 1255 3538 Der
1273 3464 1489 3546 Ecclesiam
1516 3492 1670 3563 quorum
1688 3469 1927 3540 consideratio
1944 3484 2086 3537 moveat

48 3562 150 3635 Haec
170 3567 309 3637 diversa
333 3590 460 3659 genera
483 3573 665 3642 doctrinae
689 3572 804 3661 palam
830 3570 1071 3643 discernun-;
1067 3530 1071 3603 j
1067 3572 1172 3711 ¹pias
1196 3584 1349 3656 mentes,
1381 3584 1421 3640 ιιι
1448 3570 1520 3640 Deo
1544 3570 1673 3660 gratias
1704 3585 1830 3661 agant,
1861 3572 1957 3690 quod
1988 3594 2024 3640 se
2050 3572 2089 3639 in

47 3682 127 3754 tur,
154 3670 246 3740 int.
235 3696 339 3762 ‚cap.
359 3668 433 3741 loh
427 3697 497 3746 ιιι
532 3674 604 3744 Lex
627 3697 689 3764 per
707 3670 848 3742 Morsen
876 3677 957 3744 data
977 3686 1071 3801 est,
1067 3648 1251 3744 ¹Ecclesia
1286 3700 1348 3743 sua
1382 3672 1567 3765 patefecit,
1610 3687 1644 3743 et
1679 3697 1760 3745 eum
1796 3688 1888 3744 recte
1922 3677 2089 3744 invocare

46 3769 957 3866 gratiaetveritasperlesumChristumfactaest.
992 3744 1071 3845 Et
1067 3812 1071 3913 Ι
1095 3777 1253 3863 discant,
1289 3778 1384 3846 iuxta
1417 3776 1570 3846 dictum:
1609 3774 1809 3848 Dominum
1832 3774 1947 3847 Deum
1986 3790 2086 3846 tuum

47 3870 231 3945 Βοιιι..;3
258 3874 452 3946 Nuncsine
475 3876 794 3969 legeiusticiaDei
820 3878 1071 3947 manifestata
1094 3880 1278 3963 adorabis,
1304 3895 1336 3949 et
1352 3904 1383 3947 er
1375 3877 1465 3948 soli
1480 3902 1621 3947 servies
1714 3950 1721 3965 ,

44 3988 119 4059 est,
146 3977 364 4048 testificata'
355 4004 392 4047 ιιι
416 3981 491 4070 lego
514 3996 547 4053 et
564 3977 813 4071 Prophetis,
802 3981 939 4050 iusticia
957 4001 1041 4047 vero
1201 3982 1258 4052 la.
1300 3979 1401 4052 Est
1391 3983 1500 4071 igitur
1523 3982 1561 4049 in
1586 3980 1812 4051 invocatione
1838 3995 1872 4051 et
1893 3980 2087 4070 descriptio

41 4030 315 4171 Deiperlidem
334 4079 410 4152 ihu
425 4079 572 4154 Christi.
625 4078 672 4153 Et
690 4080 832 4156 Gala
857 4081 1042 4171 Siexlege
1097 4084 1162 4153 Dei
1188 4084 1394 4173 cogitanda,
1428 4095 1467 4154 ut
1490 4083 1713 4153 discernatur
1733 4078 1831 4153 Deus
1851 4083 1896 4152 ab
1918 4082 2088 4151 omnibus

41 4194 138 4253 esset
156 4177 373 4269 haereditas
399 4209 471 4254 non
489 4199 578 4255 esset
592 4210 633 4255 ex
650 4209 885 4277 promissione
900 4199 961 4257 etc
1066 4188 1282 4287 {creaturis,
1326 4199 1360 4256 et
1383 4209 1403 4255 a
1428 4185 1685 4256 commenticiis
1716 4184 1938 4256 numinibus.
1990 4182 2088 4256 Deus

150 4282 187 4357 7.
214 4282 463 4358 Firmissime
452 4290 563 4379 igitur
579 4290 732 4358 tenenda
750 4301 800 4357 est
815 4289 988 4357 sententia
1007 4290 1070 4357 et
1094 4304 1143 4359 cst
1161 4288 1311 4360 essentia
1336 4288 1550 4379 spiritualis,
1577 4286 1802 4377 intelligens,
1827 4302 1990 4374 aeterna,
2016 4284 2086 4357 alia

41 4384 264 4507 verecolligi
285 4384 479 4460 Ecclesiam
496 4390 561 4460 Dei
588 4405 786 4474 aeternam,
812 4415 898 4460 voce
915 4387 1040 4461 Evan
1093 4392 1307 4462 acreaturis
1332 4391 1517 4475 omnihus,
1543 4413 1667 4474 veras,
1703 4394 1816 4476 frona,
1841 4391 1951 4476 iusta,
1981 4405 2086 4471 casta,

39 4470 136 4581 gelis
147 4489 379 4580 etsgnitione
402 4494 628 4574 mediatoris,
655 4507 689 4564 et
713 4516 897 4585 nunquam
915 4488 1041 4563 Eccle·
1094 4494 1311 4579 misericors,
1353 4493 1530 4573 benefica,
1570 4493 1771 4577 liberrima,
1803 4495 1999 4563 immensae
2030 4508 2088 4561 sai

41 4590 136 4663 ιὶιιιι
153 4588 220 4661 Der
235 4593 362 4679 fmsse
387 4619 452 4665 nec
471 4619 564 4680 esse,
593 4610 659 4666 nec
675 4597 832 4665 futuram
852 4620 944 4677 esse,
972 4574 1069 4665 ho-·
1092 4595 1245 4688 pientiae
1280 4609 1315 4667 et
1350 4595 1545 4715 potentiae,
1588 4595 1743 4666 irascens
1775 4597 1943 4687 peccatis,
1965 4608 2086 4695 pater

38 4694 160 4765 ntines
178 4693 382 4784 ignorantes
399 4720 520 4768 vocem
537 4652 724 4789 Evangelii
743 4710 777 4767 et
794 4700 1039 4773 mediatorem
1092 4713 1275 4785 aeternus,
1309 4699 1371 4791 qni
1395 4697 1543 4768 filium
1532 4698 1723 4788 imaginem
1749 4722 1848 4769 suam
1872 4699 1916 4767 ab
1939 4712 2084 4767 aeterno

37 4794 127 4869 sed
138 4800 292 4871 oenenda
316 4806 370 4870 en
391 4797 596 4871 vo'xPauli:
622 4798 912 4872 Fundamentum
939 4802 1037 4873 aliud
1091 4801 1234 4891 genuit,
1260 4814 1294 4872 et
1310 4800 1434 4871 fihus
1423 4821 1538 4890 imago
1556 4801 1667 4893 patris
1691 4814 1892 4884 coaeterna,
1920 4813 1952 4868 et
1968 4797 2086 4891 Spin

36 4922 153 4971 nemo
175 4922 309 4991 ponere
331 4915 464 4993 potest,
498 4918 638 4994 praeter
659 4904 714 4987 id,
754 4904 852 4998 quod
881 4905 1037 4997 positum
1091 4919 1147 4975 tus
1171 4917 1314 4975 sanctus
1331 4903 1527 4994 procedens
1548 4927 1567 4972 a
1592 4918 1722 4995 patre
1707 4916 1740 4973 et
1757 4902 1851 4988 filiu,
1877 4902 2086 4993 sicutpate·

36 5014 113 5091 eu,
136 5006 235 5097 quod
254 5017 307 5075 est
323 5002 420 5074 lesus
434 4998 611 5082 Christus.
961 5006 967 5015 ’
1089 5006 1181 5077 facta
1196 5019 1251 5077 est
1266 5006 1436 5077 divinitas
1454 5018 1550 5077 terto
1566 5006 1676 5076 verbo
1694 5018 1729 5076 et
1754 5004 1967 5076 testimoniis
1991 5004 2085 5073 divi-

143 5104 180 5179 8.
207 5103 328 5196 Quare
346 5101 597 5195 Thammerus,
624 5108 687 5203 qui
713 5108 960 5180 confusionem
982 5108 1039 5178 fa·
1090 5109 1166 5194 nis,
1192 5110 1288 5204 quod
1306 5121 1408 5201 pater
1422 5122 1589 5180 aeternus
1604 5132 1684 5178 cum
1702 5106 1775 5179 filio
1801 5121 1835 5181 et
1849 5105 1988 5201 Spiritu
2004 5129 2087 5175 san

34 5201 342 5281 eitEthnicorum
371 5222 405 5280 et
426 5206 626 5293 Ecclesiae,
666 5211 752 5301 legis
782 5208 1035 5301 ctEvangelii‚
1089 5227 1145 5282 cto
1170 5211 1388 5296 condiderit,
1413 5227 1446 5282 et
1468 5225 1652 5282 conservet
1678 5212 1816 5280 coelum
1841 5223 1875 5280 et
1899 5224 2029 5282 terram
2049 5222 2083 5279 et

60 5307 443 5385 nmscribitEthnicos
458 5310 806 5407 novisseChristum,
820 5314 904 5409 quia
923 5315 1034 5405 legem
1087 5336 1211 5383 omnes
1237 5329 1434 5394 creaturas,
1463 5328 1498 5384 et
1521 5315 1616 5383 adsit
1640 5312 1809 5383 omnibus
1824 5313 1994 5383 creaturis
2012 5336 2083 5404 qno

60 5424 196 5497 munt,
221 5417 439 5487 execrandus
453 5428 516 5488 est.
1086 5416 1131 5486 ad
1150 5416 1482 5503 conservationem,
1508 5431 1543 5489 et
1557 5415 1701 5509 colligat
1719 5415 1821 5488 sibi
1810 5440 1848 5486 m
1865 5438 1991 5508 genere
2015 5409 2085 5485 hu-
