4680 6038
5 826 10 1043 l

75 190 142 269 tat
631 185 791 273 utet.
822 188 898 269 llll
927 184 1164 270 stnttsts
1198 183 1528 291 saxotttcm.
1705 183 1711 193 ’
2021 205 2095 282 122

72 383 169 439 meae
183 361 319 455 patriae
330 359 425 435 Salis
441 361 558 435 tontes
581 363 768 456 praebuit,
794 377 829 437 et
849 363 921 436 iam
945 388 1059 447 annos
1107 380 1201 435 cesse
1215 376 1278 435 est.
1328 359 1376 437 Et
1389 356 1520 437 llu'vius
1535 359 1616 436 Sala
1632 387 1764 435 nomen
1778 358 1885 440 babet
1899 390 1921 449 a
1935 370 2025 460 sale,
2051 387 2092 449 ut

72 463 311 556 septingentos
333 463 384 535 ibi
406 479 542 550 servat,
567 489 718 560 eumque
735 489 800 537 oro
815 479 891 539 toto
905 482 1061 559 pectore,
1107 463 1147 538 iu
1169 461 1255 538 Asia
1276 467 1500 539 notissimum
1523 465 1656 536 flumen
1678 463 1809 562 Halys,
1846 467 1947 547 cuius
1974 473 2091 566 ripam

71 579 108 638 ut
123 565 292 658 deinceps
308 565 358 637 ibi
375 579 410 636 et
426 568 622 638 ubertatem
642 567 774 640 terreni
792 568 876 643 salis
897 563 953 641 his
975 572 1057 641 ion·
1104 590 1190 658 gens
1204 567 1341 667 Heneta
1357 569 1462 640 etiam
1484 568 1664 664 quondam
1685 569 1819 653 tenuit,
1844 584 1884 642 ut
1901 562 2091 666 Argonau-

70 666 185 757 tihus‚
209 680 245 738 et
257 667 365 739 salem
382 668 567 739 coelestem
587 668 731 739 divinae
745 671 929 743 doctrinae
950 673 1057 745 uobis
1105 671 1165 742 tici
1180 669 1347 742 carminis
1361 670 1512 763 scriptor
1526 683 1657 745 narrat.

69 766 251 860 largiatur.
1207 773 1330 865 Itaque
1344 772 1434 862 grati
1448 771 1663 843 celebremus
1670 767 1738 841 Dei
1753 771 1973 863 beneficium,
1989 778 2087 872 quod

168 866 384 963 Priusquam
399 884 518 943 autem
532 872 577 942 de
592 871 675 943 salis
691 887 818 947 natura
840 875 976 969 dicam,
1010 874 1055 946 de
1105 887 1157 947 tot
1184 873 1312 946 seculis
1342 899 1383 943 ex
1411 869 1468 946 his
1493 873 1624 944 nostris
1646 874 1805 944 lontibus
1827 898 1973 966 magnae
1995 878 2088 972 parti

68 981 238 1044 vetustate
270 971 425 1042 sontium
459 997 568 1065 pauca
601 977 895 1050 commemorabo.
962 973 1054 1047 Nam
1105 974 1318 1048 Germaniae
1338 975 1447 1046 salem
1471 975 1629 1065 largitur.
1683 972 1875 1047 Gratitudo
1894 978 1999 1052 etiam
2023 1002 2088 1073 pa-

66 1071 284 1145 diuturuitas
309 1072 415 1145 etiam
439 1054 612 1164 ostendit,
651 1071 717 1149 hos
739 1079 856 1152 loutes
876 1076 945 1152 Dei
963 1100 1054 1172 opus
1102 1079 1190 1149 triae
1206 1101 1303 1149 meae
1318 1076 1507 1165 etcivihus
1522 1076 1688 1158 debetur,
1715 1078 1778 1171 qui
1793 1077 1929 1169 legibus
1946 1082 2088 1153 munie-

68 1196 153 1249 esse.
1103 1174 1273 1253 routhas
1296 1180 1443 1264 salinas,
1477 1191 1511 1249 et
1534 1191 1704 1271 quantum
1727 1193 1893 1271 possunt,
1917 1182 2087 1255 aediliciis

164 1273 333 1366 Legimus
362 1277 491 1371 scripta
518 1279 625 1371 digna
649 1279 736 1368 fide,
774 1305 866 1377 quae
894 1272 1053 1370 narrant,
1102 1297 1137 1356 et
1150 1305 1276 1371 magna
1292 1280 1494 1353 assiduitate
1510 1304 1696 1371 operarum
1711 1292 1868 1357 tuentur.

64 1370 249 1450 Othonem
265 1376 424 1467 Brimnm
441 1375 636 1454 hosioutes
651 1383 734 1453 salis
749 1383 949 1457 attribuisse
961 1378 1052 1479 Epi·
1203 1383 1300 1455 llaec
1325 1383 1440 1454 officia
1472 1406 1553 1452 cum
1587 1383 1725 1473 prosint
1757 1381 1880 1453 multis
1912 1382 2087 1470 gentibus,
2236 1427 2245 1437 -

64 1501 170 1572 scopo
187 1477 495 1571 Meideburgeusi,
527 1483 651 1578 quain
670 1507 708 1555 re
726 1487 904 1579 etpietaa‚
935 1499 971 1558 et
993 1510 1050 1559 aa·
1101 1487 1259 1580 prolecto
1283 1484 1531 1568 iniustisunt,
1572 1485 1634 1576 qui
1662 1482 1762 1552 urbis
1791 1483 2084 1576 tranquillitatem

63 1580 197 1674 pientia
228 1581 464 1657 laudatissimi
492 1581 671 1679 Principis
701 1588 927 1681 conspicitur.
1001 1586 1051 1663 Ut
1100 1589 1264 1679 turbant,
1290 1599 1323 1658 et
1340 1610 1466 1658 nocere
1481 1585 1619 1656 civibus
1632 1584 1793 1675 cupiunt.

63 1680 159 1754 euim
186 1686 405 1771 ostenderet,
447 1709 483 1756 se
507 1686 627 1773 lateri,
665 1684 731 1759 hos
754 1692 869 1766 fontes
889 1712 964 1762 esse
981 1689 1050 1763 Dei
1085 1764 1089 1775 ,
1202 1689 1273 1761 Sed
1291 1689 1385 1759 dicat
1403 1687 1549 1785 aliquis:
1576 1683 1672 1775 Quid
1700 1699 1882 1778 tantopere
1903 1682 2085 1777 praedicas

62 1785 220 1870 donum,
262 1785 437 1878 primitias
458 1788 543 1891 inde
564 1791 781 1863 consecravit
800 1792 899 1884 Deo,
935 1793 986 1864 sic
1008 1806 1050 1865 ut
1100 1787 1391 1867 hocheneticium
1410 1790 1448 1859 in
1469 1812 1507 1859 re
1527 1788 1606 1873 vili,
1633 1802 1668 1858 et
1688 1811 1755 1881 qua
1778 1811 1897 1857 carere
1918 1781 2085 1857 homines
2137 1836 2141 1847 .

62 1887 271 1979 prodessent
286 1889 330 1958 ad
346 1890 650 1964 conservationem
674 1893 868 1986 evangelici
887 1895 1049 1966 ministe-
1100 1893 1272 1986 possunt?
1333 1889 1428 1961 Num
1465 1892 1545 1961 ideo
1578 1888 1683 1958 nobis
1713 1886 1949 1982 Hesperidum
1987 1881 2084 1957 horti

59 1988 104 2058 rii
124 1987 165 2057 in
183 1981 250 2058 hac
266 1989 409 2062 vicinia.
1099 1992 1370 2086 magnifaciendi
1388 2006 1489 2075 sunt,
1515 2004 1575 2062 aut
1590 1990 1745 2061 adeundi
1762 2014 1825 2082 per
1833 1988 1973 2083 Syrtes,
1998 1986 2082 2081 quia
2208 1984 2211 1991 ’

162 2085 303 2161 Deinde
319 2086 426 2163 huius
441 2091 731 2168 consiliiethaec
748 2120 848 2168 causa
865 2096 945 2174 luit.
982 2096 1048 2170 sa-
1099 2094 1268 2190 silphium
1285 2094 1460 2185 gignunt?
1490 2087 1978 2183 AutideopetendaArabia‚
1998 2087 2081 2182 qnia

60 2189 158 2261 linae
178 2192 364 2284 publicum
386 2194 521 2266 bonum
548 2211 650 2284 sunt,
686 2211 722 2271 et
743 2199 936 2272 multarum
961 2222 1048 2290 gen·
1099 2195 1181 2271 thus
1199 2198 1330 2288 gignit,
1356 2220 1437 2267 cum
1453 2191 1510 2265 his
1528 2195 1632 2265 rebus
1647 2191 1978 2285 carerepossimus?

59 2290 150 2383 tirun
168 2317 272 2377 causa
294 2299 556 2368 conservandae
575 2312 671 2371 sunt.
723 2298 772 2372 Ut
796 2300 905 2391 igitur
925 2325 1047 2394 parce-
1143 2352 1148 2360 .
1201 2299 1347 2388 lngrata·
1367 2311 1418 2369 est
1439 2292 1597 2397 bumana
1620 2308 1745 2366 natura
1765 2291 1864 2379 Deo,
1896 2316 1986 2386 quae
2015 2312 2082 2375 res,

58 2407 160 2464 retur
175 2389 233 2465 his
248 2399 409 2469 sontibus
424 2398 461 2467 iu
480 2400 602 2485 bellis,
627 2400 789 2474 attribuit
803 2398 1047 2480 eosEcclesiis.
1098 2425 1184 2496 quas
1201 2401 1316 2471 voluit
1329 2398 1427 2471 Deus
1444 2422 1517 2468 esse
1541 2417 1766 2482 communes,
1791 2396 1886 2493 quia
1898 2406 1980 2465 sunt
2004 2414 2081 2461 ma·

58 2493 157 2585 Quia
184 2510 270 2568 tunc
302 2501 445 2594 quidem
472 2498 705 2573 Germanicae
724 2504 847 2595 ‘gentis
870 2502 986 2577 adhuc
1005 2528 1045 2575 ea
1096 2504 1189 2575 xime
1220 2501 1453 2585 necessariae,
1489 2512 1676 2592 propterea
1709 2499 1805 2591 quod
1837 2509 1919 2567 sunt
1946 2493 2084 2577 obviae,

49 2598 334 2687 -modestialuit,
356 2602 516 2675 utctiam
535 2604 695 2675 inbellis
717 2606 909 2679 abstineret
928 2609 977 2677 ob
1002 2606 1046 2676 iis
1096 2605 1240 2676 viliores
1261 2626 1335 2674 esse
1353 2616 1480 2676 censet.
1536 2598 1681 2675 Rectius
1702 2598 1899 2682 Pindarus,
1932 2596 1993 2690 qni
2016 2593 2080 2664 ait:

58 2700 185 2786 rebus,
217 2726 309 2796 quae
331 2698 498 2774 Ecclesiis
520 2720 740 2778 consecratae
765 2723 875 2779 erant.
929 2706 1044 2798 Quem
1095 2707 1249 2805 ἄριστον
1279 2700 1397 2798 ὕδωρ.
1462 2701 1681 2795 Sapientiam
1719 2714 1753 2771 et
1789 2698 1983 2770 bonitatem
2011 2691 2081 2767 Dei

56 2801 167 2872 inisse
191 2826 326 2874 morem
348 2806 550 2893 vetustatis,
591 2823 625 2881 et
649 2833 690 2878 ex
713 2807 872 2881 Homero
892 2809 1045 2903 intelligi
1095 2830 1322 2901 agnoscamus
1341 2806 1379 2874 in
1400 2800 1466 2875 hae
1491 2805 1565 2897 ipsa
1585 2803 1711 2874 muudi
1733 2799 1956 2880 oeconomia,
1983 2796 2079 2890 quod

57 2917 193 2995 potest,
218 2907 280 2999 qui
304 2907 445 2993 scribit,
470 2910 661 2981 exercitum
677 2907 853 2981 Graecum
877 2914 1044 3002 pestilen-
1093 2936 1149 2982 res
1164 2909 1317 2981 maxime
1333 2907 1544 2979 necessarias
1566 2905 1695 2997 passim
1717 2903 1840 2975 obvias
1861 2924 1934 2973 esse
1955 2898 2080 2970 voluit.

57 3006 103 3077 tia
118 3003 286 3099 punitum
303 3030 387 3095 esse,
405 3023 549 3101 propter
564 3002 697 3104 raptam
708 3011 909 3085 Sacerdotis
923 3015 1044 3089 filiam.
1091 3013 1249 3085 Naturae
1270 3008 1517 3103 praestantiam
1533 3007 1658 3096 etiam,
1685 3018 1857 3102 quantum
1880 3021 2080 3096 possumus,

55 3101 103 3179 Bt
123 3110 219 3199 apud
244 3105 456 3201 Sophoclem
478 3109 651 3184 Hercules
677 3115 740 3187 dat
766 3118 933 3188 mandata
954 3113 1043 3188 Phi·
1092 3115 1368 3188 consideremus.
1819 3116 1824 3125 ’

56 3209 255 3281 immisti
272 3207 427 3308 pyffh⁰2
449 3238 494 3283 ¹¹0
516 3217 647 3306 tempta
670 3217 819 3289 violent.
869 3215 1045 3291 AcToti·
1195 3214 1303 3288 Sedu
1318 3237 1392 3281 rem
1409 3213 1583 3282 miseram.
1635 3203 1997 3281 Fruimurbeueticiis
2012 3198 2080 3272 Dei

55 3311 105 3382 las
129 3335 192 3382 rex
216 3309 409 3385 Gottbicus
424 3311 562 3386 Rornae
581 3312 867 3389 Christianorum
892 3319 1044 3409 templis,
1094 3314 1427 3398 innumerabilibus,
1456 3311 1609 3383 etmulti
1627 3330 1823 3380 necrerum
1841 3307 1994 3398 ipsarum
2014 3326 2079 3373 na·

55 3413 259 3506 etpopulo,
281 3417 344 3510 qui
362 3416 399 3485 in
417 3439 455 3485 ea
470 3410 695 3509 confugerat,
722 3423 889 3513 pepercit.
927 3419 1044 3507 Nunc,
1093 3433 1191 3490 toras
1221 3415 1414 3508 aspiciunt,
1448 3437 1514 3485 nee
1542 3425 1698 3484 autorem
1730 3420 1916 3502 quaemut.
1981 3401 2081 3474 Haec

55 3516 159 3588 ot'in
185 3515 267 3586 aliis
290 3518 412 3590 multis
431 3520 556 3607 rebus,
588 3522 770 3593 barbaries
791 3536 826 3595 ct
848 3522 1044 3617 petulantia
1093 3518 1233 3610 ignavia
1257 3517 1460 3588 detestanda
1482 3527 1545 3588 est.
1608 3511 1733 3601 Caligo
1754 3533 1838 3581 vero
1863 3509 1992 3578 mentis
2016 3507 2080 3575 de-

54 3618 171 3689 maior
185 3631 250 3691 est.
1094 3621 1266 3714 ploranda
1288 3632 1359 3704 est,
1384 3618 1481 3711 quod
1508 3616 1613 3688 etiam
1634 3608 1714 3684 crim
1735 3624 1899 3682 naturam
1923 3606 2081 3702 inquiri·

156 3714 342 3795 Credibile
370 3733 421 3791 est
451 3735 587 3806 antem,
613 3736 650 3795 et
675 3738 756 3796 autc
777 3718 959 3797 Othonem
982 3725 1046 3795 din
1093 3746 1192 3809 mus,
1220 3734 1340 3793 tamen
1363 3720 1420 3788 vix
1442 3717 1589 3810 procul,
1616 3730 1665 3805 nt.
1677 3713 1822 3785 urbium
1845 3709 1971 3806 procul
1993 3730 2081 3778 con·
2211 3802 2214 3807 y

54 3816 118 3892 has
134 3821 274 3891 salinas
296 3819 424 3904 luisse,
447 3823 530 3915 quia
553 3824 698 3896 nomina
722 3829 933 3912 ostendunt,
958 3829 1046 3897 duas
1094 3836 1292 3917 apertarum
1309 3819 1512 3906 cacumina,
1531 3817 1733 3907 dlpicimus.
1772 3814 1845 3885 Nec
1860 3826 1978 3885 tamen
1994 3803 2082 3880 haec

56 3922 109 3993 ibi
128 3937 267 4013 gentes,
294 3920 544 3994 Germanicam
569 3937 603 3995 et
619 3923 793 3999 Henetam
819 3929 857 3999 in
877 3929 955 4020 ripa
976 3928 1047 4001 llu-
1094 3928 1169 4019 ipsa
1185 3922 1369 4013 diligentia
1388 3922 1505 3994 inanis
1521 3932 1584 3994 est.

59 4025 167 4093 urinis
180 4023 287 4097 Salac
303 4019 498 4112 habitasse,
523 4049 603 4095 cum
621 4031 764 4123 quidem
782 4026 940 4101 Othonis
954 4045 1044 4102 tem·
1194 4022 1413 4097 Monstravit
1425 4023 1627 4094 rudimenta
1645 4019 1817 4115 quaedam
1824 4011 1933 4100 Deus,
1962 4028 1999 4087 et
2012 4014 2081 4085 ali·

57 4150 147 4217 pore
175 4127 276 4196 nulla
311 4124 361 4195 ibi
394 4129 508 4216 gentis
540 4125 699 4201 Henetae
729 4132 887 4223 potentia
926 4132 1044 4204 fuerit.
1097 4152 1185 4224 quas
1199 4149 1273 4199 esse
1289 4139 1402 4198 certas
1417 4123 1567 4197 noticias
1584 4121 1714 4205 voluit,
1741 4133 1784 4192 ut
1803 4139 1951 4209 operum
1967 4128 2001 4187 et
2020 4136 2081 4186 or-

55 4223 231 4299 Existimo
256 4228 362 4297 etiam
387 4224 451 4298 lias
475 4231 568 4322 ipsas
597 4255 670 4300 esse
696 4231 854 4321 Salinas,
893 4258 1044 4328 quarum
1094 4231 1190 4304 dinis
1204 4228 1358 4320 aspectio
1375 4221 1667 4299 commonefactio
1681 4220 1827 4292 essetde
1843 4230 1980 4298 autore.

55 4329 274 4400 mentionem
304 4330 387 4400 lacit
409 4329 598 4402 Cornelius
621 4331 783 4418 Tacitus,
823 4335 887 4430 qni
915 4336 1048 4423 scribit,
1196 4327 1369 4404 Condidit
1392 4324 1489 4399 Deus
1512 4337 1665 4420 quatuor
1690 4321 1804 4415 prima
1835 4342 2000 4412 corpora,
2039 4341 2083 4389 ex

55 4430 242 4511 dimicasse
257 4432 457 4503 intersede
471 4433 632 4505 sontibus
653 4436 736 4507 salis
760 4435 881 4509 Cattos
900 4449 934 4507 et
951 4433 1048 4510 Che·
1095 4434 1226 4528 quibus
1242 4430 1341 4504 nasci
1355 4428 1465 4500 mixta
1486 4427 1621 4512 voluit,
1647 4438 1683 4498 et
1704 4421 1949 4496 admirabilem
1970 4432 2083 4489 mate-

56 4556 192 4609 mseos.
256 4531 330 4603 Nec
350 4535 500 4606 dubium
532 4549 603 4621 est,
640 4532 838 4610 Cheruscos
857 4536 1047 4611 Hercinios
1094 4537 1169 4606 riae
1182 4534 1386 4606 varietatem
1401 4528 1546 4601 inclusit
1566 4540 1721 4623 quatuor
1741 4521 1986 4620 qualitatihus:
2011 4518 2082 4592 Ca-

57 4658 140 4707 me.
198 4631 258 4707 Aa
281 4628 404 4708 Cattos
427 4650 545 4708 autem
568 4638 779 4729 pertinuisse
803 4665 902 4712 oram
927 4641 1047 4732 prori-
1095 4636 1188 4721 lida,
1222 4633 1372 4724 frigido,
1408 4625 1559 4703 humido
1577 4641 1612 4700 et
1631 4628 1734 4704 sicco.
1799 4623 1996 4696 Credamus
2025 4644 2082 4691 sa·

57 4760 148 4809 mam
163 4736 304 4832 sylvae,
327 4738 414 4809 iude
428 4762 542 4833 usque
556 4739 603 4812 ab
617 4736 761 4812 lenaeo
777 4743 822 4814 ad
845 4743 959 4835 ripam
976 4743 1047 4816 llu-
1095 4737 1228 4831 pientia
1242 4732 1330 4821 Dei,
1354 4729 1441 4804 haec
1455 4755 1572 4826 neque
1584 4729 1710 4813 stulte,
1735 4749 1852 4821 neque
1867 4738 1997 4796 temere
2019 4745 2080 4792 co·

55 4838 165 4910 minis
185 4836 360 4915 Uustroti.
1095 4840 1201 4931 gitata
1216 4858 1309 4923 esse,
1333 4849 1370 4908 et
1388 4856 1445 4906 res
1459 4833 1552 4927 ipsas
1567 4828 1874 4920 magnilaciamus,
1899 4823 1982 4919 quia
1998 4836 2083 4894 sunt

159 4938 264 5012 Hanc
293 4940 667 5013 commemorationem
694 4945 739 5015 de
770 4942 981 5038 antiquitate
1003 4967 1046 5015 eo
1095 4935 1308 5032 operaDei.'
1336 4933 1470 5009 Causm
1484 4957 1568 5033 vero
1584 4930 1725 5005 consilii
1741 4925 1979 5000 fabricationis
1996 4939 2083 4995 tunc

56 5041 196 5126 addidi,
229 5041 312 5136 quia
337 5041 552 5115 diuturnitas
566 5043 673 5116 etiarn
689 5057 855 5130 testatur,
880 5048 967 5118 tales
985 5068 1047 5115 ve-
1096 5063 1292 5125 cernemus,
1316 5062 1397 5111 cn·
1413 5039 1451 5106 iu
1468 5049 1541 5106 tota
1556 5033 1762 5105 aeternitate
1778 5031 1892 5100 ideam
1910 5025 2026 5121 operis
2042 5025 2082 5094 in

56 5167 117 5216 nas
145 5138 267 5214 aDeo
297 5158 333 5213 et
362 5143 522 5215 conditas
550 5169 644 5230 esse,
684 5161 718 5218 et
748 5146 894 5218 servari.
952 5145 1046 5218 Nam
1093 5143 1169 5215 filio
1184 5141 1253 5215 Dei
1269 5163 1388 5211 coram
1405 5135 1637 5210 intuebimur.

56 5244 188 5318 ubmsi
212 5245 293 5338 quis
313 5244 528 5334 disputabit,
568 5243 777 5318 Cornelium
803 5246 967 5319 Taciturn
999 5249 1044 5318 de
1196 5241 1341 5314 Poterat
1356 5240 1452 5312 Dens
1467 5237 1574 5310 talem
1597 5234 1753 5306 condere
1773 5241 1937 5300 naturam
1962 5222 2082 5298 homi-

56 5347 133 5418 aliis
155 5345 319 5416 fontibus
340 5346 458 5440 loqui,
498 5360 616 5418 tamen
650 5350 789 5420 vicinos
808 5350 960 5442 intelligi
981 5373 1046 5421 na-
1093 5370 1202 5433 num,
1226 5367 1318 5441 quae
1333 5342 1468 5416 vivuat
1483 5339 1563 5412 sine
1573 5337 1769 5423 alimento,
1791 5341 1852 5405 aut
1876 5341 2082 5424 pasceretur
