4680 6038
399 198 711 281 mauram
736 199 855 282 areu.
879 201 949 279 an
970 200 1100 280 nisu
1122 199 1271 281 eaor.
1294 198 1365 277 nr
1385 150 1584 277 anuos
1609 182 1935 277 sarcasmus
1991 182 1998 191 '

149 206 227 287 776
2109 203 2184 283 776

155 383 285 477 inqua
314 376 435 449 literas
455 374 639 469 pinxerat,
674 373 781 467 capiti
804 373 890 446 Lini
919 373 1043 458 illisit,
1073 397 1146 467 quo
1196 394 1299 465 saepe
1318 394 1421 445 causa
1442 370 1513 444 fuit
1534 371 1755 444 confirmatio
1778 372 1981 461 idolorum,
2006 386 2051 449 ut
2065 374 2185 447 martis

154 484 230 558 ictu
245 481 533 553 Linusmortuus
552 488 617 549 est·
668 473 838 547 Scribunt
855 470 951 548 hune
975 501 1016 548 ex
1031 471 1148 546 Phoe-
1197 469 1337 568 Orphei
1353 488 1388 546 et
1401 471 1563 546 Hesiodi.
1611 468 1690 546 Etsi
1705 487 1824 547 autem
1841 476 1881 547 bt
1902 476 2043 548 mentio
2058 477 2184 547 multo-

156 587 254 659 nicia
285 583 465 655 doctrinas
494 581 533 650 in
558 576 743 652 Graeciam
773 578 942 652 attulisse.
1000 575 1149 671 Reliqui
1196 601 1276 648 rum
1293 577 1446 648 aliorum
1462 590 1582 646 vatum
1600 588 1634 646 et
1648 576 1862 668 scriptorum
1884 579 1924 647 in
1944 572 2187 672 hacantiqui·

157 680 338 763 habentur
362 684 467 778 pauci
491 680 602 774 ipsius
628 703 772 766 versus,
806 704 959 774 quorum
983 675 1041 750 liic
1057 681 1149 750 cele·

159 788 382 864 brutissimus
403 801 470 857 est:
498 776 629 856 ‘Poidco
647 773 772 856 πάντα
793 781 875 879 θεῷ
897 778 1061 871 τελέσαι,
1086 776 1150 853 καὶ

161 885 375 984 ἀντήνυτον
390 881 512 961 οὐδὲν.

262 984 436 1087 Orpheus
453 987 536 1059 Lini
552 987 714 1072 auditor,
739 986 810 1058 fuit
826 1010 943 1057 comes
959 981 1150 1077 Argonau-

160 1110 290 1168 tarum.
342 1090 490 1182 Scripsit
510 1090 601 1159 bella
620 1088 812 1172 Titanum,
838 1102 874 1159 et
890 1090 1149 1182 expeditionem

160 1195 462 1285 Argonautarum.
521 1191 700 1263 Scribitur
722 1192 918 1282 discerptus
938 1215 1011 1261 esse
1034 1215 1150 1261 amu-

162 1298 310 1369 lieribus
336 1296 375 1364 in
405 1289 578 1375 Thracia,
615 1292 866 1386 superstitione
897 1294 1035 1387 aliqua,
1067 1292 1150 1387 quia

160 1409 360 1471 mutaverat
374 1396 478 1485 leges.

265 1496 448 1569 Homerus
470 1496 558 1566 visit
584 1510 662 1587 post
677 1496 811 1567 bellum
829 1494 1046 1583 Troianum,
1070 1520 1149 1565 cum

162 1614 277 1678 essent
292 1602 401 1671 exacti
417 1600 502 1668 anni
520 1612 660 1668 centum
678 1614 711 1669 et
727 1598 998 1692 quinquaginta,
1023 1613 1057 1669 et
1069 1612 1150 1668 ante

163 1705 342 1777 conditam
365 1700 519 1773 Romam
545 1724 658 1770 annos
681 1700 820 1770 circiter
841 1713 982 1769 centum
998 1700 1151 1794 etquin-

164 1806 345 1901 quagiuta.
404 1802 487 1873 Non
514 1803 636 1893 procul
661 1804 760 1873 abest
780 1801 824 1870 ab
840 1797 965 1871 Esaiae
982 1816 1150 1893 tempore.

163 1906 255 1981 Eius
288 1929 428 1976 carmen
468 1904 621 1974 ostendit
651 1902 858 1993 Principum
894 1904 1046 1974 familias
1075 1906 1151 1974 eius

164 2008 310 2093 aetatis,
334 2021 369 2078 et
392 2005 506 2097 pingit
527 2005 696 2095 imagines
716 2006 895 2074 variarum
910 2029 1152 2100 personarum,

164 2109 415 2189 consiliorum,
455 2122 490 2177 et
525 2107 745 2177 mirabilium
778 2120 967 2176 eventuum
998 2107 1036 2176 in
1067 2109 1151 2182 vita.

164 2211 266 2303 Quae
281 2209 454 2298 imagines
471 2221 554 2279 sunt
570 2210 727 2300 exempla
745 2222 777 2278 et
793 2210 1151 2280 commonefactiones

163 2318 208 2386 de
229 2312 352 2383 multis
375 2311 510 2400 magnis
540 2313 657 2381 rebus.
717 2311 834 2381 Simul
863 2311 968 2380 etiarm
1000 2312 1150 2382 dulcedo

163 2414 331 2491 carminis
350 2410 530 2483 Homerici
557 2413 732 2495 ostendit,
766 2411 803 2478 in
828 2410 947 2482 ionica
971 2427 1074 2502 geute
1091 2438 1152 2484 ex·

163 2518 347 2591 callentem
365 2514 472 2584 luisse
487 2514 630 2603 linguae
647 2513 875 2599 suavitatem,
895 2528 930 2584 et
945 2538 1070 2605 magna
1086 2518 1152 2586 do-

165 2620 361 2693 ctrinarum
380 2616 512 2685 studia.

265 2710 453 2788 Hesiodus
477 2714 581 2799 vixit,
607 2738 688 2785 cum
712 2715 797 2784 anni
817 2729 958 2787 centum
978 2729 1058 2808 post
1074 2715 1153 2787 Ho-

164 2844 303 2893 merum
319 2820 427 2890 exacti
442 2830 574 2902 essent,
598 2817 782 2911 aliquanto
804 2831 887 2889 ante
903 2832 1040 2912 tempus
1056 2819 1152 2889 exilii

163 2918 387 3018 Babylonici.
445 2916 531 2989 Fuit
557 2924 721 2989 sacerdos
748 2921 871 3011 templi
894 2918 1081 2992 Musarum
1112 2920 1152 2990 in

163 3024 349 3097 Helicone.
401 3019 492 3091 Nam
514 3016 625 3091 Ascra
648 3019 797 3092 Hesiodi
821 3023 935 3114 patria
956 3027 998 3093 ad
1016 3024 1153 3094 radices

163 3125 297 3199 montis
329 3119 513 3192 Heliconis
542 3123 607 3192 sita
637 3123 716 3193 luit.
783 3121 917 3196 Scribit
948 3125 1153 3212 Pausanias,

165 3230 241 3301 eius
260 3248 401 3297 carmen
416 3220 534 3295 adhuc
547 3245 612 3294 suo
629 3237 786 3318 tempore
800 3226 839 3294 in
857 3225 1032 3316 plumbeis
1048 3229 1152 3299 tabu-

163 3331 210 3402 lis
232 3331 271 3398 iu
294 3351 336 3398 eo
357 3327 491 3418 templo
513 3339 691 3397 servatum
715 3350 800 3401 esse.
852 3326 915 3398 Est
935 3344 1053 3400 autem
1068 3353 1153 3421 par·

164 3433 230 3505 tim
250 3427 373 3501 concio
402 3429 446 3497 de
475 3427 651 3509 moribus,
686 3430 816 3520 partim
841 3429 928 3499 anisi
951 3431 1153 3522 descriptio,

164 3557 227 3606 seu
244 3546 284 3603 ut
301 3552 368 3599 nos
385 3529 631 3614 nominamus,
658 3527 923 3601 Calendarium.
975 3529 1028 3602 Ac
1045 3533 1150 3602 talem

163 3634 273 3705 fuisse
296 3625 520 3702 ethnicorum
540 3633 760 3703 sacerdotum
777 3634 973 3703 doctrinam
996 3648 1152 3725 apparet,

165 3734 330 3804 videlicet
346 3745 528 3824 praecepta
551 3735 595 3802 de
611 3735 788 3819 moribus,
815 3748 849 3804 et
870 3736 1152 3830 qualemcunque

165 3837 253 3908 anni
269 3834 560 3925 descriptionem,
584 3850 760 3927 sumptam
782 3837 827 3906 ab
844 3836 982 3909 ortibus
1001 3853 1035 3910 et
1051 3862 1152 3907 occa-

164 3940 263 4011 sibus
286 3936 482 4009 stellarum.
541 3934 706 4008 Vetustas
729 3951 764 4009 et
787 3938 896 4008 alium
918 3940 1052 4011 librum
1076 3937 1152 4010 He-

163 4042 257 4114 siodi
280 4034 424 4124 habuit,
456 4038 720 4128 Astrologicum
742 4038 924 4126 videlicet,
950 4067 1055 4135 quem
1077 4039 1152 4110 Pli-

1197 692 1268 751 tate
1284 679 1419 771 primae
1439 673 1686 765 monarchiae,
1712 691 1829 751 tamen
1851 704 1913 751 eos
1926 681 2075 753 omitto.
2126 678 2188 754 Ut·

1197 806 1338 877 cunque
1354 782 1451 852 enim
1468 805 1509 851 ex
1525 776 1655 852 horum
1670 782 1930 867 monumentis,
1957 804 2055 878 quos
2070 804 2187 853 recen·

1198 884 1271 964 sui,
1303 883 1456 973 intelligi
1485 896 1617 975 potest,
1646 907 1737 977 quae
1759 885 1867 956 suerit
1888 897 1995 958 vetus
2018 882 2186 956 Graeciae

1198 985 1393 1079 sapientia,
1419 986 1515 1079 quod
1533 985 1831 1056 considerandum
1850 1001 1913 1062 est.

1300 1087 1418 1159 Simul
1432 1099 1548 1157 autem
1563 1110 1702 1157 necesse
1717 1103 1768 1161 est
1780 1104 1900 1160 mente
1915 1086 2094 1177 cogitare,
2107 1088 2184 1181 qnid

1198 1189 1339 1262 intersit
1354 1191 1450 1261 inter
1466 1184 1703 1260 Ethnicorum
1719 1203 1754 1260 et
1769 1185 1953 1261 Ecclesiae
1967 1188 2183 1280 sapientiam,

1198 1307 1233 1363 et
1255 1293 1318 1363 ubi
1341 1306 1374 1363 et
1390 1315 1480 1384 quae
1501 1292 1635 1361 interea
1655 1291 1762 1362 fuerit
1776 1286 1939 1363 Ecclesia
1955 1287 2039 1362 Dei.
2093 1289 2186 1361 Arni·

1198 1408 1320 1468 serunt
1357 1397 1454 1463 enim
1494 1405 1614 1483 gentes
1644 1393 1842 1464 doctrinam
1860 1397 1920 1473 :de
1954 1392 2185 1483 promissione

1197 1496 1421 1581 mediatoris,
1454 1510 1489 1567 et
1519 1495 1689 1584 paulatim
1719 1496 1776 1565 lex
1803 1499 1899 1588 apud
1923 1489 2110 1564 Ethnicos
2128 1496 2183 1563 ob-

1198 1610 1333 1669 scutata
1351 1611 1422 1681 est,
1446 1610 1481 1666 et
1502 1597 1621 1685 magni
1636 1598 1775 1666 furores
1787 1598 1827 1666 in
1843 1596 2098 1687 excogitandis
2117 1596 2181 1667 ido·

1197 1701 1243 1772 lis
1257 1714 1293 1772 et
1307 1698 1518 1770 libidinibus
1532 1699 1664 1792 recepti
1678 1712 1770 1769 sunt.

1379 1888 1445 1959 De
1476 1891 1621 1961 initio
1655 1884 1789 1960 urbis
1820 1891 2013 1960 Romae.

1301 2002 1410 2077 Anno
1441 2006 1569 2077 mundi
1600 2005 1712 2079 asts.
1742 2029 1839 2076 anno
1871 2005 1996 2093 primo
2029 2005 2175 2096 septimae

1199 2103 1444 2203 Olympiadis,
1468 2108 1526 2177 die
1548 2108 1609 2179 21.
1631 2103 1785 2200 Aprilis,
1811 2107 1984 2178 videlicet
2011 2132 2084 2201 quo
2098 2106 2178 2177 Pali-

1199 2211 1247 2280 lia
1261 2211 1548 2293 celebrabantur,
1572 2210 1700 2278 urbem
1714 2208 1868 2280 Romam
1893 2211 2055 2279 condere
2068 2230 2179 2301 coepe·

1200 2325 1286 2383 runt
1306 2310 1486 2383 Romulus
1513 2325 1547 2380 et
1568 2311 1726 2395 Remus,
1758 2311 1836 2380 nati
1862 2334 1909 2380 ex
1928 2306 2036 2383 Rhea
2057 2310 2180 2404 Sylria,

1199 2413 1398 2486 Numitoris
1420 2414 1512 2501 regis
1528 2408 1662 2483 Albani
1677 2412 1759 2480 filia.
1811 2408 2031 2482 Plutarchus
2046 2412 2179 2482 initium

1201 2516 1350 2587 collocat
1383 2515 1422 2583 in
1454 2539 1589 2584 annum
1623 2514 1766 2583 tertium
1800 2527 1922 2584 sertae
1949 2509 2175 2607 Olympiadis.

1201 2615 1280 2689 Etsi
1310 2629 1426 2688 autem
1452 2617 1574 2707 exigua
1598 2615 1797 2685 differentia
1828 2628 1902 2701 est,
1929 2614 2037 2687 unius
2056 2636 2180 2705 nempe

1201 2720 1306 2804 anni,
1331 2733 1451 2790 tamen
1468 2718 1585 2809 potius
1601 2718 1783 2810 sequimur
1792 2715 2015 2812 Dionysium
2027 2713 2181 2786 Halicar-

1202 2844 1415 2895 nassensem‚
1473 2818 1557 2890 Fuit
1580 2832 1697 2890 autern
1720 2841 1837 2888 annus
1859 2819 2007 2909 primus
2027 2818 2177 2909 septim

1201 2920 1430 3017 Olympiadis
1461 2944 1577 2992 annus
1608 2921 1663 2990 to.
1699 2915 1816 2990 Acbas
1849 2920 1949 3010 regis
1985 2918 2085 3006 luda,
2117 2918 2173 3011 qui

1202 3025 1361 3116 proxime
1383 3023 1568 3094 antecessit
1588 3017 1799 3107 Ezechiam,
1833 3036 2000 3116 suntque
2023 3022 2065 3093 ab
2082 3019 2176 3091 initio

1201 3127 1301 3197 urbis
1316 3124 1454 3199 Romae
1468 3126 1512 3196 ad
1526 3137 1650 3195 natum
1665 3120 1846 3196 Christum
1862 3148 1907 3194 ex
1922 3124 2085 3216 vitgine,
2104 3122 2181 3195 anui

1202 3226 1414 3322 septingenti
1429 3242 1463 3298 et
1478 3226 1746 3321 quinquaginta.

1304 3327 1406 3418 Quae
1425 3330 1659 3399 sueritforma
1682 3329 1817 3418 primae
1840 3328 2118 3417 gubernationis
2135 3351 2181 3398 re·

1201 3431 1297 3522 giae,
1324 3455 1415 3525 quae
1439 3431 1538 3500 urbis
1562 3431 1794 3515 incrementa,
1821 3455 1914 3524 quae
1933 3432 2058 3521 legum
2071 3446 2103 3501 et
2115 3429 2181 3499 Ma·

1201 3533 1412 3623 gistratuum
1435 3532 1650 3602 mutationes
1681 3532 1891 3616 inciderint,
1928 3548 2071 3626 quanta
2092 3530 2180 3603 luent

1202 3633 1335 3704 civium
1358 3634 1488 3717 virtus,
1513 3658 1604 3727 quae
1626 3632 1738 3719 bella,
1763 3657 1871 3726 quam
1885 3636 1986 3704 varii
2000 3636 2177 3706 motusdo·

1202 3735 1355 3820 mestici,
1386 3737 1499 3805 donec
1520 3758 1560 3804 ea
1582 3738 1667 3805 urbs
1687 3733 1937 3805 monarchiam
1959 3738 2067 3808 orbis
2085 3750 2178 3807 terre·

1202 3861 1281 3909 rum
1293 3838 1419 3929 adepta
1435 3851 1507 3922 est,
1533 3835 1586 3905 Ae
1610 3837 1741 3906 deinde
1756 3839 1943 3930 quomodo
1962 3840 2075 3925 luxu,
2095 3837 2181 3909 bellis

1201 3939 1383 4025 civilibus,
1408 3952 1441 4009 et
1456 3939 1554 4009 fatali
1569 3939 1667 4008 orbis
1683 3939 1879 4011 mutatione
1895 3964 2034 4011 rursus
2049 3937 2184 4012 amiserit

1201 4055 1236 4113 et
1250 4042 1417 4112 virtutem
1440 4055 1473 4111 et
1495 4041 1701 4131 imperium,
1727 4064 1767 4109 ex
1784 4040 1935 4127 integris
1962 4038 2184 4114 historiisco·

163 4141 358 4230 muscitet,
381 4140 419 4209 iu
434 4164 505 4233 quo
520 4141 678 4234 plurium
697 4142 878 4213 stellarum
896 4145 1152 4237 descriptiones
1200 4144 1441 4235 gnoscendum
1457 4155 1519 4212 est.
1573 4139 1654 4229 Qua
1670 4144 1708 4211 in
1725 4142 1875 4212 lectione
1889 4146 2185 4216 considerando·

163 4245 272 4314 fuisse
288 4254 451 4333 apparet,
477 4266 583 4335 quam
606 4243 644 4310 in
670 4267 711 4312 eo
727 4245 821 4314 libro
839 4245 900 4337 qui
915 4240 1032 4316 adhuc
1049 4258 1152 4322 extat.
1202 4258 1271 4325 est,
1305 4267 1431 4334 magna
1456 4243 1605 4335 imperia
1627 4244 1801 4314 divinitus
1823 4246 2028 4328 constitui,
2056 4247 2187 4318 nebant

163 4343 251 4415 Fuit
265 4341 374 4429 igitur
390 4354 489 4411 vetus
504 4343 674 4434 sapientia
691 4343 861 4415 Graeciae
877 4349 1049 4437 particula
1066 4350 1151 4438 legis
1202 4346 1361 4416 infinitae
1384 4345 1632 4436 dissipationes
1646 4340 1834 4415 hominum
1855 4347 2022 4418 assiduis
2039 4348 2187 4421 vastatis-

163 4442 403 4527 demonibus,
428 4466 508 4513 cum
525 4457 650 4516 natura
665 4461 768 4532 nom,
793 4461 869 4519 tum
890 4462 1030 4541 accepta
1047 4475 1066 4520 a
1089 4476 1153 4543 pa·
1201 4450 1308 4518 nibus
1330 4461 1365 4519 et
1379 4447 1593 4532 latrociniis,
1618 4450 1678 4517 sed
1704 4446 1824 4541 aliquo
1841 4448 1954 4518 modo
1972 4452 2187 4541 societssge·

163 4546 289 4620 tribus.
350 4540 460 4625 ltem,
486 4541 675 4639 inquisitio
697 4544 890 4620 herbarum
917 4565 951 4622 et
975 4552 1152 4623 remedio·
1202 4550 1297 4621 neris
1316 4543 1466 4618 humani
1486 4563 1733 4634 conservetur,
1757 4561 1793 4619 et
1806 4548 2083 4645 aliquantisper
2100 4550 2188 4625 iani·

162 4672 265 4734 rum,
290 4645 527 4717 consideratio
542 4647 740 4738 stellarum,
765 4666 800 4723 et
816 4652 1072 4748 qualiscunque
1086 4678 1152 4724 an·
1201 4653 1270 4723 liae
1291 4651 1330 4720 iu
1353 4650 1477 4721 iisdem
1499 4652 1642 4721 sedibus
1664 4663 1852 4734 maneant,
1875 4651 1955 4722 sint
1974 4655 2095 4746 leges,
2116 4676 2188 4727 ora·

162 4751 205 4821 ni
231 4747 434 4841 descriptio.
492 4744 542 4819 Et
570 4748 608 4817 in
644 4744 699 4820 his
722 4753 895 4824 doctrinis
925 4757 1150 4849 praecipuam
1203 4753 1316 4843 iugia,
1343 4753 1541 4844 procreatio
1556 4767 1590 4823 et
1606 4753 1769 4825 educatio
1783 4752 1937 4837 sobolis,
1967 4756 2124 4843 iudicia,
2143 4754 2186 4827 ὅ·

162 4864 300 4945 partem
327 4874 347 4920 a
367 4846 608 4921 Phoenicibus
641 4865 675 4922 et
705 4852 890 4949 Aegyptiis
918 4859 1071 4951 accepit,
1105 4861 1150 4929 ad
1174 4874 1177 4945 ξ
1201 4856 1369 4947 sciplina,
1395 4868 1506 4940 artes,
1527 4856 1715 4945 praecipue
1739 4878 1822 4924 vero
1837 4867 1876 4924 ut
1895 4870 1931 4925 et
1946 4851 2119 4941 Ecclesia
2138 4854 2187 4928 ba·

164 4974 254 5049 quos
268 4951 375 5022 multi
391 4952 617 5043 navigarunt.
1173 4972 1177 5053 j
1201 4959 1282 5028 beat
1304 4952 1467 5046 hospitia.
1519 4954 1633 5026 Simul
1656 4970 1772 5027 autem
1789 4953 1885 5026 Deus
1909 4980 1981 5047 per
2006 4961 2186 5055 imperiae!

264 5049 464 5123 Hesiodum
490 5055 653 5126 scribunt
677 5076 798 5123 senem
825 5057 1049 5129 interiectum
1078 5056 1177 5130 essei

1201 5058 1307 5151 punit
1326 5057 1511 5129 iatrocinia
1534 5070 1568 5125 et
1592 5057 1661 5127 alia
1683 5059 1832 5141 scelera,
1864 5070 1900 5127 et
1926 5056 2123 5150 prohibet,
2151 5080 2185 5129 ut

162 5156 208 5227 ab
241 5148 462 5245 hospitibus,
504 5177 565 5226 aeu
600 5178 720 5227 errore
755 5178 817 5228 seu
850 5161 1002 5251 praedae
1034 5184 1149 5236 eausa.
1200 5160 1326 5231 iniusti
1343 5183 1439 5249 reges
1454 5171 1488 5227 et
1502 5171 1622 5247 gentes
1637 5159 1743 5229 latius
1756 5173 1980 5249 grassentur.

162 5253 443 5328 Conaiderentur
462 5270 579 5328 autem
605 5256 801 5328 multorum
825 5261 1073 5333 excellentium
1095 5263 1151 5330 vi-

1302 5259 1498 5332 Constituit
1524 5273 1644 5331 autem
1663 5260 1759 5332 Deus
1787 5261 1939 5353 imperia
1973 5264 2181 5339 mirabiliter·

162 5378 287 5429 rorum
316 5357 433 5432 tristes
460 5358 642 5447 interitus,
676 5383 830 5455 quorum
857 5366 953 5457 apud
976 5358 1152 5438 Ethnicos
1172 5304 1177 5455 i
1200 5360 1281 5437 Etsi
1303 5364 1401 5434 enim
1428 5377 1542 5434 armat
1567 5362 1698 5436 virtute
1726 5363 1867 5456 aliquos
1896 5364 2068 5461 insignes
2087 5373 2182 5443 dm
