4680 6038
271 214 344 294 us
905 192 1065 272 nucu
1097 191 1174 269 uu
1206 189 1365 268 auru
1397 188 1646 305 nautea,
2217 194 2293 270 ua

272 391 315 460 lis
340 388 384 456 sit
400 385 483 475 ipse.
536 375 639 446 Hanc
657 374 693 441 iu
711 371 850 464 opificio
867 365 1025 440 bominis
1038 381 1149 439 artem
1164 366 1258 437 divi·
1308 367 1587 437 moderationem
1615 366 1653 434 in
1677 364 1749 443 yita
1769 379 1909 450 amant,
1945 360 2001 436 bis
2020 367 2150 436 frustra
2170 362 2215 434 de
2239 385 2296 434 aa·

272 514 355 561 nam
373 508 445 555 esse
462 480 563 552 lateri
581 498 717 546 neccsse
733 488 797 543 est.
1309 468 1441 560 pientia
1456 465 1545 554 Dei,
1571 480 1605 538 et
1630 469 1673 536 de
1696 467 1822 537 ordine
1845 468 2017 538 servando
2032 469 2071 537 iu
2089 465 2186 538 victu
2203 478 2240 538 et
2256 464 2295 534 iu

376 586 472 655 llaec
510 575 780 651 commemoravi
818 597 890 642 nou
923 585 994 642 tam
1025 571 1180 664 prolixe,
1219 581 1260 640 ut
1308 568 1542 640 medicatione
1558 568 1820 638 concionamur.

274 689 482 780 magnitudo
498 683 548 752 rei
566 680 739 772 postulat,
764 679 822 745 sed
839 688 878 744 ut
892 670 961 743 boc
977 685 1133 766 tempore
1148 671 1260 764 potui,
1411 668 1602 764 Postquam
1620 670 1727 759 igitur
1742 671 1785 739 de
1801 671 2046 740 emendatione
2057 694 2198 741 morum
2214 669 2296 741 tus-

276 807 316 863 ut
339 790 517 859 auditores
539 805 660 852 omnes
683 782 725 848 ad
750 778 998 866 cogitationem
1019 776 1162 844 divinae
1180 796 1261 842 sen·
1309 771 1401 842 viter
1429 771 1525 856 dixi,
1557 796 1654 842 nunc
1684 772 1813 841 addam
1843 795 1952 864 pauca
1981 773 2026 842 de
2049 787 2122 844 arte
2146 771 2298 858 medica,

276 893 406 965 tentiae
428 888 633 964 invitarem,
659 903 746 974 quae
769 879 954 969 praecipit,
978 890 1017 947 ut
1033 899 1180 968 corpora
1194 898 1261 943 no·
1311 896 1400 967 quae
1422 887 1594 945 monstrat
1616 874 1709 942 vitae
1730 873 1924 964 praesidia,
1949 874 2141 943 necessaria
2165 873 2297 963 partim

278 1008 347 1064 stra
371 988 509 1062 honore
530 984 750 1060 adiiciamus,
774 982 977 1049 arduarum
994 1002 1111 1048 rerum
1129 978 1261 1066 eogita-
1311 977 1355 1045 ad
1379 977 1546 1044 tuendam
1569 973 1830 1059 valetudinem,
1856 974 1984 1066 partim
2006 975 2049 1044 ad
2068 973 2298 1067 depellendos

277 1097 411 1167 tionem
431 1087 576 1175 adiungi
599 1084 700 1167 volo,
723 1082 886 1150 videlicet
911 1081 1065 1171 priorem
1082 1081 1126 1148 de
1141 1091 1261 1149 nostra
1312 1075 1466 1148 morbos.
1518 1074 1587 1147 Hie
1608 1076 1737 1168 siquis
1759 1078 1846 1145 adeo
1870 1077 2039 1146 barbarus
2054 1074 2122 1161 est,
2147 1089 2188 1146 ut
2203 1069 2297 1145 nibil

278 1191 491 1284 negligentia
524 1189 561 1256 iu
586 1187 716 1255 urenda
740 1183 942 1252 veletudiue
966 1195 1000 1251 et
1020 1182 1261 1250 conservando
1311 1192 1497 1250 moveatur
1524 1179 1708 1248 manifesta
1740 1178 1892 1248 utilitate
1917 1179 1956 1246 iu
1980 1177 2169 1248 vulnerum
2194 1176 2299 1248 cun-

278 1293 461 1367 domieilio
482 1288 567 1372 Dei,
600 1287 746 1356 alteram
777 1288 821 1353 de
851 1283 1025 1375 pracsidio
1055 1281 1262 1361 necessario,
1313 1279 1422 1360 tione,
1444 1281 1481 1348 in
1496 1280 1717 1350 restitutione
1728 1280 1918 1350 fractarum
1933 1291 1991 1349 aut
2007 1281 2202 1349 tarataram
2216 1301 2298 1370 par-

278 1396 443 1467 videlieet
458 1394 502 1461 de
517 1404 591 1459 arte
607 1388 751 1456 medica.
1314 1381 1422 1466 tium,
1443 1395 1486 1454 ‚et
1507 1381 1630 1452 multis
1653 1381 1865 1452 interiorum
1889 1382 2095 1450 morborum
2118 1379 2298 1472 depulsio·

381 1493 544 1564 Proiecto
561 1489 710 1558 multum
726 1510 907 1579 peccamus
922 1509 1062 1568 omues,
1088 1486 1182 1580 quod
1200 1507 1263 1554 ne·
1313 1484 1438 1567 nibus,
1460 1506 1500 1553 ac
1514 1506 1656 1553 omnem
1669 1496 1816 1554 naturae
1831 1483 2168 1563 considerationem,
2188 1504 2232 1551 ae
2244 1495 2297 1553 to·

280 1599 392 1687 glecto
414 1595 539 1665 ordine
563 1593 600 1659 iu
625 1589 722 1673 cibo,
756 1603 860 1678 potu,
894 1612 1037 1666 somno,
1071 1588 1264 1671 laboribus,
1314 1598 1385 1656 tam
1400 1597 1510 1654 artem
1524 1585 1714 1669 medicam,
1741 1598 1775 1654 et
1789 1585 2071 1655 artificesomnes
2084 1596 2300 1664 contemnat,

280 1696 501 1791 deniqueiu
534 1692 700 1760 omnibus
725 1692 880 1759 motibus
904 1691 1014 1758 animi
1039 1704 1073 1759 et
1094 1691 1264 1778 corporis,
1313 1699 1354 1756 ut
1377 1702 1459 1756 sunt
1480 1686 1624 1779 quidam
1639 1685 1809 1757 Titanum
1827 1686 1976 1771 similes,
2002 1686 2063 1778 qui
2078 1685 2184 1754 etiam
2201 1684 2297 1754 coelo

280 1799 482 1887 adlligimus
504 1809 649 1863 naturae
672 1793 782 1876 vires,
805 1790 1018 1883 impedimus
1035 1789 1073 1860 in
1088 1792 1193 1861 uobis
1207 1791 1264 1858 lu·
1314 1788 1448 1858 bcllum
1477 1787 1652 1869 inferunt,
1686 1782 1751 1857 bos
1780 1812 1855 1858 nun
1884 1811 1995 1857 conor
2016 1786 2233 1877 disputando
2254 1786 2300 1856 ad

281 1924 358 1972 cetu
381 1899 538 1969 divinam
565 1893 770 1986 permixtam
794 1893 922 1961 nostris
936 1893 1138 1982 spiritibus,
1163 1891 1265 1960 deni·
1314 1890 1500 1959 sanitatem
1522 1912 1702 1974 revocare,
1732 1891 1792 1959 sed
1815 1902 1854 1960 ut
1871 1888 2018 1961 Titanes
2042 1889 2202 1978 dissipati
2219 1901 2300 1958 suut

281 2025 351 2095 que
367 2013 448 2070 ante
463 2013 602 2088 tempus
618 1997 720 2064 uobis
738 1994 821 2084 ipsis
837 2007 985 2063 mortem
1004 1995 1264 2063 consciscimus.
1315 1992 1436 2060 audito
1461 1985 1626 2061 horribili
1647 1990 1800 2061 clamore
1820 1991 1931 2075 asini,
1955 1990 2013 2060 cui
2028 1984 2189 2061 Bacchus
2213 1988 2300 2057 insi-

281 2101 380 2172 llaec
402 2102 492 2169 fiunt
518 2100 562 2167 ab
585 2096 664 2164 aliis
685 2096 796 2183 magis
820 2095 1000 2178 atrociter,
1033 2097 1079 2165 ab
1097 2096 1177 2163 aliis
1198 2093 1265 2162 mi·
1315 2094 1421 2162 debat
1442 2092 1479 2160 iu
1503 2093 1657 2185 praelio,
1682 2093 1731 2162 ita
1748 2092 1807 2163 isti
1823 2093 1965 2164 taudem
1981 2092 2102 2185 aliquo
2117 2091 2298 2161 asinorum

281 2225 369 2287 uus,
417 2203 478 2271 sed
518 2213 634 2269 tamen
670 2220 794 2267 omues
824 2198 862 2264 iu
892 2192 959 2265 hoc
988 2218 1114 2285 genere
1142 2219 1265 2287 pecca·
1316 2195 1468 2263 clamore
1484 2194 1736 2283 perterrefacti,
1761 2218 1893 2285 poenas
1907 2194 2053 2279 dabunt,
2078 2189 2300 2286 quodDeum

280 2327 371 2374 mus.
422 2299 475 2373 Ac
500 2301 529 2369 si
556 2301 636 2393 quis
657 2311 758 2393 putat
780 2293 865 2366 baec
882 2321 956 2364 non
972 2321 1046 2369 esse
1059 2322 1162 2368 curae
1178 2295 1266 2381 Deo,
1316 2309 1350 2366 et
1364 2296 1568 2365 resdiviuas
1581 2297 1796 2367 contumelia
1811 2297 2027 2367 adfecerunt.
2067 2292 2170 2365 Alios
2183 2308 2300 2365 autern

280 2406 386 2475 valde
410 2415 514 2474 errat.
582 2399 704 2468 Toties
728 2399 823 2466 enirn
846 2399 992 2488 repetita
1018 2414 1101 2469 suut
1123 2422 1266 2489 praece·
1315 2396 1480 2488 alloquor
1504 2397 1679 2483 saniores,
1711 2393 1777 2467 bos
1802 2421 1887 2484 oro,
1919 2410 1959 2468 ut
1980 2396 2184 2468 universam
2208 2391 2300 2466 baur

282 2519 359 2598 pta:
394 2502 476 2573 Non
501 2502 658 2580 occidas,
691 2497 773 2568 Non
803 2511 993 2588 graventur
1021 2503 1264 2570 cordavestra
1315 2521 1433 2568 rerum
1454 2513 1617 2570 naturam
1642 2500 1865 2585 intueantur,
1895 2513 1931 2568 et
1952 2499 2106 2588 cogitent
2126 2521 2205 2567 eam
2227 2520 2300 2568 nou

283 2605 449 2696 crapula,
481 2601 665 2671 Honorem
695 2596 820 2670 habete
849 2603 1010 2689 corpori,
1048 2600 1266 2686 llomicidae,
1316 2623 1357 2669 er
1373 2599 1568 2671 Democriti
1589 2601 1716 2671 atomis
1737 2625 1820 2671 casu
1839 2616 1873 2671 et
1888 2601 1966 2670 sine
1980 2611 2098 2669 mente
2113 2599 2300 2670 coullatara

284 2706 433 2790 ebriosi,
469 2715 677 2773 scortatores
714 2725 860 2790 reguum
896 2698 963 2770 Dci
999 2728 1072 2770 nou
1110 2704 1265 2793 posside·
1316 2725 1409 2787 esse,
1443 2702 1504 2771 sed
1533 2725 1670 2772 summa
1698 2714 1773 2772 arte
1803 2726 1823 2773 a
1851 2699 1927 2773 Deo
1956 2702 2101 2793 opifice,
2134 2701 2301 2793 sapiente,

283 2810 386 2879 bunt.
452 2804 577 2892 Qualis
614 2816 730 2872 atatem
770 2816 823 2874 est
859 2796 927 2871 boc
964 2817 1121 2896 tempore
1151 2805 1266 2896 pluri·
1317 2804 1429 2887 bono,
1460 2803 1638 2889 benefico,
1664 2818 1758 2874 casto
1782 2816 1816 2875 et
1836 2804 1977 2873 vindice
2000 2802 2194 2888 scelerum,
2216 2824 2299 2872 cou-

282 2932 424 2977 morum
454 2905 692 2986 consuetudo,
732 2904 793 2996 qui
822 2905 1039 2974 conveniunt
1067 2908 1111 2975 ad
1144 2906 1265 2975 crebra
1316 2906 1425 2973 ditam
1449 2928 1522 2975 esse
1544 2921 1578 2976 et
1600 2907 1811 2979 conservari.
1861 2905 1930 2976 Hie
1952 2905 2068 2976 voluit
2081 2904 2247 2975 ordinem
2261 2903 2299 2971 iu

283 3008 465 3091 convivia,
501 3020 541 3076 ut
564 2999 736 3097 Lapithae
765 3019 799 3074 et
821 3001 1010 3090 Centauri,
1042 3007 1092 3076 ibi
1121 3031 1200 3076 cum
1230 3031 1266 3077 sc
1317 3020 1390 3076 toto
1412 3007 1553 3098 opificio
1576 3008 1820 3079 testimonium
1842 3008 1887 3077 de
1909 3029 1983 3079 sese
1997 3020 2031 3078 et
2048 3008 2092 3078 de
2106 3006 2299 3100 providen-

283 3121 490 3179 ouerarumt
510 3109 585 3175 sine
603 3108 710 3175 modo
727 3107 804 3176 cibo
819 3120 854 3176 et
869 3121 976 3197 potu,
999 3122 1117 3200 postca
1132 3110 1265 3178 tumul·
1316 3109 1363 3178 tia
1381 3129 1464 3180 esse.

283 3225 446 3293 tuantur,
487 3223 519 3279 et
554 3203 618 3277 bos
648 3229 781 3293 mores,
818 3232 879 3277 seu
908 3209 1172 3294 fortitudinem,
1204 3235 1266 3280 seu
1419 3209 1581 3301 Longum
1604 3224 1720 3281 autem
1738 3225 1825 3283 esset
1842 3212 1887 3281 de
1903 3212 2030 3283 ordine
2045 3212 2083 3281 iu
2097 3211 2221 3284 multis
2234 3232 2298 3280 rra·

283 3306 496 3381 bilaritatem
522 3310 598 3379 siue
620 3307 707 3380 vitio
729 3332 802 3379 esse
826 3309 1037 3386 existimant.
1097 3311 1156 3381 Tu
1181 3322 1272 3382 verd
1316 3324 1416 3382 turae
1440 3314 1600 3403 partibus
1624 3314 1760 3398 dicere,
1793 3315 1836 3382 de
1859 3314 1930 3385 situ
1951 3338 2140 3406 corporum
2164 3311 2298 3397 muudi,

283 3437 357 3482 nou
387 3412 521 3482 iudicas
548 3411 677 3494 scelus,
709 3413 803 3502 quod
829 3410 998 3501 paulatim
1024 3413 1090 3482 tibi
1115 3429 1265 3484 mortem
1316 3416 1360 3482 de
1392 3415 1517 3483 ordine
1547 3429 1707 3484 mutuum
1729 3416 1954 3499 coelestium,
1985 3418 2030 3485 de
2055 3416 2195 3485 vicibus
2214 3429 2297 3485 tem-

284 3512 487 3591 consciscis,
521 3513 616 3603 qarod
642 3512 861 3580 domicilium
884 3507 950 3579 Dei
975 3513 1143 3596 destruis,
1169 3517 1264 3606 quod
1315 3538 1461 3605 porum,
1486 3517 1646 3598 dierum,
1670 3517 1848 3598 noctium,
1874 3512 2012 3610 hyemis
2027 3530 2060 3586 et
2073 3517 2233 3601 aestatis,
2255 3517 2296 3585 de

283 3635 381 3682 nuuc
408 3613 446 3680 in
472 3611 667 3702 praesentia
691 3624 752 3681 aut
774 3612 919 3703 expellis
939 3628 1000 3683 aut
1022 3637 1118 3683 arces
1138 3612 1265 3700 Deum,
1316 3639 1434 3684 annua
1457 3617 1728 3686 foecundationc
1750 3632 1881 3702 terrac,
1912 3620 1956 3687 de
1979 3617 2129 3709 plantis,
2154 3620 2202 3688 de
2221 3616 2295 3687 aui·

258 3706 265 3719 ’
282 3737 354 3807 quo
371 3713 490 3782 minus
504 3712 626 3781 laetari
642 3724 722 3782 tuae
738 3713 868 3783 mentis
881 3727 915 3784 et
931 3715 1047 3783 cordis
1063 3715 1114 3785 tui
1130 3739 1265 3807 posses-
1317 3718 1488 3786 mautium
1513 3719 1717 3807 generibus,
1743 3721 1787 3788 de
1808 3719 2037 3791 fabricatione
2057 3714 2208 3788 bumaui
2221 3741 2294 3788 cor·

282 3815 384 3884 sione
402 3826 517 3908 queat.
567 3811 650 3882 Nou
671 3835 839 3903 magnum
858 3815 1142 3903 malumcenses,
1168 3820 1263 3911 quod
1316 3819 1430 3909 poris,
1454 3822 1498 3889 de
1518 3820 1628 3888 firmis
1653 3832 1688 3890 et
1709 3822 1860 3892 aeternis
1883 3821 2025 3891 noticiis
2041 3821 2080 3889 iu
2096 3834 2216 3891 meute
2231 3812 2293 3889 bu·

282 3915 414 3985 multos
435 3915 511 3984 dies
532 3914 745 3984 temulentus
765 3929 799 3985 et
812 3916 933 3985 furens
949 3917 1023 3986 siue
1039 3919 1263 3991 invocatione
1314 3944 1429 3989 mana.
1481 3920 1639 3991 Tantum
1664 3916 1723 3992 bic
1743 3947 1853 4014 pauca
1876 3926 1920 3993 de
1941 3923 2067 3993 ordine
2090 3922 2130 3991 iu
2152 3923 2292 3994 victuct

281 4016 373 4099 Dei,
391 4031 425 4086 et
444 4016 521 4085 sine
541 4015 769 4084 meditatione
791 4020 836 4085 de
851 4014 926 4087 Deo
943 4019 1044 4091 vivis.
1096 4015 1262 4094 Extrema
1313 4023 1540 4094 meditationi
1556 4047 1743 4115 corporum
1758 4027 1885 4099 dicam.
2270 4099 2275 4107 ,

279 4119 434 4212 denique
458 4113 544 4187 baec
560 4117 739 4187 calamitas
755 4131 823 4198 est,
850 4120 946 4211 quod
964 4122 1103 4190 excluso
1120 4119 1195 4192 Deo
1213 4125 1263 4193 ir·
1415 4123 1489 4197 Res
1513 4127 1587 4217 ipsa
1610 4128 1784 4212 ostendit,
1814 4125 1985 4217 singulari
2008 4125 2158 4196 consilio
2184 4125 2290 4199 Deum

279 4233 391 4291 urunt
411 4220 448 4286 in
465 4215 647 4310 prophana
663 4232 802 4308 pectora
816 4221 969 4305 diaboli,
995 4222 1055 4315 qui
1073 4223 1262 4316 impellunt
1312 4240 1480 4319 tanquam
1496 4241 1632 4319 patrem
1652 4228 1806 4300 fideliter
1822 4229 1925 4299 uobis
1941 4227 2210 4318 prospicientem
2224 4226 2290 4297 dis·

279 4318 388 4398 alios,
413 4333 453 4389 ut
466 4343 547 4388 mox
563 4331 668 4388 ruant
683 4321 721 4389 in
736 4325 877 4406 caedes,
902 4322 990 4392 alios
1004 4325 1051 4393 ita
1066 4340 1188 4396 tenent
1202 4351 1261 4398 ca·
1312 4328 1458 4399 tinxisse
1486 4352 1543 4399 res
1566 4343 1766 4414 nascentes,
1807 4346 1840 4400 ct
1861 4332 1948 4401 alias
1969 4330 2058 4399 velle
2080 4330 2290 4400 nutrimenta

277 4418 414 4509 ptivos,
434 4433 475 4489 ut
491 4432 609 4508 postea
626 4420 664 4486 in
680 4418 817 4511 Repub.
831 4424 962 4494 saciant
976 4448 1037 4495 ros
1052 4428 1185 4517 patriae
1199 4453 1260 4520 pe-
1310 4446 1411 4514 esse,
1426 4431 1515 4499 alias
1537 4433 1702 4500 remedia.
1756 4431 1848 4519 Quis
1872 4432 1966 4499 errim
1983 4430 2074 4499 vesci
2090 4431 2201 4522 possit
2216 4428 2290 4501 Ma·

276 4532 365 4606 stes,
397 4532 432 4589 et
452 4513 659 4614 ἀλάστορας
679 4525 817 4608 generis
840 4519 1006 4607 humaui,
1039 4529 1159 4620 quales
1181 4532 1259 4602 sue-
1308 4527 1438 4617 sticbe,
1463 4526 1679 4615 Achilleide,
1707 4530 1896 4616 Gentiana,
1922 4526 2082 4625 Myrrha,
2107 4529 2211 4617 Aloe,
2236 4546 2291 4601 aut

274 4634 359 4691 runt
374 4617 547 4704 Catilina,
571 4616 753 4691 Antonius
773 4636 806 4694 et
831 4624 972 4700 similes.
1025 4626 1170 4700 Utinam
1191 4627 1258 4704 bo-
1307 4634 1431 4704 multis
1450 4633 1530 4703 aliis
1545 4657 1634 4726 quae
1652 4635 1689 4703 ia
1705 4636 1940 4705 medicatione
1954 4634 2141 4703 vulnerum
2160 4646 2291 4704 constat

271 4745 353 4792 rum
381 4743 593 4812 magnorum
623 4721 833 4794 delictorum
864 4729 1050 4820 turpitudo
1074 4733 1256 4821 cogitetur,
1306 4758 1380 4804 esse
1402 4735 1647 4808 saluberrima.
1699 4733 1815 4807 Fleuit
1832 4739 1936 4809 etiam
1951 4731 2200 4805 Deusmentes
2218 4759 2290 4805 cer·

272 4838 307 4895 et
325 4837 535 4912 agnoscatur
556 4824 607 4894 ira
624 4820 708 4903 Dei,
734 4839 767 4893 et
786 4827 889 4896 multi
911 4829 1080 4901 abiiciaut
1098 4827 1162 4903 bos
1178 4860 1254 4904 ma-
1306 4850 1422 4906 torum
1447 4830 1632 4906 homiuum
1648 4840 1692 4905 ad
1708 4840 2025 4909 considerationem
2044 4838 2290 4919 remediorum,

268 4923 323 4993 los
345 4948 479 5008 mores,
504 4925 567 5017 qui
591 4938 625 4993 et
648 4925 811 5014 privatim
835 4928 1078 5003 multiseritio
1093 4949 1193 5022 sunt,
1219 4951 1253 5008 et
1304 4951 1339 5009 et
1360 4937 1628 5032 inquisitionem
1653 4939 1806 5020 adiuvit,
1832 4966 1903 5033 quo
1929 4942 1967 5009 in
1989 4936 2107 5009 studio
2130 4936 2290 5008 animad-

264 5037 356 5097 totas
372 5040 509 5111 grantes,
535 5021 728 5095 Ecclesiam
744 5043 777 5097 et
793 5029 939 5119 imperia
958 5033 1123 5120 perdunt.
1303 5063 1443 5107 versum
1471 5055 1539 5124 est,
1571 5041 1755 5110 mirificam
1785 5045 1988 5112 varietatem
2017 5038 2149 5108 virium
2172 5039 2214 5109 in
2238 5061 2291 5111 res

364 5124 461 5195 llaec
477 5126 574 5217 prius
588 5127 705 5196 dicere
719 5151 857 5198 necesse
871 5144 939 5215 est,
965 5135 1103 5225 quoties
1116 5138 1162 5206 de
1176 5152 1251 5209 arte
1303 5155 1481 5211 nascentes
1500 5164 1655 5233 sparsam
1674 5165 1766 5225 esse,
1785 5156 1824 5212 ut
1838 5145 1927 5214 aliae
1942 5163 2044 5232 opem
2061 5142 2194 5210 ferrent
2211 5140 2291 5211 aliis

262 5227 398 5298 medica
419 5228 608 5297 dicendum
629 5243 697 5307 est,
726 5252 806 5298 uam
832 5233 893 5323 qui
919 5233 1077 5307 furenter
1094 5239 1247 5329 perdunt
1298 5243 1488 5328 membris,
1513 5243 1602 5314 aliae
1625 5242 1799 5335 praesidia
1822 5261 1936 5319 esseut
1951 5239 2178 5316 contraalios
2192 5266 2291 5314 mor-

260 5351 427 5420 corpora,
451 5327 640 5400 uecDeum
655 5330 835 5403 vindicem
852 5345 1033 5422 metuunt,
1055 5362 1122 5409 nec
1135 5341 1246 5412 ullam
1297 5344 1374 5418 bos.
