4680 6038
144 220 221 305 nr
904 118 1422 268 enorosrrrorvus.
2097 186 2175 271 e„

150 396 267 469 Galat.
282 386 332 463 7.:
383 379 453 453 Per
481 377 594 468 legem
622 371 692 464 legi
721 380 881 442 mortuus
913 388 1016 452 sum,
1052 362 1135 436 vivo
1188 359 1368 438 hendatnr
1388 356 1476 433 haec
1496 358 1708 448 consolatio,
1733 360 1862 434 desinit
1883 357 1994 434 homo
2015 382 2092 433 esse
2113 362 2177 435 do.

151 514 270 573 autern
285 486 444 563 uoniam
457 504 541 573 ego,
565 480 627 549 sed
643 473 785 547 vivitin
800 464 1048 544 meChristus.
1190 468 1364 539 micilium
1384 463 1470 552 Dei,
1507 477 1543 535 et
1565 464 1628 533 alii
1647 465 1834 537 securitate
1855 464 1991 537 carnali
2016 478 2177 557 pereunt,

255 592 315 667 Fit
346 590 453 682 igitur
485 579 720 673 regeneratio,
775 598 857 646 cum
890 572 1012 643 audita
1052 590 1139 641 voce
1192 569 1254 641 alii
1284 568 1402 641 statim
1435 563 1593 660 oppressi
1624 568 1870 658 desperatione
1911 567 2177 658 extinguuntur.

154 696 363 788 Evangelii,
399 689 493 759 lilius
517 684 604 770 Dei,
644 681 706 774 qui
735 692 788 750 est
816 675 975 746 Verbum
1005 670 1140 744 aeterni
1193 670 1340 743 Necesse
1355 683 1408 741 est
1422 672 1532 760 igitur
1545 670 1590 738 de
1608 664 1675 739 hac
1699 671 1963 757 consolatione,
1988 683 2026 742 et
2047 670 2094 741 de
2115 664 2177 743 hac

155 801 286 897 patris,
319 809 371 867 cst
391 790 496 862 nobis
516 789 587 856 iam
610 785 738 853 veritas
760 794 794 850 et
815 779 910 864 vita,
940 771 1143 852 luhan.14.
1193 775 1261 847 fide
1275 772 1394 845 doceri
1411 769 1582 843 homines.

157 904 284 977 Movet
314 897 419 970 corda
449 904 570 962 nostra
597 888 666 957 fide
689 908 753 977 per
775 881 950 975 Spiritum
972 891 1144 961 sanetum,
1297 874 1409 950 lxx.
1451 869 1501 945 Et
1523 887 1725 962 congruunt
1746 875 1839 947 dieta
1862 874 2070 946 dulcissima
2090 870 2177 947 lers-

156 1022 199 1080 ut
221 1003 404 1075 credamus
423 993 527 1064 nobis
554 990 599 1059 ab
621 1001 763 1060 aeterno
793 997 892 1077 patre
913 980 1044 1051 remitti
1065 1002 1145 1071 pec·
1196 979 1286 1050 miae
1301 979 1384 1052 ase
1416 972 1465 1047 Et
1480 977 1655 1047 suscitabo
1671 973 1787 1047 David
1803 1000 1948 1068 germen
1964 975 2119 1061 iustum,
2146 992 2177 1049 et

159 1121 253 1186 eata,
281 1118 315 1174 et
331 1122 398 1171 nos
413 1095 521 1187 recipi
539 1104 682 1184 propter
701 1088 952 1168 mediatorem,
976 1081 1094 1152 Deum
1112 1092 1147 1150 et
1197 1081 1360 1171 regnabit
1382 1103 1463 1164 rex,
1488 1092 1522 1148 et
1548 1074 1616 1149 hoc
1636 1093 1687 1150 est
1713 1103 1864 1160 nomen,
1889 1080 1986 1174 quod
2005 1078 2177 1153 vocabu

160 1207 365 1289 hominem,
398 1220 537 1293 passum
560 1208 594 1265 et
614 1191 870 1264 resuscitatum.
921 1183 963 1256 ln
979 1180 1147 1254 haccon·
1198 1208 1280 1255 eum
1309 1181 1404 1254 Deus
1433 1181 1570 1251 iusticia
1603 1196 1736 1251 nostra.
1802 1180 1873 1254 Hic
1900 1180 2018 1267 Deua,
2055 1178 2176 1253 scilia

161 1309 335 1382 solatione
364 1298 572 1376 vivificati‚·
599 1296 670 1364 iam
704 1314 825 1363 sumus
853 1287 1075 1359 domicilium
1114 1296 1148 1354 et
1199 1284 1369 1370 Messias,
1394 1283 1456 1376 qui
1477 1296 1529 1354 est
1553 1297 1588 1354 et
1609 1280 1705 1353 Deus
1726 1297 1760 1354 et
1781 1306 1925 1376 germen
1940 1281 2113 1368 Davidis,
2133 1296 2175 1355 ert

160 1411 335 1504 templum
349 1403 438 1488 Dei,
474 1400 565 1470 sieut
587 1398 723 1468 dictum
748 1407 800 1464 est
826 1386 951 1464 lohan.
970 1387 1042 1459 lh:
1077 1386 1149 1456 Ve·
1200 1388 1339 1459 iusticia
1363 1400 1502 1470 nostra,
1533 1398 1567 1455 et
1589 1386 1720 1456 donata
1748 1388 1851 1457 nobis
1873 1388 1918 1459 ad
1940 1386 2174 1456 remissionem

161 1515 304 1585 niemus
324 1510 368 1578 ad
392 1525 492 1586 eum,
525 1513 560 1570 et
583 1498 801 1570 mansionem
824 1494 918 1585 apud
941 1515 1022 1562 euru
1044 1488 1150 1559 iacie-
1201 1504 1443 1584 peccatorum,
1491 1499 1525 1557 et
1556 1485 1896 1573 reconciliationem,
1945 1510 2056 1583 quam
2084 1484 2175 1557 nobis

162 1639 254 1687 mus.
307 1609 396 1682 ltem
413 1604 529 1676 Galat
543 1606 597 1675 z:
631 1599 731 1670 Vivit
748 1597 886 1667 veroin
905 1619 961 1664 me
973 1588 1149 1664 Christus.
1202 1592 1348 1677 meruit,
1379 1590 1475 1662 etin
1499 1591 1604 1661 nobis
1626 1586 1780 1675 habitat,
1809 1606 1851 1661 ut
1873 1590 1983 1661 vitam
2010 1603 2175 1660 aeterna!

163 1716 255 1789 Item
284 1708 410 1785 lohan.
439 1707 515 1778 10.:
553 1700 630 1793 Ego
660 1702 770 1771 vitam
800 1712 978 1768 aeternam
1007 1697 1054 1764 do
1088 1692 1149 1764 eis.
1203 1709 1237 1766 et
1251 1693 1426 1764 iusticiam
1442 1692 1546 1762 nobis
1562 1693 1699 1778 reddat,
1719 1692 1809 1763 sicut
1823 1687 2173 1763 inluhannedicitur:

164 1819 256 1890 ltem
272 1812 399 1888 lohun.
414 1807 467 1884 5.:
492 1807 597 1878 Pater
611 1826 710 1875 meus
724 1823 835 1893 usque
852 1801 957 1868 modo
975 1809 1152 1888 operatur,
1203 1795 1329 1867 Gratia
1358 1808 1392 1866 et
1419 1793 1547 1864 veritas
1570 1817 1631 1885 per
1655 1791 1771 1863 lesum
1793 1791 1979 1866 Christum
2009 1794 2104 1864 iacta
2126 1805 2176 1866 est.

167 1932 201 1991 et
230 1942 294 2009 ego
322 1934 461 2007 operor.
518 1907 608 1979 Item
637 1900 854 1976 lohan.10.:
895 1899 1008 1969 Nemo
1037 1909 1152 1990 potest
1204 1896 1347 1983 Gratia,
1370 1898 1498 1980 idest,
1524 1896 1685 1966 remissio
1706 1911 1948 1988 peccatorum,
1974 1908 2011 1967 et
2032 1894 2175 1966 reconsi-

165 2043 290 2114 rapere
307 2033 494 2087 ovesmeas
508 2034 548 2080 ex
563 2008 727 2078 manibus
743 2005 842 2075 meis.
871 2000 957 2072 ltem
968 1995 1151 2073 lohan.6.:
1205 2000 1315 2071 liatio.
1367 1998 1522 2082 Veritas,
1547 1998 1584 2067 id
1601 2011 1669 2082 est,
1695 2023 1777 2068 vera
1795 2013 1830 2069 et
1846 2012 1990 2069 aeterna
2005 1996 2177 2089 sapientia,

167 2124 243 2192 Vos
257 2124 296 2191 in
313 2141 370 2187 me
388 2116 488 2200 estis,
514 2126 547 2185 et
571 2133 635 2201 ego
657 2111 695 2178 in
720 2108 836 2191 vobis,
861 2100 938 2195 Ego
956 2127 1034 2173 sum
1058 2102 1153 2186 vitis,
1205 2102 1338 2192 agnitio
1352 2099 1528 2185 veraDei,
1551 2100 1623 2170 vita
1639 2115 1673 2171 et
1690 2101 1828 2171 iusticia
1844 2115 1987 2174 aeterna
2002 2096 2176 2194 perlesun

167 2248 231 2296 vo,
248 2221 422 2316 palmites,
1205 2203 1387 2276 Christum
1403 2204 1506 2273 nobis
1523 2203 1779 2273 communicata
1796 2217 1860 2277 est.

270 2324 323 2395 Ac
349 2338 508 2412 expresse
529 2337 668 2406 semper
692 2308 940 2381 damnavimus
957 2320 989 2377 et
1006 2309 1152 2376 damna-
1307 2303 1438 2378 LXXI.
1480 2302 1627 2374 Necesse
1656 2320 1707 2377 est
1735 2307 1855 2375 doceri
1887 2317 2033 2375 renatos
2059 2303 2097 2373 in
2126 2298 2177 2373 lue

165 2449 248 2498 mus
269 2419 488 2495 Pharisaicas
516 2430 551 2488 et
569 2414 776 2502 Pelagianas
796 2411 960 2480 tenebras
982 2409 1154 2492 omnium,
1207 2408 1298 2493 vita,
1336 2430 1538 2500 quanquam
1560 2407 1631 2476 iarn
1653 2418 1736 2476 sunt
1756 2409 1930 2499 templum
1953 2404 2041 2493 Dei,
2071 2418 2177 2477 tamen

168 2530 232 2623 qui
247 2529 403 2615 lingunt,
426 2517 607 2590 hominem
622 2518 752 2585 iustum
777 2535 851 2581 esse
872 2534 947 2580 nou
971 2532 1155 2599 regenero·
1207 2532 1344 2602 semper
1365 2533 1423 2577 eos
1446 2509 1575 2577 debere
1598 2511 1759 2593 credere,
1792 2511 1888 2602 quod
1911 2521 2055 2602 propter
2073 2505 2176 2576 filiun

168 2645 261 2703 tum.
310 2623 514 2696 Clamamus
530 2621 633 2688 etiarn
647 2614 797 2686 assiduis
811 2612 999 2705 gemitibus
1021 2613 1064 2680 ad
1079 2609 1155 2682 Do·
1208 2611 1291 2695 Dei,
1315 2606 1429 2679 Deum
1451 2622 1483 2678 et
1507 2605 1706 2697 hominem,
1743 2612 1990 2702 deprecantem
2009 2632 2074 2703 pro
2092 2606 2178 2700 ipsis,

169 2731 310 2801 minum
334 2738 495 2795 nostrum
512 2717 626 2789 lesum
640 2715 843 2801 Christum,
868 2714 929 2807 qui
952 2725 1004 2784 est
1026 2710 1155 2782 Imma·
1209 2713 1369 2804 placeant
1395 2723 1537 2781 aeterno
1561 2713 1671 2802 patri,
1711 2737 1785 2780 non
1815 2725 1960 2804 propter
1989 2710 2178 2787 novitatem,

170 2831 276 2916 nuel,
300 2840 335 2898 et
355 2823 511 2897 mirabili
533 2845 573 2892 ac
595 2819 825 2889 inenarrabili
841 2815 991 2886 consilio
1008 2813 1074 2884 Dei
1097 2838 1156 2882 ca·
1209 2815 1291 2908 quia
1310 2814 1416 2882 simul
1433 2809 1549 2883 adhuc
1566 2815 1603 2881 in
1619 2815 1723 2884 nubis
1746 2808 1896 2886 haerent
1916 2813 2092 2907 reliquiae
2112 2832 2178 2904 pso

171 2947 239 3025 put
263 2943 334 3016 est,
360 2951 425 3020 per
448 2926 542 3017 quod
567 2933 783 2992 sustentatur
806 2933 841 2989 et
862 2916 1061 2987 vivificatur
1083 2928 1155 2985 tota
1209 2916 1296 2996 cati,
1322 2916 1453 2985 multae
1468 2928 1503 2986 et
1522 2938 1686 3005 magnae,
1709 2920 1804 3010 quod
1821 2917 1962 3006 agnosci
1979 2924 2177 2985 necessust

171 3032 351 3113 Ecclesia,
376 3042 416 3100 ut
437 3027 483 3097 sit
508 3026 627 3095 efficax
643 3025 681 3091 in
697 3022 818 3106 nobis,
845 3033 879 3089 et
901 3020 1011 3107 magis
1028 3017 1152 3107 magis-
1213 3017 1293 3088 ldeo
1309 3014 1438 3086 Daniel
1456 3018 1573 3112 inquit
1588 3019 1701 3110 capite
1721 3043 1837 3088 nono:
1863 3017 1946 3088 Non
1972 3014 2176 3111 propterin·

171 3160 242 3229 que
266 3158 331 3204 uos
354 3129 579 3203 transformet
598 3150 618 3195 a
639 3124 795 3194 claritate
811 3124 850 3190 in
865 3121 1056 3190 claritatem
1075 3119 1156 3208 Spi-
1210 3120 1327 3190 sticias
1350 3134 1506 3201 nostras,
1531 3122 1591 3189 sed
1608 3133 1753 3213 propter
1764 3118 1961 3190 Dominum
1978 3118 2178 3191 exaudiant·

172 3240 246 3309 ritu
274 3259 339 3305 suo
366 3244 499 3302 saneto.
568 3225 620 3297 lta
643 3222 963 3295 communicatione
985 3222 1040 3291 sui
1063 3222 1156 3289 lilius
1209 3218 1460 3293 EtRoma.8:
1491 3218 1607 3292 Filius
1626 3245 1763 3315 semper
1779 3222 1984 3315 interpellat
1999 3218 2178 3313 pronob'u

170 3337 239 3409 Dei
263 3335 381 3407 reddit
406 3332 511 3402 nobis
534 3331 641 3398 vitam
666 3342 699 3398 et
721 3326 894 3396 iusticiam
918 3339 1095 3396 aeternam
1119 3322 1157 3391 in
1211 3320 1257 3393 Et
1277 3321 1387 3396 Hebr.
1403 3323 1456 3393 7.:
1487 3323 1634 3415 Semper
1657 3325 1799 3409 vivens,
1831 3338 1872 3396 ut
1899 3323 2104 3417 interpellet
2128 3340 2178 3413 pst

171 3439 299 3523 nobis,
325 3438 415 3506 sicut
434 3430 552 3526 inquit
575 3425 745 3499 lobannis
770 3428 927 3497 decimo:
953 3422 1030 3515 Ego
1048 3425 1156 3494 vitam
1211 3425 1326 3499 nobis.
1363 3425 1440 3495 Hac
1456 3425 1525 3494 fide
1541 3424 1681 3496 lucente
1698 3426 1736 3493 in
1753 3427 1903 3511 renatis,
1924 3437 2076 3496 manent
2086 3419 2179 3495 antii

173 3554 352 3611 aeternam
372 3538 418 3605 do
436 3535 499 3607 eis.
1211 3526 1381 3617 templum
1391 3524 1476 3611 Dei,
1501 3521 1567 3596 hac
1580 3526 1649 3597 [ide
1663 3527 1835 3613 extincta,
1859 3541 1972 3599 ruunt
1986 3528 2048 3597 vel
2063 3526 2100 3596 in
2110 3546 2180 3597 eon·

275 3636 408 3708 LXIX.
450 3634 519 3706 Sed
547 3632 585 3699 in
614 3626 680 3699 hac
701 3628 842 3698 mortali
866 3643 991 3700 natura
1015 3639 1159 3697 manent
1211 3641 1381 3712 temtum,
1410 3627 1467 3695 vel
1489 3628 1528 3696 in
1551 3629 1851 3720 desperationem,
1877 3642 1915 3700 et
1936 3630 2178 3701 desinuntesse

172 3737 290 3814 adhue
307 3738 413 3808 simul
428 3735 466 3804 in
482 3734 585 3802 nobis
602 3731 773 3824 reliquiae
797 3730 945 3819 peccati,
971 3729 1104 3797 mrrltae
1126 3741 1159 3798 et
1211 3729 1383 3819 templum
1399 3723 1479 3802 Dei.
1528 3725 1632 3798 Hane
1653 3732 1932 3801 consolationem
1951 3729 2180 3826 proponil,et

172 3864 332 3934 magnae.
391 3835 479 3908 Vult
501 3848 617 3904 autern
641 3830 738 3901 Deus
758 3827 949 3901 Ecclesiam
973 3831 1159 3920 praecipue
1212 3831 1371 3901 doctrina
1384 3831 1428 3897 de
1444 3831 1639 3901 sacerdotio
1655 3832 1719 3901 filii
1735 3828 1816 3908 Dei.

172 3944 392 4033 intelligere,
414 3960 495 4008 vere
511 3959 590 4005 eum
607 3933 709 4002 irasci
723 3945 879 4024 peceato,
906 3933 982 4003 vult
996 3956 1068 4001 non
1086 3954 1159 4001 esse
1312 3929 1461 4006 Lxxtt.
1499 3926 1662 4003 Christus
1691 3947 1743 4004 est
1770 3954 1929 4004 summus
1959 3934 2122 4005 sacerdos
2140 3953 2183 4003 se·

173 4068 351 4128 securam,
376 4039 510 4111 etiarnsi
529 4036 665 4107 suntin
683 4034 786 4102 uubis
807 4034 909 4104 initia
924 4034 1159 4122 regeneratio·
1211 4033 1368 4105 cundum
1385 4032 1544 4103 divinam
1559 4047 1593 4104 et
1607 4029 1801 4105 humanam
1816 4047 1992 4107 naturam.
2025 4030 2093 4107 Est
2104 4032 2185 4105 enin

172 4149 252 4233 nis,
277 4166 414 4235 semper
437 4141 512 4210 vult
534 4161 687 4208 crescere
709 4137 747 4204 in
772 4135 877 4205 nobis
896 4136 1160 4227 poenitentiam,¹
1212 4132 1271 4207 hic
1306 4156 1467 4205 summus
1489 4138 1651 4205 sacerdos
1674 4160 1824 4229 persona
1848 4130 2056 4209 immediate
2077 4160 2098 4208 a
2117 4136 2185 4209 nv·

174 4250 266 4319 sicut
289 4244 408 4339 inquit
429 4239 606 4311 Dominus
626 4238 741 4309 Lucae
761 4237 838 4309 ts:
870 4235 945 4307 Nisi
972 4237 1159 4328 poeniten·
1212 4235 1395 4320 ordinata,
1425 4248 1466 4307 nt
1480 4233 1715 4327 Evangelium
1735 4238 1892 4330 proferat
1906 4262 1948 4307 ex
1964 4261 2098 4311 arcano
2113 4260 2187 4309 eoa·

173 4350 262 4420 tiam
287 4344 445 4437 egeritis,
469 4341 634 4412 similiter
656 4338 827 4431 peribitis.
879 4336 959 4409 Huc
982 4339 1161 4430 pertinent
1212 4338 1293 4408 silio
1309 4336 1525 4424 divinitatis,
1549 4352 1585 4410 et
1600 4353 1701 4410 sonet
1716 4340 1812 4411 inter
1827 4335 1991 4411 homines
2016 4354 2053 4413 et
2075 4338 2189 4412 oller!

173 4444 244 4520 hae
260 4446 465 4528 conciones,
489 4463 591 4533 saepe
605 4440 772 4532 repetitae
789 4436 901 4510 Exod.
917 4437 995 4513 dh:
1030 4434 1160 4508 Coram
1212 4439 1288 4511 Deo
1310 4438 1519 4510 sacrificium
1535 4463 1600 4532 pro
1616 4441 1714 4522 aliis,
1740 4443 1784 4511 ad
1801 4442 2012 4534 placandam
2032 4442 2143 4525 iram,
2160 4450 2188 4511 st

173 4562 210 4622 te
226 4550 409 4629 innocens,
432 4555 569 4613 nonest
583 4543 764 4615 innocens.
798 4540 938 4611 Psalmo
950 4537 1052 4615 tto:
1078 4538 1161 4610 Non
1213 4541 1260 4612 sit
1274 4542 1480 4632 deprecator
1493 4543 1656 4613 assiduus
1671 4566 1736 4633 pro
1753 4543 1823 4628 eis,
1848 4543 1893 4614 de
1908 4567 1981 4637 qno
1996 4557 2036 4615 et
2050 4540 2190 4637 prom'n·

174 4653 286 4723 intres
301 4650 337 4717 in
358 4645 529 4716 iudicium
545 4667 624 4713 cum
642 4665 742 4713 servo
759 4655 842 4727 tuo,
867 4643 952 4737 quia
968 4665 1043 4712 non
1059 4641 1162 4711 iusti·
1213 4643 1266 4713 sio
1289 4641 1423 4712 sancita
1443 4655 1513 4727 est,
1538 4667 1619 4713 vere
1636 4644 1747 4735 ipsius
1767 4644 1939 4715 sacrificiu
1958 4645 2095 4737 placari
2112 4646 2190 4717 irs·

174 4753 338 4824 hcabitur
366 4749 404 4816 in
435 4757 623 4836 conspectu
651 4758 713 4814 tuo
740 4745 856 4815 omnis
878 4745 1014 4821 vivens.
1068 4740 1161 4815 Cum
1212 4743 1301 4829 Dei,
1339 4757 1374 4813 et
1406 4743 1567 4815 exaudiri
1600 4768 1681 4815 euru
1710 4769 1775 4837 pro
1807 4745 1913 4817 nohis
1943 4747 2192 4839 deprecantes.

176 4855 287 4944 igitur
320 4848 427 4921 simul
453 4860 619 4917 maneant
639 4846 811 4938 reliquiae
831 4847 963 4939 peccati
982 4836 1163 4930 mobis,
1213 4840 1669 4936 Haeccomprehenduntur
1677 4846 1798 4918 omnia
1806 4846 1948 4918 indicto
1956 4845 2190 4923 psalmisto.-

176 4977 314 5045 semper
335 4947 422 5021 haec
438 4947 618 5019 verissima
633 4960 667 5017 et
681 4947 787 5019 unica
802 4946 996 5020 consolatio
1010 4947 1163 5018 tenenda
1215 4944 1275 5018 Tu
1292 4968 1330 5016 es
1354 4948 1518 5018 nendos
1535 4947 1575 5016 in
1590 4960 1795 5033 aeternum,
1820 4951 2018 5021 secundnm
2039 4951 2191 5023 ordint!

175 5068 244 5141 est,
276 5053 374 5148 quod
396 5062 541 5143 propter
558 5048 809 5132 mediatorem,
835 5046 949 5119 Deum
980 5061 1016 5122 et
1042 5043 1164 5119 homi·
1214 5043 1492 5119 Melchisedech.
1552 5043 1620 5121 Est
1640 5048 1750 5139 igitur
1772 5058 1931 5122 summus
1951 5053 2119 5125 sacerdos
2137 5072 2191 5123 ra·

173 5178 279 5241 nem,
302 5153 372 5248 qui
387 5164 440 5223 est
455 5149 721 5236 umbraculum,
746 5164 781 5222 et
801 5149 1000 5241 interpellat
1015 5173 1082 5244 pro
1095 5172 1165 5219 no·
1214 5161 1294 5220 tura
1316 5148 1431 5234 Deus,
1462 5163 1504 5221 ut
1526 5173 1694 5221 arcanum
1715 5151 1906 5224 consilium
1926 5154 1972 5223 de
1992 5154 2192 5224 remissione

172 5257 250 5341 bis,
269 5251 467 5327 habeamus
488 5249 732 5322 remissionem
755 5264 999 5344 peccatomm,
1028 5264 1064 5323 et
1085 5251 1164 5344 pla·
1214 5263 1459 5344 peccatorum,
1485 5265 1521 5322 et
1535 5253 1579 5321 de
1594 5253 1701 5322 modo
1717 5252 1927 5325 restituendi
1941 5276 2055 5345 genus
2077 5252 2193 5327 huma·

174 5355 399 5432 cesruuslleo
414 5377 479 5451 pes
492 5352 792 5442 misericordiam,
816 5366 852 5426 et
867 5352 938 5425 uisi
953 5355 1023 5427 lide
1035 5375 1164 5446 appre-
1214 5373 1302 5426 num
1316 5377 1358 5424 ex
1372 5352 1454 5425 sinn
1469 5353 1606 5427 aeterni
1618 5354 1730 5448 patris
1743 5356 1915 5449 proferat,
1948 5369 1984 5429 et
2003 5368 2046 5431 ut
2065 5372 2193 5451 serapt
