4680 6038
69 242 117 319 87

68 417 235 508 telligunt
260 414 376 488 Deum
408 411 506 486 hunc
527 415 674 486 'radium
697 415 888 508 sapientiae
918 441 1000 488 suae
1024 417 1063 486 in

69 516 235 589 homines
257 518 509 603 transfudisse,
537 530 571 588 et
594 518 772 588 vindicem
789 543 861 589 esse
879 521 1064 605 scelerum,

71 623 278 712 intelligunt
303 622 413 713 igitur
436 622 468 689 ei
492 621 731 691 obediendum
755 645 849 702 esse,
875 623 972 693 iuxta
995 616 1062 692 hoc

69 724 261 795 discrimen
279 719 512 794 honestorum
540 737 575 793 et
590 724 760 816 turpium.
810 725 887 794 Iam
903 719 989 794 haec
1005 749 1062 794 sa-

68 827 204 918 pientia
243 828 436 896 multarum
468 848 675 916 magnamm
711 849 831 896 rerum
862 828 1060 897 doctrinam

70 929 241 1003 continet.
303 927 398 998 Hinc
430 928 539 1018 igitur
564 943 641 1000 orta
674 928 811 998 iusticia
839 943 907 1015 est,
943 927 1060 999 Deum

70 1044 161 1101 recte
181 1054 388 1122 agnoscere,
414 1031 495 1100 etei
512 1031 659 1100 obedire
674 1031 769 1101 iuxta
786 1032 976 1101 discrimen
994 1026 1061 1102 ho-

69 1146 252 1204 nestorum
280 1147 315 1205 et
340 1131 519 1226 turpium,
560 1145 594 1203 et
626 1146 769 1226 propter
800 1133 912 1205 Deum
941 1135 1060 1204 fovere

69 1260 294 1307 communem
331 1235 646 1318 consociationem,
685 1236 865 1305 neminem
900 1237 1060 1322 laedere,

68 1339 179 1408 vitare
204 1353 239 1409 et
263 1339 391 1430 punire
412 1338 553 1409 scelera.
612 1333 667 1407 Ex
692 1334 759 1409 hoc
776 1338 873 1409 tonte
894 1340 1060 1410 oriuntur

68 1441 215 1526 veritas,
247 1441 333 1511 fides
357 1441 396 1508 in
428 1440 558 1531 pactis,
591 1441 839 1526 beneficentia,
871 1444 1060 1530 gratitudo,

68 1544 198 1632 gradm
216 1544 253 1612 in
269 1542 445 1636 imperiis,
471 1555 506 1613 et
521 1542 658 1613 ordinis
674 1544 905 1614 conservatio.

168 1642 309 1715 Deinde
332 1646 450 1739 iuquit
467 1642 664 1729 Homerus,
691 1642 814 1740 Mysos
831 1646 1059 1739 praeliatores

68 1769 159 1828 esse,
200 1746 339 1819 Videtis
368 1747 544 1839 sapienter
571 1747 817 1819 fortitudinem
856 1732 1058 1820 adiurflam

68 1871 140 1919 esse
155 1849 326 1925 iusticiae.
380 1847 473 1939 Quia
486 1851 777 1939 gubernationem
794 1851 921 1922 iustam
939 1874 1059 1922 neces-

67 1975 103 2020 se
116 1965 170 2021 est
186 1975 284 2025 arma
300 1965 436 2031 tenere,
464 1965 498 2022 et
513 1953 549 2020 vi
566 1947 751 2022 cohercere
767 1954 946 2046 acpunire
960 1954 1059 2024 domi

67 2068 292 2126 contumaces
323 2056 433 2140 cives,
471 2068 505 2125 et
531 2056 618 2124 foris
654 2056 829 2146 depellere
860 2056 1058 2127 latrocinia.

67 2154 220 2249 Propter
243 2154 307 2228 has
331 2180 451 2228 causas
476 2157 571 2228 scitis
591 2157 742 2250 imperia
759 2158 932 2229 divinitus
952 2175 985 2231 et
1002 2160 1059 2228 in-

67 2258 188 2330 stituta
204 2274 238 2330 et
253 2272 385 2330 armata
400 2282 482 2333 esse.

170 2361 293 2433 Tertia
317 2364 431 2433 virtus
455 2375 506 2433 est
532 2363 783 2456 temperantia,
814 2388 904 2459 quae
928 2363 1060 2433 multa-

66 2488 145 2534 mm
171 2465 322 2535 aliarum
347 2466 468 2534 nutrix
499 2479 567 2551 est,
600 2467 793 2536 modestiae
822 2480 855 2538 et
878 2467 1058 2538 castitatis.

67 2564 190 2661 lnquit
205 2568 302 2636 enim
316 2564 495 2638 Homerus
512 2569 565 2637 lac
586 2568 692 2637 fuisse
708 2583 833 2660 potum
853 2569 951 2639 illius
966 2569 1059 2639 anti-

68 2694 157 2762 quae
190 2671 326 2760 gentis,
366 2694 446 2742 cum
480 2666 638 2739 Thraces
673 2671 783 2740 vicini
813 2672 1060 2764 vituperentur

66 2785 211 2863 propter
225 2773 482 2845 temulentiam.
533 2768 582 2843 Et
598 2771 726 2844 Strabo
741 2775 865 2845 recitat
873 2773 1057 2845 Posidonii

65 2875 270 2945 testimonia
291 2877 335 2944 de
359 2875 515 2946 castitate
533 2873 720 2970 Mysorum
742 2890 777 2946 et
794 2873 991 2966 Getarum,
1019 2901 1059 2946 ac

66 2977 280 3047 nominatim
302 2977 441 3071 inquit,
474 2981 566 3069 apud
600 2976 843 3048 Menandrum
866 2980 1059 3071 vituperari

65 3081 108 3150 ab
125 3080 178 3150 eis
192 3080 441 3173 polygamiam.
625 3154 631 3162 ¹
801 3069 806 3081 ¹

168 3179 211 3251 ln
226 3182 454 3273 argonautico
469 3182 625 3252 carmine
640 3183 806 3254 scribitur
823 3196 983 3268 amanter
1000 3206 1059 3250 ex-

66 3297 184 3375 ceptos
208 3308 281 3355 esse
305 3286 345 3353 in
363 3283 479 3379 Mysia
501 3308 642 3373 graecos
657 3286 783 3364 duces,
809 3299 842 3354 et
857 3307 978 3354 rursus
995 3308 1060 3352 na-

65 3388 135 3456 vim
156 3387 210 3458 ibi
228 3387 437 3458 instructam
452 3389 652 3469 frumento,
678 3387 864 3469 carnibus,
892 3388 988 3456 vino.

166 3488 254 3560 Fuit
277 3490 386 3580 igitur
409 3489 448 3558 iu
472 3489 532 3558 illa
550 3501 652 3578 gente
674 3489 874 3559 intellectus
890 3482 1059 3558 honesto-

65 3616 144 3663 rum
159 3591 359 3663 officiorum
376 3605 411 3662 et
425 3591 634 3681 disciplina,
663 3616 771 3684 quare
784 3606 817 3662 et
835 3592 946 3683 ipsam
964 3615 982 3659 a
1000 3615 1058 3680 ge·

66 3705 191 3765 nerosa
215 3695 342 3788 stirpe,
375 3717 466 3788 quae
491 3693 659 3764 virtutem
686 3695 860 3765 intellexit
882 3707 916 3764 et
937 3694 1060 3778 coluit,

66 3812 179 3870 ortam
195 3820 270 3867 esse
284 3810 559 3867 consentaneum
575 3809 635 3866 est.
686 3795 942 3867 Narratantem
954 3796 1060 3867 Aria-

65 3923 132 3970 nus
158 3900 197 3968 in
219 3895 452 3994 Bithynicis,
477 3900 567 3968 duos
588 3899 696 3968 fuisse
715 3899 807 3969 tilios
831 3894 960 3967 Phinei
976 3896 1058 3992 My·

66 4027 144 4070 sum
166 4015 202 4072 et
222 3997 412 4098 Thynum,
447 4014 480 4073 et
502 4002 547 4071 ab
576 4002 686 4071 altero
710 4000 850 4095 Mysos,
880 4004 925 4070 ab
947 4001 1058 4069 altcro

67 4099 243 4197 Bithynos
272 4118 473 4196 procreatos
504 4127 588 4176 esse.
655 4103 708 4172 Ac
736 4103 843 4173 fuisse
876 4103 914 4171 in
941 4104 1060 4172 littore

65 4203 292 4298 Hellesponti
315 4230 437 4276 senem
460 4220 574 4276 vatem
598 4201 734 4274 Phinea
758 4206 983 4275 manifestum
1010 4217 1061 4276 est

64 4333 104 4378 ex
131 4309 362 4398 argonautico
388 4309 563 4392 carmine,
586 4307 648 4399 qui
671 4309 806 4379 etiamsi
825 4309 981 4378 nonfuit
997 4331 1060 4398 pa·

63 4427 118 4483 ter
141 4412 286 4481 illarum
309 4411 488 4502 gentium,
521 4423 641 4480 tamen
660 4410 869 4502 sapientiam
891 4412 934 4479 dc
954 4410 1061 4479 moti-

64 4515 129 4585 bus
146 4515 379 4604 coelestibus,
405 4516 449 4583 de
464 4508 620 4606 physicis
641 4514 754 4582 causis
768 4513 1005 4583 mutationum
1023 4513 1060 4579 in

64 4617 297 4712 corporibus,
323 4619 367 4686 de
386 4615 552 4685 remediis
567 4616 793 4698 morborum,
820 4614 999 4689 deDeoet
1016 4617 1060 4684 de

64 4720 225 4804 iusticia,
258 4743 298 4787 ex
323 4714 513 4789 Phoenicia
543 4741 605 4786 scu
628 4742 668 4786 ex
691 4716 790 4811 Tyro
816 4732 849 4788 et
870 4716 1005 4787 Sidone
1023 4718 1059 4786 in

64 4823 164 4891 illam
187 4822 293 4891 Asiae
311 4845 408 4890 oram
428 4819 561 4889 intulit.
612 4819 744 4890 Natum
769 4821 863 4890 enim
881 4842 953 4888 csse
970 4815 1060 4888 Phi-

64 4949 130 4994 nea
149 4925 188 4992 in
200 4923 299 5018 Tyro
315 4926 374 4992 aut
390 4921 523 4994 Sidone
541 4946 663 4991 omnes
680 4923 874 5005 affirmant,
898 4935 932 4992 ct
949 4921 1061 5015 aliqui

63 5029 210 5098 fratrem
227 5027 335 5095 fuisse
350 5020 484 5116 Cephei
503 5024 681 5108 scribunt,
704 5049 722 5092 a
739 5049 810 5118 quo
827 5025 909 5118 quia
928 5024 1061 5094 doctri-

65 5154 148 5200 nam
184 5131 230 5198 de
262 5127 419 5197 motibus
452 5126 661 5196 coelestibus
697 5127 924 5219 propagavit,
964 5127 1062 5195 sidus

65 5230 246 5325 quoddam
262 5231 476 5323 appellatum
494 5243 553 5298 est.
606 5228 712 5300 Scitis
729 5242 844 5299 autem
867 5229 1063 5299 vetustissi-

66 5358 160 5405 mam
183 5333 377 5424 sapientiae
401 5331 679 5424 possessionem‚
709 5334 753 5401 de
769 5329 866 5415 Deo,
891 5333 935 5400 de
958 5332 1061 5401 iusti-

67 5438 140 5524 cia,
174 5438 220 5506 de
240 5436 398 5508 motibus
422 5432 651 5514 coelestibus,
681 5449 714 5506 et
735 5436 921 5506 denatura
942 5457 1061 5504 rerum

824 239 980 316 nucu.
1028 236 1102 314 uu
1138 196 1363 316 uisura,

2055 253 2104 322 38

1115 413 1224 484 fuisse
1238 416 1332 507 apud
1345 407 1558 503 Phoenices,
1584 414 1752 490 Sidonios
1768 434 1801 492 et
1820 418 1966 516 Tyrios,
1990 439 2022 496 et
2037 421 2104 496 ho·

1115 539 1193 584 rum
1211 517 1363 600 vicinos,
1390 531 1566 609 acceptam
1583 543 1602 588 a
1620 520 1744 610 primis
1764 526 1943 614 patribus,
1968 523 2105 599 aNoha

1115 632 1150 688 et
1166 619 1241 688 eius
1254 619 1336 688 filiis
1352 633 1386 689 et
1408 621 1615 711 nepotibus,
1641 624 1772 721 quibus
1793 624 1890 697 Deus
1906 630 2004 702 cet-td
2019 654 2106 700 con·

1114 720 1194 788 silio
1211 721 1308 790 illam
1328 735 1564 814 opportunam
1583 727 1700 794 sedem
1717 729 1898 812 attribuit,
1924 747 2105 804 uteorum

1114 823 1274 893 doctrina
1298 825 1366 894 late
1389 829 1433 894 ad
1457 840 1575 897 ortum
1604 830 1703 898 etad
1727 855 1889 901 occasum
1918 839 2106 928 propagari

1112 938 1239 1015 posset.
1292 925 1376 996 Sive
1389 927 1500 1017 igitur
1513 953 1532 997 a
1547 922 1685 999 Phineo
1701 949 1840 1024 accepta
1856 950 1906 1005 est
1920 939 2105 1029 sapientia,

1113 1027 1187 1096 sive
1209 1051 1229 1098 a
1254 1027 1382 1099 vicinis
1404 1027 1569 1116 Ionibus,
1602 1034 1665 1125 qni
1690 1035 1850 1106 doctrina
1877 1052 1911 1109 et
1938 1042 2105 1111 omnibus
2221 1122 2225 1130 ¹

1112 1130 1248 1201 artibus
1266 1131 1527 1218 excelluerunt,
1555 1158 1633 1202 cum
1652 1150 1765 1207 essent
1783 1134 1950 1211 haeredes
1965 1144 2106 1234 sapien-

1111 1231 1180 1302 tiae
1199 1229 1341 1323 laphct‚
1377 1248 1531 1305 vetustae
1553 1259 1607 1305 res
1628 1235 1814 1330 Mysorum
1838 1246 2031 1317 ostendunt
2044 1270 2105 1316 eos

1112 1334 1299 1427 disciplina
1317 1336 1444 1406 vicinis
1458 1339 1712 1413 antecelluisse.
1733 1398 1737 1405 .

1213 1435 1304 1507 Cum
1320 1453 1477 1523 veterum
1495 1438 1680 1534 Mysorum
1696 1443 1777 1513 talis
1787 1444 1895 1515 fuerit
1912 1446 2044 1531 virtus,
2070 1460 2105 1517 et

1112 1564 1243 1608 nomen
1270 1554 1302 1610 et
1327 1541 1447 1630 lingua
1476 1543 1664 1612 conveniat
1683 1570 1764 1616 cum
1788 1540 1853 1616 hac
1868 1562 1988 1637 gente,
2015 1573 2105 1641 quae

1112 1643 1155 1711 ad
1178 1638 1301 1713 Albim
1327 1644 1505 1729 consedit,
1539 1647 1783 1736 cognationem
1810 1674 1883 1719 non
1911 1658 2105 1743 aspernan-

1112 1746 1192 1813 dam
1209 1732 1472 1918 esmistimo.
1526 1746 1564 1817 Si
1592 1748 1649 1818 cui
1666 1763 1782 1819 autem
1799 1744 1865 1821 hae
1880 1754 2105 1825 coniecturae

1111 1870 1185 1916 nou
1202 1849 1260 1939 pla
1351 1898 1361 1928 ,
1390 1873 1479 1941 quae
1494 1863 1612 1920 tamen
1628 1852 1912 1942 ingeniosissimo
1922 1869 1957 1929 et
1972 1857 2105 1926 doctis-

1111 1949 1201 2018 simo
1217 1945 1651 2022 viroPhiloniDresdensi
1662 1955 1860 2047 placebant,
1883 1974 2105 2049 nonpugna-

1111 2075 1190 2121 mus
1205 2055 1248 2121 de
1266 2048 1331 2122 hac
1346 2066 1464 2123 nostra
1482 2055 1669 2145 opinione,
1698 2071 1732 2128 et
1749 2060 1888 2137 ostendi
1906 2060 2011 2131 nobis
2030 2085 2106 2131 cer·

1111 2154 1237 2224 tiorem
1255 2154 1429 2244 originem
1451 2156 1615 2247 petimus.
1667 2154 1839 2251 Exempla
1860 2163 2034 2233 virtutum
2050 2178 2107 2233 ta-

1112 2280 1194 2325 men
1218 2280 1357 2327 sumere
1382 2255 1473 2327 hanc
1496 2273 1634 2348 gentem
1659 2285 1677 2329 a
1702 2264 1880 2334 veteribus
1908 2263 2044 2359 Mysis,
2072 2281 2105 2338 et

1112 2359 1277 2430 delectari
1301 2384 1377 2430 eam
1402 2361 1565 2433 societate
1590 2363 1748 2434 nominis
1764 2360 2104 2438 honestae'nationis

1112 2461 1240 2533 sinant.

1213 2563 1318 2634 Nunc
1351 2567 1395 2634 de
1429 2560 1494 2634 hac
1530 2581 1644 2639 vestra
1681 2567 1794 2657 patria
1822 2567 2013 2640 dicendum
2042 2583 2104 2640 cst.

1112 2665 1206 2737 Sunt
1221 2680 1338 2737 autem
1355 2673 1394 2736 in
1410 2669 1594 2758 regionum
1613 2680 1647 2738 et
1664 2666 1822 2759 gentium
1840 2671 2008 2743 laudibus
2025 2694 2104 2761 gra-

1112 2770 1189 2842 dus.
1240 2768 1322 2839 Non
1337 2773 1601 2872 contemnenda¹
1613 2783 1664 2841 est
1688 2771 1757 2842 loci
1775 2787 1903 2843 natura
1918 2797 1980 2844 seu
1997 2777 2105 2844 uber-

1112 2886 1175 2944 tas.
1227 2867 1293 2943 Est
1315 2874 1409 2942 enim
1434 2868 1501 2941 Dei
1527 2876 1683 2953 donum,
1717 2887 1750 2943 et
1766 2869 1834 2944 hoc
1851 2899 1960 2964 genus
1977 2871 2105 2946 huma-

1111 2997 1199 3042 uum
1216 2974 1400 3046 conditum
1416 2989 1487 3059 est,
1513 2990 1553 3046 ut
1568 2976 1689 3046 multis
1704 2977 1810 3047 rebus
1825 2979 2000 3067 indigeat,
2022 2980 2106 3074 quia

1112 3077 1189 3145 vult
1205 3072 1302 3146 Deus
1325 3079 1435 3149 multa
1460 3101 1532 3147 csse
1556 3079 1802 3167 providentiae
1823 3082 2046 3166 testimonia,
2072 3095 2113 3151 et·

1112 3179 1260 3247 diversis
1281 3181 1407 3248 officiis
1429 3194 1463 3250 et
1490 3181 1644 3264 artibus,
1676 3194 1843 3274 tanquam
1867 3184 2022 3254 vinculis
2039 3180 2106 3253 ho·

1111 3280 1250 3349 minum
1271 3281 1472 3351 societatem
1497 3283 1674 3353 astrictam
1700 3305 1782 3352 esse.
1840 3281 1981 3354 Deinde
1998 3310 2105 3355 orna-

1112 3395 1228 3451 menta
1245 3395 1327 3453 sunt
1347 3384 1502 3473 regionis
1517 3385 1643 3469 urbes,
1670 3396 1705 3453 et
1726 3385 1968 3456 aedificiorum
1991 3412 2047 3457 ars
2072 3401 2106 3458 et

1112 3484 1305 3575 elegantia,
1330 3511 1420 3579 quae
1443 3486 1549 3555 etiam
1570 3482 1756 3556 hominum
1775 3487 1936 3577 ingenia,
1964 3504 1997 3561 et
2014 3492 2106 3560 vitae

1112 3590 1406 3658 consuetudinem
1421 3589 1540 3682 aliqua
1556 3603 1711 3680 exparte
1727 3591 1931 3661 ostendunt.
1982 3591 2106 3664 Tertia

1112 3704 1146 3760 et
1161 3715 1241 3760 vera
1258 3690 1335 3760 laus
1355 3706 1407 3762 est
1424 3692 1480 3781 pia
1499 3688 1738 3761 Ecclesiarum
1764 3693 1989 3781 constitutio,
2015 3696 2106 3767 iusta

1111 3793 1224 3862 forma
1240 3793 1508 3882 gubernationis
1536 3808 1569 3865 et
1593 3795 1738 3887 politica
1765 3795 1963 3887 disciplina.
2007 3794 2106 3868 -Vult

1112 3897 1206 3964 enim
1224 3892 1321 3964 Deus
1331 3892 1543 3980 Ecclesiam,
1570 3897 1628 3966 cui
1646 3897 1684 3964 in
1699 3910 1771 3966 tota
1787 3900 1993 3971 aeternitate
2008 3924 2107 3970 com-

1112 3999 1306 4067 municabit
1334 4023 1433 4067 suam
1467 3998 1695 4089 sapientiam,
1729 3999 1867 4069 iusticia
1940 4016 1973 4072 et
2004 4003 2107 4072 laeti-

1113 4100 1222 4180 ciam,
1248 4094 1315 4169 hoc
1329 4101 1436 4171 modo
1453 4114 1487 4171 et
1511 4125 1583 4170 non
1603 4102 1706 4171 aliter
1720 4100 1867 4191 colliger
1915 4102 2107 4175 'Videlicet

1112 4225 1197 4272 voce
1214 4198 1421 4292 Evangelii,
1449 4228 1515 4296 qua
1531 4204 1609 4272 vult
1632 4197 1821 4271 hominum
1836 4219 1970 4275 mentes
1986 4207 2024 4275 iu
2040 4203 2106 4277 hac

1112 4305 1284 4373 imbecilli
1302 4319 1337 4375 et
1352 4306 1493 4374 mortali
1511 4305 1584 4374 vita
1601 4308 1643 4374 ad
1660 4304 1877 4395 agnitionem
1896 4305 2107 4379 Mediatoris

1112 4407 1224 4490 flecti,
1251 4421 1284 4478 et
1307 4401 1450 4477 haurire
1472 4407 1684 4479 initia'vitae
1701 4421 1873 4478 aeternae.
1927 4408 2000 4480 Nec
2023 4436 2106 4481 vero

1114 4511 1189 4577 sine
1203 4510 1316 4579 literis
1335 4523 1366 4578 et
1385 4510 1461 4579 sine
1479 4511 1681 4599 linguarum
1701 4522 1734 4579 et
1758 4511 1886 4581 artium
1904 4515 2107 4602 cognitione

1114 4613 1299 4704 propagari
1317 4613 1477 4682 doctrina
1498 4625 1624 4702 potest.
1676 4610 1769 4682 Sunt
1785 4613 1894 4702 igitur
1909 4609 1994 4686 haec
2009 4641 2107 4686 sum-

1112 4739 1168 4783 ma
1189 4738 1293 4805 opera
1309 4714 1346 4782 in
1362 4715 1618 4805 gubernatione
1628 4712 1833 4798 hominum,
1856 4740 1977 4785 vocem
1987 4715 2108 4788 Evan-
2132 4800 2134 4819 Ι

1114 4817 1194 4907 gelii
1207 4819 1447 4908 incorruptam
1464 4839 1673 4908 proponere,
1698 4830 1730 4886 et
1749 4839 1958 4888 conservare
1974 4821 2108 4891 doctri·

1113 4944 1180 4988 nae
1203 4920 1341 4998 studia,
1374 4922 1417 4989 ad
1444 4915 1511 4991 hoc
1535 4942 1712 4989 summum
1738 4919 1873 4989 bonum
1892 4922 1952 4990 alii
1969 4923 2108 4994 labores

1114 5022 1151 5089 in
1176 5022 1247 5091 vita
1279 5025 1497 5102 reserantur,
1529 5036 1563 5092 et
1593 5022 1665 5090 sint
1693 5020 1841 5112 imperia
1871 5024 2015 5115 politica
2041 5024 2108 5095 Dei

1114 5120 1268 5215 hospitia
1287 5141 1320 5194 et
1335 5125 1429 5193 muri
1447 5123 1700 5194 Ecclesiarum.
1753 5122 1830 5194 Hos
1844 5127 1972 5215 gradus
1992 5129 2108 5198 bono·

1114 5251 1193 5295 rum
1211 5227 1547 5297 inconsideratione
1565 5226 1751 5316 regionum
1770 5240 1804 5297 et
1826 5227 1984 5317 gentium
2002 5232 2107 5301 intel-

1114 5331 1264 5420 ligamus
1281 5344 1314 5400 et
1329 5344 1421 5400 recte
1443 5331 1697 5401 discernamus.
1752 5327 1811 5401 Sic
1829 5331 1925 5399 enim
1951 5334 2022 5403 vita
2043 5328 2107 5402 ho-

1114 5433 1252 5502 minum
1275 5432 1385 5503 aDco
1403 5433 1571 5517 ordinata
1598 5445 1669 5516 est,
1694 5446 1733 5501 ut
1759 5433 1970 5520 nutricatio,
2004 5460 2109 5506 occo-

1435 5536 1457 5603 3
1468 5527 1489 5567 b
