4680 6038
876 76 899 115 ὑ

67 208 176 289 ω’
264 172 323 291 f
505 244 521 257 ·-
762 194 1405 332 commemoramus.
1592 288 1597 305 ‚
2018 234 2092 312 ,42

67 377 328 458 Demosthenes
360 379 576 454 incumbens
609 379 647 449 in
685 379 837 466 librum,
885 391 1053 471 tanquam
1076 371 1084 521 y
1107 371 1304 466 plerunque
1328 374 1423 446 iuter
1445 382 1636 457 certamina
1666 392 1829 482 publica,
1869 398 1967 474 velot
1997 405 2092 479 inter

66 483 450 601 scriptumsyaeeliquid,
484 506 659 553 venenum
691 504 734 575 ex
764 483 900 553 calamo
925 475 1053 554 hausit.
1076 524 1080 621 Ι
1107 477 1305 545 contrarios
1335 478 1478 565 fluctus,
1522 489 1788 578 opprimuntur.
1853 497 1960 573 Tales
1994 511 2090 579 enim

64 587 138 662 Sia
146 587 320 659 enindus
335 600 387 657 m
401 580 671 669 Demosthene,
690 607 791 654 „nno
808 596 888 676 post
901 596 1052 653 mortem
1077 624 1080 639 ·
1105 591 1189 647 sunt
1201 577 1293 647 vices
1315 578 1353 646 in
1372 580 1670 673 dissensionibus,
1687 610 1734 666 ¹ut
1752 598 1839 668 alias
1859 603 1948 674 aliae
1964 606 2090 682 factio-

64 688 264 764 Ayffindri
284 689 457 780 proximo,
516 684 607 758 Nam
638 709 756 779 pugna
781 689 826 755 ad
851 683 1050 755 Cranonem
1103 700 1166 746 nes
1189 679 1351 762 vincant,
1378 696 1419 754 ut
1442 686 1591 776 dicitnr,
1623 691 1731 777 ξυνὸς
1752 694 1918 785 ἐνυάλιος
1936 704 2001 785 καὶ
2021 708 2089 785 τὸν

59 792 157 864 factu
175 804 227 863 est
241 811 360 859 mense
378 786 482 860 lulio.
524 782 687 859 Athenae
702 788 840 859 deditae
854 801 937 857 sunt
950 809 1051 856 men·
1103 776 1307 854 κτανέοντα
1320 780 1491 858 κατέκτα.
1542 790 1681 866 Deinde
1696 813 1730 869 et
1746 797 1814 873 hoc
1830 806 2087 896 deplorandum

61 892 291 983 seAugusto.
331 885 590 962 Demosthenes
607 891 664 959 die
682 891 818 961 decimo
834 884 1052 986 sextoOcto·
1102 894 1173 966 0⁸12
1199 888 1293 974 ‘1⁰⁰⁶
1322 887 1524 961 ‘liellenlla
1554 893 1695 985 ingenia
1721 902 1873 991 plurima
1896 907 2086 987 inutillbffi

63 994 142 1067 bris
156 983 318 1066 mortuus
335 1005 405 1073 est,
430 1016 510 1061 cum
528 1017 602 1066 nou
619 993 730 1064 multo
747 1005 829 1063 ante
843 993 982 1061 decreto
1000 991 1050 1061 ci·
1101 985 1389 1058 contentionibus
1404 1011 1742 1086 consumuntur,‘ut
1755 1006 1859 1077 multi
1875 1015 2085 1086 summiviri

52 1080 674 1169 'vitatisrevocatusessctexerilio.
717 1093 847 1164 Fuerat
864 1094 958 1165 enim
974 1117 1048 1162 non
1098 1087 1740 1195 {mruntvelutparricidecpatriae,
1767 1105 1991 1201 ulpelldffls
2017 1112 2085 1187 ΑΙ·

62 1196 180 1273 muyyo
203 1210 285 1267 ,me
308 1210 458 1266 mortem
477 1178 673 1267 Alex’andri
689 1199 940 1267 condemnatus
956 1220 975 1264 a
991 1218 1048 1264 se·
1099 1188 1271 1273 cibiades,
1302 1186 1576 1285 Demosthenes,
1606 1199 1799 1288 Demades,
1827 1212 1944 1282 etalii
1967 1220 2083 1288 multi.

60 1312 152 1371 natu
179 1297 444 1389 Areopagitico,
476 1299 573 1392 quod
599 1300 784 1391 pecuniam
814 1299 858 1369 ab
889 1297 1046 1388 Harpalo
1099 1286 1203 1383 Talia
1219 1293 1376 1383 exempla
1393 1294 1569 1370 intuentes
1589 1327 1874 1397 expavescamus,
1901 1329 1935 1384 et
1952 1321 2082 1391 arden-

60 1413 262 1493 ecceperat,
303 1401 367 1495 qui
398 1424 477 1470 cum
510 1400 633 1473 suisset
659 1414 776 1471 custos
801 1395 1046 1472 thesaurorum
1097 1389 1242 1461 tissimis
1270 1393 1363 1464 votis
1385 1392 1501 1469 Deum
1525 1426 1684 1493 oremus,
1717 1422 1758 1480 ut
1785 1410 1890 1486 saciat
1912 1440 1978 1488 nos
1999 1445 2080 1492 vasa

62 1498 279 1587 Alexandri,
312 1526 392 1573 curn
415 1501 552 1592 magnis
566 1503 670 1573 furtis
686 1503 725 1572 in
743 1501 927 1574 Graeciam
944 1502 1045 1592 suge·
1096 1493 1379 1578 misericordiae,
1404 1513 1438 1570 et
1461 1525 1591 1593 organa
1608 1510 1774 1582 salutaria
1790 1509 1987 1608 Ecclesiae,
2017 1546 2080 1615 pa-

59 1619 135 1684 rat,
162 1617 195 1674 et
215 1599 366 1674 Athenis
387 1598 582 1696 hospitium
613 1605 793 1695 petiverat.
846 1602 880 1673 ls
900 1605 1046 1674 dederat
1096 1594 1184 1665 triae
1199 1609 1233 1667 et
1251 1598 1366 1674 nobis.

58 1699 293 1777 Demostheni
325 1707 491 1797 poc'ulum
523 1718 557 1775 et
585 1707 712 1796 viginti
733 1709 883 1790 talenta,
920 1706 1045 1789 idest,

35 1806 247 1905 *duodecim
277 1808 390 1877 millia
422 1819 684 1879 coronatorum.
743 1809 814 1880 Sed
837 1833 916 1878 cum
947 1820 1043 1876 moto

57 1908 155 1981 bello
174 1908 348 1981 adversus
370 1906 598 2001 Antipatrum
624 1907 778 1986 Graecas
791 1911 949 1980 civitates
963 1932 1044 2000 pas-
1196 1900 1453 1976 postmortem
1480 1905 1665 1992 perdicae,
1693 1913 1851 2007 Crateri,
1883 1919 2078 2017 Antipatri,

59 2011 127 2080 sim
150 2006 352 2081 hortaretur
371 2013 415 2080 ad
437 2012 635 2083 societatem
654 2009 944 2096 Atheniensium,
976 2033 1045 2102 pu·
1094 2016 1179 2073 tunc
1197 2027 1280 2073 vero
1296 2028 1386 2076 nova
1404 2021 1439 2078 ct
1452 2023 1552 2080 atrox
1568 2011 1708 2084 laniena
1725 2036 1870 2113 sequuta
1885 2041 1946 2098 est.
1981 2022 2078 2100 Cas·

58 2111 154 2183 blico
178 2114 317 2185 decreto
339 2126 521 2183 revocatus
546 2127 607 2183 est.
665 2112 796 2185 lneidit
818 2113 919 2183 urbis
942 2111 1045 2181 dedi-
1093 2098 1231 2174 sunder
1245 2109 1430 2197 occupavit
1448 2109 1714 2201 Macedoniam,
1741 2134 1775 2190 et
1793 2125 1906 2195 tenuit
1921 2150 1996 2198 eam
2012 2155 2077 2201 an-

56 2213 109 2282 tio
130 2214 168 2281 in
190 2237 323 2287 annum
345 2216 380 2285 2.
405 2209 633 2310 Olympiadis
658 2216 865 2289 centesimae
889 2213 1044 2284 decimae
1094 2207 1150 2273 ¹¹58
1187 2209 1393 2278 octodecim.
1451 2208 1563 2283 Duxit
1599 2239 1742 2288 ux⁰r⁰ffl
1778 2217 2076 2315 Th⁰⁵⁸³l⁰ssft³¹¹¹¹s

57 2328 215 2406 quartae.
1092 2303 1252 2399 Philippi
1277 2309 1396 2383 filiam.
1452 2309 1613 2408 Cumque
1639 2313 1826 2412 Olympias
1856 2341 1967 2397 mater
1990 2329 2077 2403 Ale.

162 2414 310 2488 prodest
334 2414 720 2498 eth0000n51d0r310‚
748 2418 843 2510 quod
867 2439 1044 2488 memora.
1093 2410 1220 2478 xandri
1250 2426 1436 2484 conaretur
1460 2437 1606 2505 regnum
1632 2423 1749 2509 parvis
1775 2423 1857 2495 filiis
1881 2426 2077 2503 Alexandri

10 2534 12 2539 '
55 2516 130 2587 bile
164 2518 354 2604 iudicium,
384 2520 422 2588 in
454 2545 525 2614 quo
547 2514 742 2590 Aeschines
766 2520 942 2589 accusavit
967 2520 1044 2587 De.
1093 2512 1251 2593 tradere,
1278 2515 1403 2582 urbem
1428 2513 1608 2608 Pydnam,
1634 2521 1671 2588 in
1697 2539 1856 2616 quaerat
1877 2525 2077 2625 Olympias,
2175 2598 2178 2605 .

10 2622 13 2629 '
52 2614 297 2703 mosthenem,
323 2624 418 2715 quod
439 2646 561 2692 suasor
572 2622 697 2691 suisset
710 2622 795 2690 belli
816 2633 938 2691 contra
956 2615 1043 2690 Phi·
1092 2608 1288 2682 Cattassdt'r
1303 2614 1490 2685 ⁰b⁸5d30¹¹e
1504 2618 1631 2702 tinxit,
1656 2635 1727 2692 lam
1743 2626 1817 2705 diu,
1843 2631 1955 2703 donec
1971 2637 2077 2706 multi

55 2719 214 2811 lippum,
242 2722 392 2793 dilatum
413 2738 464 2794 est
482 2723 520 2792 in
537 2747 670 2795 annum
695 2723 869 2793 decimum
887 2717 1043 2791 Alexan·
1093 2707 1255 2781 homines
1277 2714 1369 2783 fame
1398 2734 1639 2802 morerentur,
1671 2737 1706 2794 et
1737 2727 1866 2799 milites
1888 2723 2075 2807 hominurn

10 2838 13 2845 “
56 2821 134 2906 dri,
164 2822 203 2891 in
225 2848 295 2915 quo
317 2824 451 2895 iudicio
474 2819 731 2895 Demosthenes
754 2825 854 2893 illam
878 2824 1043 2895 luculen-
1092 2816 1322 2904 cadaveribus
1364 2834 1599 2907 pascerentur.
1672 2820 1800 2899 Coacta
1840 2831 1950 2922 igitur
1983 2839 2077 2909 fame

55 2935 129 2993 tam
156 2926 373 3016 mytonem,
407 2950 497 3020 quae
520 2940 633 3011 excat,
668 2926 725 2996 cui
748 2926 875 2998 titulus
898 2939 950 2995 est
976 2949 1041 3016 pro
1092 2910 1281 3009 Olympias
1305 2918 1521 2989 deditionem
1546 2922 1646 3013 lecit,
1679 2942 1798 3015 postea
1823 2955 1900 3003 eam
1925 2933 2076 3009 Cassan·

53 3021 302 3119 Ctesiphonte,
330 3028 419 3100 dixit
434 3029 472 3097 in
490 3051 615 3118 magna
631 3028 829 3120 ireque'ntia
844 3024 1043 3112 hominum,
1092 3018 1155 3086 der
1177 3017 1292 3087 occidi
1315 3019 1434 3104 lussit,
1466 3045 1618 3116 tumque
1637 3026 1765 3097 milites
1797 3033 1904 3120 primi
1927 3041 1970 3108 ad
1997 3063 2075 3111 eam

54 3125 119 3219 qui
143 3124 187 3195 ert'
202 3141 274 3198 tota
298 3126 449 3199 Graecia
475 3125 634 3200 Athenas
655 3141 846 3213 venerant,
871 3141 911 3197 ut
935 3123 1043 3196 huius
1091 3117 1338 3188 trucidandam
1364 3120 1462 3190 missi
1485 3126 1680 3197 reverentia
1712 3130 1787 3200 eius
1809 3136 1969 3208 deterriti
1999 3165 2075 3213 non

54 3230 258 3298 certaminis
279 3233 459 3302 auditores
479 3244 605 3304 essent.
666 3226 715 3298 Et
738 3229 880 3299 videtur
904 3242 1042 3320 tempus
1090 3219 1255 3289 setlssent
1271 3222 1454 3306 mandata,
1479 3226 1576 3293 missi
1592 3244 1675 3299 sunt
1690 3231 1768 3317 alii,
1795 3237 1856 3326 qui
1872 3262 1948 3308 eam
1964 3244 2075 3312 truci-

52 3324 288 3402 Demostheni
312 3334 503 3424 proluisse,
535 3332 619 3426 quia
641 3328 844 3401 Alexander
866 3331 987 3423 procul
1004 3330 1043 3397 in
1092 3322 1278 3398 daverunt.
1340 3321 1478 3393 Deinde
1505 3327 1671 3419 coniuges
1702 3345 1736 3402 et
1767 3332 1856 3406 filias
1878 3338 2075 3413 Alexandri

52 3427 160 3501 ludia
181 3434 318 3514 aberat,
353 3449 387 3504 et
407 3436 511 3504 dolor
540 3436 609 3504 iam
635 3457 710 3503 non
741 3445 816 3502 erat
837 3454 975 3516 recens,
1008 3444 1043 3501 et
1092 3425 1404 3495 ven⁰1¹0⁸¹t⁸t1¹lll³
1432 3422 1623 3514 Βθϊὸηθῦ,
1650 3457 1739 3525 quat
1766 3439 2075 3527 peperitAlexan·

50 3532 331 3609 mnlffeeniores
349 3537 594 3607 recordatione
611 3531 753 3605 honesti
768 3535 927 3618 consilii,
954 3557 1042 3626 qua·
1092 3527 1213 3594 dr⁰ffl2
1240 3522 1479 3614 tlssssrsefltsss
1504 3555 1592 3623 ‘1¹¹³‘
1607 3536 1742 3624 Peperit
1755 3533 1954 3617 Herculem.
1994 3542 2075 3616 Etsi

50 3632 240 3730 liscunque
255 3639 370 3709 iuerat
385 3641 517 3723 exitus,
537 3638 777 3720 laetabantur,
804 3649 837 3706 et
851 3658 974 3706 rursus
990 3635 1042 3704 ci·
1090 3640 1209 3697 autem
1231 3626 1335 3696 initio
1360 3625 1556 3702 Cassander
1581 3635 1696 3704 socius
1718 3639 1786 3709 suit
1799 3640 1991 3733 Antigoni,
2017 3662 2075 3718 ta·

48 3737 144 3808 vitas
158 3763 269 3809 noves
283 3763 361 3830 spes
376 3753 594 3832 conceperat.
1091 3751 1172 3796 ¹⁰²⁰
1198 3752 1278 3797 ‘⁰¹¹¹
1300 3729 1338 3798 5¹¹
1364 3725 1448 3800 A⁵l³
1471 3730 1615 3827 Lyciam
1640 3752 1789 3828 peteret,
1815 3740 2017 3835 Antigonus
2042 3749 2076 3818 ei

156 3838 240 3910 post
256 3855 407 3911 mortem
425 3835 675 3913 Demosthenis
692 3865 765 3912 non
788 3841 851 3910 diu
865 3852 1041 3930 superstes
1091 3823 1202 3899 hostis
1226 3832 1338 3901 lactus
1359 3846 1430 3918 est,
1457 3848 1491 3905 et
1515 3851 1552 3906 ut
1576 3832 1719 3911 honesta
1748 3844 1862 3934 specie
1882 3849 2016 3918 bellum
2041 3850 2075 3920 ei

45 3938 340 4033 fnitAmfipayer,
367 3946 411 4012 ad
435 3967 541 4037 quem
562 3945 737 4035 profectu,
762 3944 940 4014 Demades
960 3965 1040 4009 ora.
1091 3931 1221 4002 inlerre
1250 3946 1382 4022 posset,
1425 3939 1599 4008 accusavit
1630 3964 1709 4008 eum
1743 3947 1838 4034 apud
1873 3952 2076 4034 exercitum,

47 4055 204 4115 smum
221 4046 312 4129 filio,
340 4047 391 4119 ibi
413 4071 431 4115 a
455 4044 673 4128 cassandro,
700 4045 762 4138 qui
783 4043 945 4114 successit
962 4040 1041 4111 An.
1090 4033 1186 4126 quod
1204 4032 1432 4105 interfecisset
1446 4032 1715 4130 Olympiadem,
1741 4046 1906 4137 coniuges
1930 4065 1963 4120 et
1983 4051 2074 4119 filias

47 4142 206 4235 tipatro‚
235 4147 431 4218 trucidatus
462 4161 532 4228 est,
566 4149 648 4241 quia
678 4141 916 4238 deprehensae
939 4156 1041 4213 erant
1090 4131 1297 4203 Alexandri·
1348 4131 1497 4228 Expulsi
1514 4153 1596 4210 sunt
1613 4141 1721 4230 igitur
1735 4141 1924 4218 Cassandri
1940 4151 2074 4222 exerci-

48 4240 343 4337 eiusEpistolae,
373 4265 586 4320 accersentes
601 4247 822 4339 Antigonum
843 4248 889 4317 ad
915 4246 1038 4316 delen·
1062 4265 1065 4289 ¹
1088 4249 1146 4305 111⁸
1168 4260 1215 4314 tx
1239 4233 1343 4319 Asia,
1379 4239 1509 4330 etipse
1539 4265 1612 4312 non
1635 4244 1748 4316 multo
1776 4264 1855 4339 post
1877 4247 2074 4323 Phthiriasi

46 4346 189 4417 sionem
209 4344 387 4433 Graeciae,
413 4352 601 4441 pendentis
618 4363 721 4434 tunc,
746 4365 786 4420 ut
803 4351 877 4442 ipse
891 4349 1038 4439 scripse·
1088 4351 1250 4407 mortuus
1271 4352 1334 4408 est·

45 4459 130 4531 rat,
154 4450 299 4520 aveteri
319 4464 352 4520 et
367 4453 463 4540 putri
484 4454 562 4538 lilo,
588 4452 754 4522 videlicet
774 4454 819 4521 ab
836 4446 1037 4541 Antipatro.
1191 4434 1392 4512 Haeserunt
1411 4455 1446 4512 et
1464 4442 1504 4512 ln
1525 4446 1727 4535 posteritate
1751 4449 1901 4524 maiores
1926 4480 2070 4546 poenae.

47 4544 108 4619 lte
131 4551 347 4639 proiectione
377 4567 501 4642 sponte
524 4566 683 4645 suscepta
715 4552 1038 4630 in-Macedoniam,
1088 4539 1203 4611 Filius
1218 4537 1405 4632 Antipater
1421 4545 1551 4616 occidit
1567 4560 1724 4623 matrem.
1765 4547 1968 4626 Alexander
1983 4558 2072 4627 alter
2167 4600 2174 4613 ·

47 4663 224 4745 tanquam
239 4651 311 4720 fato
327 4665 455 4724 tractus
472 4668 524 4724 est
536 4657 582 4724 ad
594 4654 757 4738 exitium,
782 4679 862 4723 cum
876 4654 1040 4747 aliquan·
1089 4644 1184 4745 lilius
1205 4644 1334 4714 occidit
1355 4645 1500 4716 fratrem
1523 4644 1773 4738 Antipatrum,
1798 4668 1832 4722 et
1849 4651 2071 4728 Demetrium

46 4764 91 4827 to
126 4765 210 4823 ante
242 4753 438 4845 scripsisset
471 4757 650 4828 decretum
684 4758 728 4825 de
761 4756 927 4846 pellendo
962 4754 1039 4824 De-
1089 4745 1202 4814 filium
1225 4741 1399 4834 Antigoni
1423 4746 1461 4814 in
1482 4745 1728 4820 Macedoniam
1751 4754 1944 4831 accersivit.
2001 4757 2072 4831 Hic

44 4849 248 4926 mosthene,
1089 4844 1291 4916 Demetrius
1325 4842 1420 4916 hunc
1454 4842 1694 4921 Alexandrum
1727 4854 1910 4927 interfecit.
1976 4856 2074 4946 llaec

113 4984 118 4993 ·
156 4953 289 5025 Addita
312 4970 364 5026 est
379 4971 496 5027 autem
516 4959 706 5029 crudelitas
727 4957 919 5049 supplicio,
943 4955 1039 5050 quod
1090 4947 1209 5018 omnia
1226 4962 1428 5037 congruunt
1443 4951 1487 5018 ad
1505 4953 1676 5041 regulam:
1705 4951 1780 5042 Qui
1801 4956 1958 5045 gladium
1974 4984 2073 5032 acce·

51 5055 150 5127 lilius
166 5055 333 5128 Demadis
348 5059 387 5127 in
401 5059 585 5149 complexu
600 5061 710 5150 patris
726 5061 823 5153 prius
838 5059 1042 5128 interfectus
1091 5048 1200 5140 perit,
1231 5049 1348 5138 gladio
1375 5051 1513 5140 Peribit·
1570 5051 1667 5122 Haec
1696 5055 1811 5126 tristia
1843 5061 2001 5151 exempla
2032 5063 2073 5131 in

51 5169 120 5229 est.
179 5154 303 5227 Postea
329 5174 473 5229 necatus
496 5173 549 5230 est
569 5175 679 5251 pater.
736 5160 807 5232 Hic
835 5161 903 5231 lesit
928 5158 1041 5229 exitus
1090 5148 1237 5221 historia
1253 5146 1442 5220 Cassandri
1457 5154 1774 5227 commonefaciant
1789 5181 1854 5228 nos
1868 5163 1913 5230 de
1928 5161 2074 5248 iraDei,

50 5278 277 5329 summorum
306 5272 506 5337 oratorum,
539 5286 644 5353 quern
668 5264 861 5351 cogitantes
885 5261 1041 5352 primum
1092 5266 1128 5323 et
1158 5246 1348 5323 hortentur
1380 5255 1422 5320 ad
1451 5253 1613 5324 timorem
1644 5268 1679 5325 et
1705 5256 1965 5333 invocationem
1994 5264 2073 5341 Dei.

53 5358 261 5429 communia
286 5359 442 5450 pericula
464 5371 646 5427 oratorum
671 5365 951 5441 consideremus,
980 5359 1042 5453 qni
1092 5349 1171 5425 Hoc
1195 5364 1333 5425 tantum
1354 5353 1458 5424 laude
1473 5353 1620 5442 dignum
1641 5357 1722 5428 fecit
1737 5354 1950 5444 Cassander,
1977 5364 2074 5458 quod

108 5462 286 5529 lirense.
310 5464 414 5532 Ocra.
431 5463 515 5531 Vos.
528 5462 610 5532 ΧΠ.
1482 5448 1533 5525 54

1400 1773 1466 1845 De
1492 1776 1772 1856 cassandro.
