4680 6038
147 186 224 265 aot
854 177 883 256 l.
919 182 1205 273 ctffloutoon
1233 212 1441 340 em&

150 362 328 453 gimanus,
344 357 441 451 quod
457 357 580 426 dextra
595 350 740 443 longior
751 350 861 423 inerit
875 376 981 445 quam
990 354 1144 431 sinistra.
1190 364 1355 453 timuisti
1370 418 1436 473 eu,

148 464 336 537 Laudatur
363 460 438 531 eius
455 458 620 543 bonitas,
653 479 761 550 quam
788 454 894 524 etiam
925 455 1082 525 ostendit
1105 457 1145 524 in
1193 474 1252 529 tur
1274 447 1512 570 pefpgpmf‘j*
1529 485 1591 558 aa„

150 562 398 639 munificentia
420 560 638 653 amplissima
661 581 744 649 erga
762 552 970 629 Ecclesiam.
1024 556 1144 645 Quare
1194 560 1269 649 ipsa
1290 572 1375 641 urbs
1393 554 1577 665 Aei;„‘⁴¹'*··
1684 643 1695 667 ¹

151 666 278 741 ludaei
291 666 455 749 tradunt,
478 687 558 733 eum
576 661 684 733 luisse
697 660 815 731 filium
835 657 936 731 Darii
952 670 986 730 et
1002 652 1145 729 Esther.
1195 673 1272 731 orta
1287 682 1380 737 sunt.
1513 648 1572 685 '⁸'
1725 650 1734 675 '

151 770 287 843 Fuerat
308 780 427 840 autem
453 766 645 858 impeditus
673 764 812 834 reditus
835 761 1050 833 ludaeorum
1077 761 1144 832 sub
1296 760 1395 836 Anni
1419 794 1440 840 a
1461 778 1540 869 lug,
1564 804 1615 869 x,

150 872 328 967 Cambyse
356 884 391 941 et
415 866 524 939 Dario
554 868 627 938 lilio
653 866 858 961 Hystaspis,
888 880 928 937 ut
958 876 1145 935 consenta-
1194 859 1486 952 Peloponnesiaci
1499 903 1580 957 sune
1594 842 1686 987 „aa
1699 878 1787 943 see.
1820 938 1840 956 ,Ι

150 998 264 1047 neum
286 988 340 1046 cst
359 986 507 1066 propter
529 968 744 1065 Aegyptiaca
768 969 873 1040 bella.
925 970 995 1039 Sed
1022 980 1144 1059 pacato
1194 966 1346 1037 maxime
1376 970 1499 1044 floruit
1526 980 1668 1065 Graecia
1690 954 1821 1081 ''¹2¹⁶‘''
1891 1046 1899 1057 .

152 1074 328 1163 Oriente,
358 1077 569 1148 Artaxerxes
598 1073 842 1162 Longimanus
859 1071 1043 1143 renovavit
1062 1068 1145 1140 'edi-
1194 1062 1419 1142 Athenarum
1445 1085 1618 1170 potentia,
1650 1046 1754 1183 qim:
1774 1070 1870 1187 ,¹3⁶⁴-
1897 1133 1910 1155 .

151 1196 251 1253 ctum
267 1178 374 1275 Cyri,
400 1192 435 1249 et
450 1177 554 1249 iussit
571 1177 690 1267 perlici
705 1176 987 1247 aedificationem
1005 1171 1145 1244 leroso-
1195 1171 1349 1241 tenuisse
1370 1175 1609 1269 principatum
1631 1188 1723 1261 inter
1745 1162 1902 1301 licelid:
1909 1198 1957 1237 '··.

152 1286 271 1379 lymae
289 1298 322 1353 et
339 1282 476 1374 templi.
527 1280 691 1351 Acanno
712 1294 808 1348 sexto
824 1278 923 1369 regni
939 1275 1144 1348 Artaxerxis
1194 1273 1437 1369 septuaginta,
1463 1302 1655 1354 numerans
1672 1292 1833 1375 videlieet
1849 1276 2011 1393 austrina„
2048 1344 2053 1357 Ι

151 1386 371 1476 Longimani
389 1384 512 1475 templi
527 1382 725 1451 aedificatio
740 1382 902 1453 absoluta
917 1395 980 1454 est.
1193 1376 1371 1459 victoriis,
1405 1402 1518 1475 usque
1542 1386 1585 1453 ad
1606 1386 1831 1482 Lysandrum
1846 1370 1985 1491 Latii-⁸
2000 1372 2103 1458 ⁸“'···..

256 1486 347 1559 Cum
380 1489 489 1577 igitur
519 1486 615 1577 apud
643 1482 848 1574 Haggaeum
878 1498 913 1554 et
934 1479 1143 1553 Zachariam
1193 1480 1258 1574 qui
1285 1482 1444 1553 obsessas
1474 1478 1635 1558 Athenas
1666 1491 1886 1567 deditionem
1910 1464 2142 1595 faem⁰¹⁸⁵ffl⁴⁶

152 1590 364 1661 nominatur
399 1588 549 1673 Darius,
596 1587 760 1680 plerique
794 1583 890 1659 hune
923 1585 1143 1657 Artaxerxen
1193 1579 1282 1655 Erat
1306 1598 1422 1656 autem
1441 1610 1630 1659 commune
1651 1592 1776 1667 foedus
1792 1594 2007 1681 Graecorum
2046 1568 2147 1635 ‘⁰⁸7⁹'

151 1693 418 1783 Longimanum
447 1690 670 1779 intelligunt,
712 1690 775 1784 qui
803 1705 839 1763 et
866 1714 961 1761 anno
991 1689 1142 1780 septimo
1193 1686 1274 1755 aliis
1287 1686 1380 1757 bella
1396 1688 1587 1777 inferrent,
1613 1696 1674 1765 sed
1692 1709 1731 1768 ut
1746 1706 2005 1778 controversiae
2017 1654 2173 1807 homil

152 1797 255 1886 regni
279 1798 335 1866 sui
358 1794 456 1865 misit
479 1791 632 1865 Esdram
654 1817 736 1864 cum
761 1815 889 1884 magna
910 1791 1144 1864 multitudine
1194 1789 1233 1857 ui
1268 1788 1401 1860 iudicio
1431 1791 1695 1870 dirimerentur.
1753 1799 1822 1870 Sed
1855 1802 2059 1883 inciderunt
2086 1821 2177 1901 inte,

154 1896 388 1981 ludaeorum,
419 1910 453 1968 et
479 1922 561 1967 cum
583 1896 812 1991 amplissimis
840 1897 945 1967 donis
969 1893 1143 1987 lerosoly-
1194 1890 1420 1979 Megarenses
1443 1906 1478 1965 et
1500 1889 1736 1970 Athenienses
1759 1901 1804 1969 de
1817 1900 1917 1973 Luco
1935 1906 2077 1981 incenso
2092 1941 2179 1989 con·

154 2024 271 2085 mam,
298 2003 341 2070 ad
360 2001 629 2069 instaurandam
645 2000 821 2090 politiam.
1194 1996 1391 2080 tentiones,
1426 2008 1571 2088 propter
1597 2024 1701 2091 quem
1726 1995 1844 2071 Attica
1875 2004 2000 2073 civitas
2025 2014 2179 2087 edietum

259 2100 464 2193 Cogitemus
478 2115 615 2182 autem,
642 2126 746 2196 quam
762 2098 919 2172 difficilis
933 2098 1143 2170 instauratio
1193 2099 1379 2188 proposuit
1394 2099 1432 2167 in
1447 2096 1691 2189 Megarenses,
1715 2116 1756 2172 ut
1770 2126 1790 2171 a
1807 2117 1913 2194 portu
1934 2106 2055 2178 Attico
2069 2116 2181 2187 absti-

154 2205 283 2289 luerit,
311 2230 391 2275 cum
417 2205 526 2274 vicini
553 2205 657 2275 bellis
679 2228 756 2273 eam
782 2205 956 2296 impedire
971 2225 1145 2272 conaren-
1194 2215 1338 2285 nerent,
1362 2224 1428 2271 nec
1446 2202 1566 2274 lic'eret
1588 2206 1638 2273 eis
1655 2203 1796 2294 ingredi
1810 2203 1851 2273 iu
1866 2216 1999 2276 terram
2011 2205 2180 2285 Atticam.

154 2318 237 2392 tur,
263 2308 416 2378 etmulti
437 2306 559 2377 ludaei
572 2307 704 2376 reversi
719 2330 760 2375 ex
776 2308 885 2396 longo
909 2305 1015 2376 exilio
1033 2308 1144 2395 legem
1194 2302 1248 2373 De
1264 2298 1331 2373 bac
1345 2303 1479 2374 iniuria
1497 2329 1577 2375 cum
1596 2304 1822 2397 Megarenses
1834 2310 1929 2399 apud
1942 2306 2184 2381 Lacedaemo-

2127 196 2207 294 800

1726 374 1858 449 ''inrern
1878 378 1913 451 ei
1933 380 2078 469 classem
2098 374 2198 477 Atti,-

1823 519 1826 525 ·
1852 480 2194 575 imperiaLatedaess

1928 584 1979 657 ae
2001 586 2189 683 aliquantu

1967 688 2071 759 Sannio
2100 700 2190 772 emi,

2087 804 2189 863 “tllm

1621 220 1625 225 .
1684 214 1735 283 'qe'
1759 220 1782 289 :¹2¹
1798 233 1812 289 ι
1827 223 1957 301 :15¹1AE

155 2420 193 2478 et
208 2432 324 2477 mores
340 2410 472 2501 patrios
486 2410 591 2481 obliti
605 2422 738 2491 essent,
765 2425 801 2481 et
821 2409 1013 2479 difficulter
1026 2403 1146 2477 Oeco-

153 2510 295 2578 nomias
319 2512 557 2583 instituerent.
609 2510 681 2583 Sed
696 2507 781 2581 haee
802 2512 1027 2582 incommoda
1042 2510 1145 2579 leniit

152 2606 264 2696 Deus,
286 2613 349 2705 qui
359 2610 565 2683 Artaxerxis
579 2614 740 2685 animum
756 2616 804 2685 ita
821 2616 965 2684 llexerat
978 2616 1022 2682 ad
1041 2626 1145 2685 tuen-

153 2714 220 2782 dos
251 2727 284 2783 et
309 2715 485 2785 iuvandos
511 2715 677 2802 ludaeos,
710 2729 750 2786 ut
779 2742 852 2787 non
883 2718 1045 2786 videatur
1074 2738 1145 2785 tru-

153 2837 260 2907 quam
279 2816 317 2884 in
333 2841 460 2907 genere
476 2814 634 2890 humano
652 2818 744 2887 alius
763 2816 956 2889 monarcha
979 2842 1059 2909 erga
1075 2814 1144 2886 Ec-

153 2918 296 2987 elesiam
310 2921 575 2992 munificentior
589 2922 708 2995 luisse.
761 2919 870 2993 Dedit
890 2922 995 2993 etiam
1014 2922 1144 3010 guber·

155 3032 298 3091 natores
309 3024 485 3114 sapientes
499 3040 534 3096 et
549 3025 710 3108 loelices,
735 3022 941 3114 llaggaeum
954 3037 988 3093 et
1006 3018 1146 3093 Zacha-

155 3120 266 3204 riam,
292 3121 465 3209 Esdram,
489 3120 699 3198 Neherniam
713 3140 749 3198 et
761 3127 869 3205 alios,
896 3127 1034 3218 fuitque
1053 3127 1146 3195 inter

151 3226 362 3319 praecipuos
387 3224 522 3298 Esdrae
550 3229 689 3299 labores
719 3224 1009 3320 propheticorum
1032 3228 1145 3297 libro-

153 3348 236 3397 rum
262 3330 443 3416 collectio,
479 3346 513 3403 et
531 3330 732 3403 studiorum
755 3331 937 3402 doctrinae
956 3330 1146 3416 institutio,

152 3430 238 3521 quia
267 3428 447 3503 Ecclesiae
477 3434 751 3505 fundamentum
786 3448 836 3505 est
862 3433 1027 3504 doctrina
1060 3458 1146 3526 pro-

152 3527 315 3623 phetica,
340 3535 515 3608 divinitus
533 3537 676 3607 tradita.

258 3634 368 3707 Anno
384 3638 551 3708 vicesimo
567 3635 791 3725 Artaxerxis,
816 3640 945 3709 missus
962 3652 1014 3710 est
1026 3631 1145 3709 Nehe-

153 3736 245 3805 miss
262 3763 304 3808 ex
316 3737 502 3835 Babylone
519 3740 790 3836 lerosolymam,
812 3743 876 3837 qui
894 3758 929 3814 et
946 3743 1145 3832 sumptibus

151 3853 187 3910 et
203 3836 420 3913 authoritate
434 3844 572 3915 adiuvit
591 3845 870 3915 aedificationem
888 3868 1087 3929 murorum,
1110 3858 1146 3916 et

150 3964 280 4013 usuras
296 3940 501 4037 prohibuit,
527 3946 658 4040 quibus
673 3948 796 4040 inopes
818 3972 837 4017 a
852 3947 1146 4038 locupletioribus

151 4039 469 4121 exhauriebantur.
522 4046 576 4120 lta
592 4049 668 4121 Deo
687 4050 832 4122 iuvante
857 4050 1029 4143 paulatim
1051 4063 1145 4121 certa

149 4148 256 4217 sedes
266 4146 442 4222 Ecclesiae
457 4153 493 4221 in
505 4149 635 4223 ludaea
650 4154 812 4224 restituta
822 4166 885 4239 est,
910 4167 942 4224 et
958 4154 998 4222 in
1015 4176 1145 4243 magno

149 4248 307 4342 imperio
332 4251 474 4325 Persico
497 4267 582 4325 nota
607 4257 696 4341 fuit,
722 4270 764 4326 ut
781 4256 886 4327 multi
904 4256 991 4326 inde
1011 4256 1144 4326 doctri·

150 4374 240 4421 nam
257 4368 374 4445 petere
394 4372 546 4447 possent.
597 4354 647 4429 Et
663 4357 850 4429 mediocris
873 4359 912 4427 in
935 4357 1065 4430 ludaea
1080 4382 1147 4451 pax

114 4527 126 4543 ,
149 4454 245 4536 luit,
268 4462 439 4551 usquead
454 4460 599 4554 tyranni
612 4456 710 4530 Ochi
724 4474 894 4554 tempora.

483 4634 571 4702 llea
596 4634 821 4705 Graecae.

260 4762 393 4837 Scribit
417 4761 666 4862 Thucydides,
691 4764 789 4839 hunc
804 4764 1024 4840 Artaxerxen
1048 4792 1147 4839 mor-

152 4882 258 4941 tuum
294 4890 368 4939 esse
401 4891 497 4939 anno
531 4870 681 4959 septimo
720 4871 806 4941 belli
841 4870 1148 4965 Peloponnesiaci,

152 4973 253 5065 quod
272 4967 459 5041 Graeciam
478 4972 683 5063 gravissime
696 4974 844 5047 addixit.
896 4972 987 5043 Nam
1011 4990 1047 5047 et
1062 4975 1147 5044 diu-

154 5086 306 5145 turnum
322 5072 408 5157 luit,
429 5074 572 5144 duravit
587 5075 684 5142 enim
701 5100 816 5145 annos
829 5090 961 5167 septem
978 5092 1012 5149 et
1029 5077 1146 5166 vigin-

155 5178 205 5261 ti,
230 5178 295 5249 etsi
313 5178 437 5247 breves
460 5176 623 5246 inducias
646 5176 903 5271 aliquantisper
931 5174 1079 5265 habuit,
1111 5194 1148 5251 et

154 5282 291 5353 multae
312 5277 471 5349 civitates
491 5278 619 5372 partim
637 5278 800 5350 funditus
823 5282 958 5350 deletae
975 5299 1078 5362 sunt,
1104 5296 1145 5353 nt

154 5386 296 5465 Platea,
322 5380 410 5453 urbs
421 5381 699 5477 Corcyreorum,
724 5384 810 5455 urbs
825 5380 1037 5471 Meliorum,
1062 5406 1147 5477 par.
1167 5398 1173 5473 y

1194 2406 1274 2476 nios
1289 2406 1404 2500 questi
1420 2420 1553 2493 essent,
1577 2422 1706 2499 petunt
1726 2407 2018 2498 Lacedaemonii,
2043 2424 2084 2485 ut
2105 2414 2184 2482 edi-

1195 2522 1289 2578 ctum
1322 2510 1415 2578 illud
1447 2512 1606 2581 tollatur.
1662 2509 1816 2584 Pericles
1852 2514 2001 2600 latetur,
2039 2536 2184 2586 cansam

1194 2612 1306 2703 ipsam
1332 2635 1405 2680 non
1430 2612 1552 2701 magni
1574 2614 1749 2685 momenti
1774 2636 1867 2697 esse,
1897 2616 1960 2688 sed
1982 2616 2185 2711 exemplum

1194 2737 1269 2783 non
1285 2713 1510 2784 tolerandum
1525 2737 1609 2786 esse.
1650 2714 1776 2787 Postea
1790 2714 2092 2793 Lacedaemonios
2104 2740 2190 2791 maa

1195 2818 1270 2887 iora
1294 2816 1528 2908 imperaturos
1553 2840 1648 2905 esse,
1673 2818 1705 2888 si
1728 2820 1935 2891 nunciare
1955 2824 2185 2915 parvaeede,

1194 2931 1283 2989 rent.
1335 2917 1412 2988 llac
1434 2920 1702 3010 exaggeratione
1725 2944 1801 2991 rem
1816 2921 1960 2996 deducit
1975 2925 2019 2995 ad
2037 2921 2186 3012 bellum,

1195 3036 1234 3093 ut
1252 3022 1469 3112 suspiciones
1486 3035 1521 3092 et
1543 3024 1671 3095 astutia
1693 3046 1734 3094 ac
1757 3024 1955 3096 virulentae
1970 3026 2185 3120 interpreta-

1194 3126 1309 3195 tiones
1321 3148 1423 3217 saepe
1438 3137 1521 3195 sunt
1535 3148 1658 3196 causae
1672 3150 1882 3215 magnorum
1900 3128 2087 3201 bellorum.
2102 3182 2109 3195 .
2129 3128 2190 3203 lta·

1194 3229 1240 3296 ab
1255 3227 1378 3316 exigua
1392 3248 1494 3297 causa
1516 3227 1651 3298 bellurn
1674 3229 1885 3299 diuturnum
1905 3244 1940 3300 ct
1955 3232 2097 3301 exitiale
2118 3230 2183 3303 toti

1196 3327 1368 3400 Graeciae
1383 3342 1503 3402 ortum
1519 3344 1582 3415 est,
1608 3330 1700 3402 sicut
1713 3330 1890 3401 Pindarus
1906 3333 2041 3426 inquit:
2067 3332 2183 3406 Parva

1194 3433 1347 3502 scintilla
1367 3456 1469 3525 saepe
1486 3456 1649 3523 magnam
1665 3434 1802 3528 sylvam
1817 3436 2009 3509 comburit.

1297 3534 1464 3606 Secundo
1490 3536 1577 3605 belli
1603 3558 1700 3607 anno
1721 3558 1825 3607 saeva
1847 3551 1883 3610 et
1906 3536 2081 3612 inusitata
2107 3538 2185 3610 lues

1195 3633 1348 3708 Athenis
1364 3653 1400 3709 et
1414 3638 1454 3707 in
1474 3638 1605 3709 vicinia
1619 3640 1770 3728 grassari
1785 3641 1919 3732 coepit,
1945 3664 2036 3735 quae
2058 3665 2186 3733 eorpo-

1194 3764 1234 3810 ra
1255 3741 1474 3811 inllammata
1498 3742 1549 3812 sic
1570 3742 1713 3827 urebat,
1744 3755 1785 3813 ut
1806 3744 1965 3815 membra
1988 3744 2184 3836 putrefacta

1194 3843 1288 3914 intra
1312 3868 1442 3936 paucos
1464 3843 1540 3914 dies
1561 3845 1785 3931 deciderent,
1814 3846 1853 3914 in
1876 3848 1958 3917 aliis
1980 3848 2112 3939 capita,
2145 3846 2183 3915 in

1195 3947 1275 4016 aliis
1293 3942 1458 4032 brachia,
1482 3946 1523 4019 in
1548 3948 1628 4016 aliis
1650 3949 1774 4037 pedes,
1800 3962 1835 4018 et
1855 3950 2068 4019 accedebant
2084 3949 2186 4018 luro-

1195 4073 1271 4135 res,
1297 4050 1337 4118 in
1360 4050 1492 4144 quibus
1512 4050 1574 4119 alii
1596 4072 1670 4119 sese
1692 4049 1900 4140 praecipites
1921 4050 1960 4119 in
1979 4064 2102 4142 puteos
2117 4052 2185 4121 ab·

1194 4152 1383 4237 iiciebant‚
1415 4154 1477 4221 alii
1502 4151 1583 4220 aliis
1605 4151 1720 4221 modis
1744 4173 1818 4222 sese
1833 4154 2047 4244 perdebant,
2071 4165 2105 4223 et
2121 4176 2185 4222 ex-

1196 4255 1425 4345 tinguebatur
1444 4255 1616 4325 memoria
1636 4254 1742 4324 etiam
1766 4254 1806 4323 in
1829 4250 1904 4340 his,
1930 4256 1993 4349 qui
2016 4255 2186 4325 convale-

1195 4358 1351 4432 scebant.
1401 4355 1520 4429 Huius
1536 4356 1759 4455 pestilentiae
1771 4356 1810 4427 lit
1826 4358 1963 4428 mentio
1979 4358 2075 4449 apud
2090 4355 2185 4447 llip-

1195 4473 1395 4554 pocratem,
1419 4461 1482 4554 qui
1505 4474 1592 4531 tunc
1615 4460 1720 4544 vixit,
1744 4471 1779 4530 et
1796 4459 1929 4531 dicitur
1949 4457 2018 4532 boe
2034 4459 2185 4530 consilio

1196 4586 1275 4634 eam
1298 4586 1319 4635 a
1339 4558 1524 4634 Thessalia
1545 4561 1740 4654 depulisse,
1764 4561 1920 4633 incensis
1942 4560 2070 4660 sylvis,
2101 4582 2186 4633 cum

1195 4668 1300 4737 llatus
1331 4681 1520 4738 ventorum
1550 4666 1595 4735 ab
1627 4661 1744 4735 Attica
1774 4664 1982 4736 adferebant
2011 4664 2187 4756 contagia.

1195 4766 1269 4841 Nec
1285 4782 1357 4840 tam
1372 4792 1474 4839 saeva
1491 4769 1567 4839 lues
1581 4768 1757 4861 descripta
1771 4767 1901 4857 legitur
1919 4768 1999 4837 aliis
2014 4766 2187 4859 tempori·

1195 4873 1282 4957 bus,
1315 4872 1384 4941 nisi
1406 4895 1502 4942 anno
1533 4884 1613 4962 post
1635 4871 1792 4941 natalem
1808 4866 1941 4941 Christi
1961 4868 2077 4952 10⁸9.
2111 4891 2185 4961 quo

1195 4997 1291 5043 anno
1308 4972 1514 5063 Sigebertns
1530 4986 1668 5057 narrat,
1691 4972 1798 5043 talem
1813 4972 2050 5065 pestilentiam
2066 4970 2186 5039 inLo-

1196 5072 1373 5166 thoringia
1390 5090 1580 5168 grassatam
1598 5098 1685 5145 esse.

1297 5176 1572 5250 Denuuciarunt
1585 5198 1729 5267 magnas
1743 5176 1958 5246 calamitates
1972 5175 2112 5267 eclipsis
2127 5198 2185 5247 so-

1196 5281 1241 5349 lis
1265 5282 1371 5351 initio
1392 5282 1479 5349 belli
1501 5282 1612 5361 sacta,
1638 5298 1730 5370 quae
1744 5277 1861 5347 medio
1880 5278 1939 5348 die
1954 5281 2117 5350 tenebras
2133 5278 2187 5349 le-

1196 5382 1263 5465 cit,
1289 5393 1331 5454 ut
1344 5382 1466 5455 stellae
1480 5380 1789 5473 conspicerentur,
1814 5395 1849 5452 et
1862 5394 2017 5468 cometa,
2043 5382 2106 5477 qui
2128 5404 2188 5452 ar-
