4680 6038
151 187 251 281 tuat
388 169 940 271 sustenementum
965 170 1092 247 HIST.
1118 164 1262 246 PROP.
1284 164 1352 242 ET
1378 161 1570 248 tultos,
1596 165 1929 245 senesanna:
2075 169 2170 245 tuat

151 360 324 437 Ticino!
335 322 465 442 diruit,
491 367 525 426 et
544 375 624 424 cum
639 349 792 424 Romam
814 369 1015 420 accessurus
1035 356 1137 430 esset,

152 464 252 537 missi
278 461 421 535 obviam
444 451 524 529 Leo
545 454 731 529 Romanus
752 449 968 547 Episcopus,
995 462 1029 521 et
1055 470 1137 541 pars

155 566 307 641 Senatus
321 564 521 656 petiverunt
535 582 668 651 pacem,
695 571 729 628 et
744 553 918 648 supplices
933 562 1137 640 oraverunt,

154 684 194 741 ut
210 679 367 762 parceret
390 663 472 735 urbi
495 660 650 745 Rornae,
674 682 763 754 quae
784 669 839 729 tot
860 655 1067 727 excellentes
1083 653 1138 723 vi·

154 794 214 842 ros
234 770 321 841 olim
345 766 543 859 genuisset,
576 786 728 858 quorum
754 760 868 832 virtus
888 759 927 827 in
951 770 1025 828 toto
1051 758 1137 826 orbe

155 873 250 944 clara
276 871 332 942 sit.
391 867 564 939 Flectitur
589 876 726 958 praeter
748 862 908 933 omnium
930 859 1137 952 opinionem

156 974 287 1058 Attila,
313 986 347 1043 et
369 969 559 1042 exercitum
582 967 620 1035 in
634 964 859 1037 Pannoniam
877 963 1025 1036 reducit.
1076 961 1138 1030 ln-

156 1087 352 1165 terrogatus
368 1093 527 1157 cansam,
552 1093 615 1140 cur
629 1068 746 1138 subito
762 1067 923 1138 oratione
939 1064 1137 1156 supplicum

156 1188 274 1246 motus
290 1187 398 1257 esset,
425 1173 516 1244 dixit
529 1196 566 1244 se
580 1171 711 1241 vidisse
726 1193 843 1239 senem
861 1181 1031 1239 astantem
1046 1165 1139 1236 Leo-

154 1277 195 1347 ni
210 1274 377 1348 Romano
390 1270 585 1368 Episcopo,
612 1273 725 1365 specie
740 1295 846 1364 supra
861 1265 1052 1342 humanam
1069 1280 1139 1338 ter-

155 1379 254 1450 ribili
282 1377 512 1448 minitantem
542 1378 575 1446 ei
610 1389 779 1461 mortem,
816 1372 886 1443 nisi
920 1371 1140 1464 supplicibus

155 1493 325 1574 parceret.
377 1477 430 1550 lta
446 1478 552 1551 etiam
570 1477 785 1549 terribilium
810 1488 1042 1570 tyrannorum
1069 1473 1137 1540 irn-

154 1595 276 1675 petum
292 1604 395 1674 saepe
409 1577 507 1659 Deus
521 1579 665 1669 trangit.
714 1576 825 1651 Redit
840 1578 923 1647 inde
940 1577 976 1645 in
994 1574 1138 1646 Panno-

155 1684 271 1769 niam,
293 1696 328 1753 et
351 1697 393 1755 ut
417 1695 544 1752 natura
560 1681 629 1753 fuit
646 1681 823 1774 inquieta,
848 1679 1034 1749 minitatur
1052 1677 1139 1747 vici-

155 1786 213 1856 nis
236 1785 413 1860 omnibus.
465 1783 535 1857 Sed
563 1783 633 1855 iam
655 1783 772 1853 satalis
793 1782 874 1852 finis
891 1781 1044 1851 instabat
1061 1793 1140 1849 tan·

155 1901 212 1958 tae
226 1885 408 1962 saeviciae.
457 1881 536 1956 Etsi
559 1885 687 1956 multas
707 1879 832 1956 habuit
846 1885 1012 1972 coniuges
1027 1878 1139 1952 Attila

156 2012 255 2059 more
271 1989 399 2079 gentis:
426 2002 543 2059 tamen
559 1987 783 2058 iuvenculam
807 1986 921 2072 ducit,
946 2009 1053 2079 quam
1071 2007 1138 2053 no·

156 2091 297 2162 minant
322 2088 485 2176 Hildico,
516 2089 625 2160 liliam
652 2089 746 2179 regis
775 2087 1066 2172 Bactrianorum,
1098 2086 1139 2154 in

154 2192 198 2262 iis
223 2193 358 2285 nuptiis
387 2216 467 2261 eum
493 2205 527 2262 et
555 2191 737 2261 laboribus
767 2191 1002 2261 certaminum
1031 2211 1139 2281 eque-

155 2295 299 2378 strium,
326 2307 359 2364 et
383 2294 467 2364 vino
490 2308 524 2365 et
541 2291 679 2363 Venere
698 2316 825 2384 corpus
847 2293 922 2363 eius
937 2292 1138 2361 inflamma·

156 2409 232 2466 tum
258 2409 365 2480 esset,
390 2409 493 2467 nocte
511 2394 683 2465 extinctus
710 2409 778 2476 est,
805 2394 976 2485 sanguine
995 2393 1137 2486 copioso

157 2497 195 2565 iu
219 2497 336 2568 lauces
358 2500 560 2569 exundante
585 2489 677 2568 etex
694 2521 755 2566 ore
774 2510 990 2589 erumpente.
1039 2493 1137 2563 Tan-

155 2613 231 2669 tum
263 2599 357 2666 enim
379 2593 439 2667 hic
460 2614 606 2669 eventus
625 2599 856 2682 describitur,
887 2610 921 2668 et
942 2590 1139 2689 epiphone-

155 2723 212 2767 ma
236 2699 393 2768 additnr:
428 2696 565 2768 lustum
593 2699 701 2768 fuisse
724 2721 790 2768 suo
815 2699 986 2788 sanguine
1008 2696 1138 2777 necari,

156 2800 216 2893 qui
236 2812 306 2869 tam
323 2800 475 2870 multum
500 2795 648 2870 humani
666 2799 848 2892 sanguinis
870 2796 1052 2886 hauserat,
1077 2801 1138 2867 sed

155 2914 215 2971 aut
237 2924 347 2971 venae
368 2914 491 2994 ruptae
514 2915 614 2987 sunt,
647 2917 708 2974 aut
736 2902 919 2995 apoplexia
943 2900 1139 2986 antecessit,

155 3026 235 3072 eum
253 3027 322 3097 qua
336 2999 422 3074 haee
439 3003 563 3074 effusio
579 3004 762 3094 'sanguinis
782 3005 886 3074 facile
901 3004 1058 3075 accidere
1073 3028 1138 3094 po·

154 3106 234 3178 tuit.
286 3102 357 3174 Nec
373 3119 509 3178 tantum
527 3106 637 3196 ipsius
654 3129 749 3177 mors
760 3106 957 3198 exemplum
974 3118 1026 3175 est
1041 3105 1136 3174 iudi-

154 3206 198 3274 cii
217 3204 342 3291 divini,
367 3208 549 3278 sedetiam
567 3208 722 3280 liliorum
734 3208 898 3279 interitus
913 3220 993 3301 post
1007 3208 1136 3299 ipsum,

154 3320 188 3378 et
204 3308 305 3398 regni
320 3308 516 3400 dissipatio.

255 3407 420 3481 Conferri
443 3404 656 3481 monarchae
677 3411 780 3480 aliter
802 3412 864 3481 alii
887 3425 1053 3504 possunt,
1075 3413 1135 3484 sed

154 3511 191 3579 in
213 3506 269 3581 his
296 3513 411 3584 tribus
441 3507 527 3584 haec
556 3512 685 3582 similia
719 3528 818 3585 sunt:
852 3512 893 3583 ln
920 3514 1136 3594 Alexandro,

152 3609 264 3683 Attila
280 3628 313 3684 et
332 3612 567 3697 Tamerlane,
592 3617 688 3707 quod
707 3640 747 3685 ex
763 3617 918 3707 paternis
939 3617 1057 3707 regnis
1072 3642 1137 3685 an·

154 3714 265 3805 gustis
285 3714 481 3807 progressi,
512 3737 658 3806 magnos
679 3721 850 3789 exercitus
872 3720 1070 3804 duxerunt,
1102 3731 1136 3788 et

114 3886 120 3893 ,
153 3836 280 3907 magna
292 3831 391 3908 parte
410 3817 507 3887 orbis
522 3829 695 3889 terrarum
714 3821 818 3908 potiti
835 3834 936 3900 sunt,
961 3845 1068 3916 qnam
1083 3834 1135 3891 ta·

152 3938 236 3988 men
257 3942 331 3989 non
351 3919 415 3990 diu
439 3932 649 3992 tenuerunt:
684 3933 717 3990 et
740 3945 821 3991 eum
853 3937 969 3994 essent
992 3923 1136 4009 mortui,

152 4021 379 4109 regnaveris
402 4021 591 4095 dilacerata
611 4035 712 4107 sunt,
737 4022 833 4095 iuxta
851 4025 1002 4097 dictum:
1037 4049 1135 4096 sum·

151 4121 289 4216 misque
320 4136 485 4215 negatum
516 4137 568 4196 est
592 4122 695 4195 Stare
731 4126 805 4195 diu.
859 4125 911 4196 Ac
944 4129 1136 4201 ostendunt

151 4215 238 4293 haec
254 4226 434 4315 exempla,
459 4249 534 4295 non
552 4225 637 4296 solis
661 4220 827 4297 humanis
850 4229 1008 4300 consiliis
1031 4243 1065 4300 et
1082 4230 1134 4300 vi-

152 4321 252 4391 ribus
264 4325 381 4414 parari
396 4340 430 4397 et
444 4327 557 4397 teneri
572 4327 737 4421 imperia:
764 4330 824 4399 sed
840 4354 958 4402 veram
974 4355 1046 4402 esse
1060 4329 1136 4403 Da·

152 4422 260 4493 nie'lis
277 4448 414 4515 vocem:
441 4423 538 4497 Deus
554 4431 718 4502 transfert
734 4443 768 4501 et
785 4432 920 4505 stabilit
935 4456 1052 4524 regna.

253 4522 308 4595 De
324 4527 428 4598 annis
447 4528 580 4600 Attilae
594 4533 815 4603 narrationes
836 4535 1025 4606 dissimiles
1039 4550 1136 4621 stant,

153 4627 213 4693 sed
230 4627 275 4696 ab
291 4627 532 4721 expeditione,
558 4629 597 4700 in
613 4635 733 4726 quain
750 4631 982 4707 Germaniam
996 4650 1031 4710 et
1046 4637 1135 4708 Gal-

153 4724 238 4795 liam
260 4729 381 4800 eduxit
402 4754 443 4801 ex
462 4730 650 4804 Pannonia
672 4737 863 4829 quingenta
886 4739 999 4810 millia
1016 4735 1133 4811 homi-

153 4848 241 4897 num
268 4850 380 4925 nsque
411 4835 457 4902 ad
487 4847 660 4917 mortem,
691 4836 836 4909 invenio
860 4863 974 4911 annos
995 4842 1135 4913 circiter

153 4926 352 5005 duodecim.
393 4931 546 5027 Prosper
561 4937 657 5010 enim
673 4939 796 5010 scribit
814 4937 914 5016 Coss.
928 4938 1132 5016 Theodosio

154 5040 189 5098 et
211 5024 347 5103 Albino
368 5033 517 5108 Attilam
546 5038 731 5110 interserto
758 5040 865 5113 fratre
887 5041 989 5116 Buda
1017 5045 1132 5117 solum

153 5149 262 5218 regno
300 5133 474 5226 potitum,
521 5139 715 5212 multarum
746 5143 906 5226 gentium
941 5147 1131 5219 exercitum

153 5228 306 5305 duxisse.
354 5233 424 5306 llic
450 5238 518 5310 suit
538 5264 653 5314 annus
671 5237 806 5316 Christi
828 5248 1132 5340 quadringentesi-

153 5351 231 5401 mus
255 5336 541 5429 qnadragesimus
562 5343 742 5437 septimus.
793 5345 919 5440 Pugna
940 5353 985 5421 ad
1016 5349 1129 5423 Tolo-

1187 365 1282 427 sam,
1307 338 1429 436 inqua
1445 341 1624 415 victusest
1641 343 1687 412 ab
1701 340 1816 424 atrio,
1841 343 1929 414 lacta
1946 352 2001 414 est
2017 344 2171 415 seeundo

1186 442 1361 516 Martiaui
1375 467 1482 518 anno.
1533 442 1603 515 Hic
1626 445 1695 516 luit
1714 468 1830 515 annus
1848 440 1984 517 Christi
2001 442 2175 540 qusidrin-

1187 547 1400 639 gentesimus
1415 546 1729 641 quinquagesimus
1750 547 1908 641 quintus.
1961 545 2175 638 Consumpti

1187 664 1271 722 sunt
1290 649 1399 739 igitur
1421 651 1507 719 anni
1521 649 1660 720 circiter
1681 673 1739 733 sex
1757 650 1795 719 in
1811 651 2008 721 vastatione
2024 649 2176 721 Germa·

1188 752 1268 822 niae
1290 767 1326 824 et
1347 748 1504 837 Galliae,
1530 775 1600 845 quo
1624 764 1783 843 ternpore
1804 752 1906 822 multi
1922 740 2041 826 sancti
2060 752 2129 822 viri
2144 766 2177 824 et

1187 868 1369 926 matronae
1391 853 1517 944 passim
1532 854 1707 925 interlecti
1724 867 1818 929 sunt.
1867 852 2001 948 Captae
2017 867 2057 925 et
2078 855 2176 925 diru-

1188 971 1242 1028 tae
1267 955 1474 1050 praecipuae
1493 957 1617 1041 urbes,
1642 953 1792 1028 Colonia
1815 953 2041 1050 Agrippina,
2076 955 2176 1027 Tun·

1188 1059 1279 1149 gria,
1305 1055 1601 1149 Argentoratum,
1626 1060 1712 1131 urbs
1735 1056 2003 1146 Rauracorum,
2031 1059 2175 1149 Lugdu·

1189 1186 1295 1242 num,
1329 1176 1363 1232 et
1392 1161 1482 1230 aliae
1512 1161 1661 1232 multae:
1693 1164 1752 1230 sed
1789 1163 1875 1232 urbs
1901 1160 2176 1232 Aurelianensis

1190 1264 1317 1356 pietate
1339 1260 1507 1354 Episcopi
1528 1258 1700 1333 Anniani
1719 1262 1932 1335 mirabiliter
1953 1267 2104 1335 defensa
2118 1278 2175 1334 est.

1188 1366 1278 1437 Nam
1302 1392 1381 1437 curn
1405 1361 1553 1436 Attilam
1575 1367 1703 1437 frustra
1726 1382 1885 1456 precatus
1902 1381 2016 1452 esset,
2041 1380 2084 1437 nt
2099 1367 2176 1437 urbi

1189 1482 1366 1561 parceret,
1398 1480 1518 1558 postea
1540 1466 1705 1538 veniente
1727 1468 1834 1538 Aiitio
1860 1492 1966 1540 saeva
1992 1482 2175 1561 tempestas

1189 1572 1282 1643 inter
1296 1571 1541 1664 praeliandum
1557 1594 1719 1660 magnam
1735 1570 2011 1641 multitudinem
2026 1568 2175 1642 Hunno·

1189 1698 1267 1743 rum
1306 1672 1481 1765 perdidit,
1530 1672 1580 1743 ita
1612 1672 1757 1768 reliquit
1789 1668 2024 1745 obsidionem
2057 1670 2174 1745 Attila.

1188 1773 1327 1846 Deinde
1351 1789 1430 1867 post
1460 1797 1614 1866 pugnarn
1643 1778 1687 1847 ad
1712 1773 1880 1846 Tolosam
1916 1777 2064 1847 circiter
2088 1799 2171 1866 qua-

1189 1878 1394 1948 driennium
1409 1876 1515 1960 vixit,
1541 1889 1704 1949 mortuus
1725 1892 1776 1948 est
1799 1878 1896 1948 enirn
1916 1876 2166 1949 viventeblsr-

1189 1980 1303 2066 tiano,
1333 1980 1391 2050 eui
1411 1979 1603 2050 dormienti
1626 2003 1666 2050 ea
1689 1995 1813 2066 nocte,
1843 2004 1916 2074 qua
1938 1995 2107 2051 mortuus
2127 1992 2174 2049 est

1189 2077 1323 2166 Attila,
1347 2081 1480 2173 specics
1505 2081 1544 2150 in
1565 2081 1704 2153 somnio
1723 2096 1862 2155 ostensa
1887 2094 1941 2154 est
1956 2082 2063 2153 fracti
2080 2102 2174 2152 arcus

1190 2181 1334 2258 Attilae.
1386 2182 1599 2279 Quanquam
1631 2185 1742 2274 igitur
1769 2207 1919 2275 regnum
1958 2186 2079 2256 tenuit
2104 2207 2174 2254 ans·

1188 2286 1401 2378 plissimum:
1438 2299 1556 2357 tamen
1579 2287 1790 2360 vastationes
1812 2300 1954 2358 tanturn
1980 2287 2085 2368 feeit,
2115 2309 2174 2355 nec

1189 2388 1372 2459 constituit
1392 2390 1542 2458 sormam
1565 2390 1683 2480 regni,
1704 2414 1769 2459 nec
1784 2387 1850 2469 uni
1867 2412 1910 2459 ex
1925 2389 2015 2460 liliis
2033 2412 2174 2460 monar-

1189 2485 1304 2560 chiam
1320 2490 1476 2575 tradidit,
1498 2515 1562 2562 nec
1578 2491 1778 2584 provincias
1792 2493 1842 2562 eis
1858 2491 2065 2566 distribuit.
2098 2489 2176 2561 Fuit

1189 2592 1298 2681 igitur
1325 2605 1519 2688 tyrannus,
1550 2607 1584 2664 et
1614 2616 1737 2665 cursus
1763 2592 1839 2663 eius
1860 2589 2035 2687 Europae
2066 2592 2175 2664 fatalis

1189 2718 1302 2786 poena
1323 2695 1407 2780 fuit,
1439 2708 1472 2765 et
1490 2698 1535 2765 de
1552 2696 1634 2765 liliis
1658 2696 1785 2767 accidit
1801 2698 1898 2790 quod
1915 2697 2094 2789 scripturn
2109 2709 2173 2766 est:

1188 2794 1317 2868 Semen
1339 2797 1530 2889 impiorum
1554 2797 1696 2890 peribit.
1747 2795 1889 2869 Rursus
1911 2797 2016 2869 enim
2030 2799 2070 2868 in
2082 2796 2172 2868 Pan·

1188 2900 1297 2968 nonia
1322 2896 1422 2969 Gotti
1454 2919 1602 2988 regnum
1631 2913 1895 2991 recuperarunt.
1958 2897 2051 2973 Cum
2078 2900 2167 2970 enim

1187 3001 1252 3069 filii
1272 2998 1406 3071 Attilae
1426 3002 1520 3071 inter
1540 3026 1577 3073 se
1601 3004 1645 3072 de
1670 3002 1889 3073 successione
1905 3003 2054 3074 circiter
2067 3003 2171 3075 trien·

1187 3103 1288 3174 nium
1309 3103 1541 3189 dissiderent,
1565 3128 1626 3174 res
1643 3102 1862 3196 (lepidorum
1879 3105 2083 3176 Ardariens
2102 3107 2171 3174 bel-

1187 3206 1262 3275 tum
1278 3205 1389 3276 movit
1403 3206 1570 3278 adversus
1585 3202 1757 3291 Hunnos,
1784 3222 1819 3278 et
1836 3208 2032 3280 trucidatis
2054 3208 2171 3298 trigin-

1187 3320 1221 3378 ta
1235 3307 1396 3378 millibus
1407 3305 1638 3394 Hunnorum,
1664 3323 1698 3380 et
1710 3309 1745 3377 hl
1751 3309 1784 3379 io
1792 3309 1930 3380 Attilae
1946 3307 2055 3382 Ellac
2068 3309 2169 3380 masi·

1186 3434 1245 3479 mo
1263 3423 1368 3494 natu,
1395 3411 1526 3502 potitus
1545 3423 1649 3483 estet
1672 3435 1781 3502 regno
1795 3409 2027 3486 Pannoniae.
2080 3409 2170 3484 Alter

1186 3526 1303 3582 autem
1320 3513 1429 3581 irater
1441 3507 1563 3584 Chaba
1579 3537 1659 3585 cnm
1678 3526 1775 3606 parte
1786 3510 2016 3587 Hunnorum
2031 3516 2072 3586 in
2085 3529 2168 3585 rete-

1187 3638 1260 3684 rem
1276 3615 1425 3707 patriam
1442 3614 1609 3689 discessit
1660 3613 1748 3686 Pars
1770 3616 1808 3686 in
1825 3613 2025 3689 Pannonia
2042 3615 2164 3695 mansit,

1187 3716 1252 3787 etsi
1274 3739 1420 3807 regnum
1445 3715 1762 3790 Gottitenuerunt
1792 3720 1898 3788 annis
1923 3721 2077 3792 circiter
2093 3740 2165 3790 cen·

1186 3833 1282 3904 tum,
1311 3820 1424 3890 donee
1445 3818 1572 3890 Hunni
1594 3832 1629 3892 et
1650 3817 1786 3890 Avares
1804 3817 2005 3894 Iustiniani
2027 3824 2168 3916 inpers-

1186 3921 1274 3993 toris
1294 3935 1469 4013 tempore,
1500 3936 1586 3994 tunc
1607 3923 1711 3994 effusi
1732 3934 1816 3994 sunt
1838 3923 1878 3996 in
1901 3946 1946 3995 ea
1961 3926 2066 4012 loca,
2089 3944 2168 4018 ques

1186 4047 1282 4094 nnnc
1306 4021 1452 4115 Bulgari
1478 4038 1513 4098 et
1540 4020 1712 4097 Walacbi
1735 4038 1875 4114 teuent,
1900 4039 1938 4099 et
1956 4027 2002 4100 in
2023 4026 2166 4100 vinnan

1184 4123 1423 4198 Pannoniam.

1289 4226 1418 4298 Variae
1431 4228 1645 4302 mutationes
1663 4231 1703 4301 in
1718 4231 1886 4303 omnibus
1900 4231 2030 4324 regnis
2040 4228 2169 4305 ascida·

1186 4342 1289 4411 runt,
1315 4346 1355 4404 ut
1376 4345 1460 4403 sunt
1482 4354 1537 4404 res
1557 4326 1734 4404 humanae
1756 4332 1955 4409 instabiles.
2009 4331 2059 4408 Et
2077 4327 2169 4404 nm

1185 4434 1346 4504 omnium
1368 4433 1525 4524 gentium
1556 4449 1695 4524 peccata
1718 4435 1983 4508 mutationibus
2005 4434 2170 4529 impssio-

1187 4559 1265 4606 rum
1282 4551 1317 4609 et
1331 4536 1586 4608 vastationibus
1601 4538 1716 4629 punit.
1765 4535 1837 4610 Sed
1851 4550 2008 4633 psopter
2019 4535 2169 4630 reginis

1185 4637 1400 4710 fertilitatem
1423 4651 1458 4708 et
1480 4639 1781 4732 opportunitatem
1804 4640 2002 4735 praecipue
2023 4640 2061 4712 in
2076 4636 2171 4711 Part·

1186 4739 1331 4811 uoniam
1365 4763 1466 4832 saepe
1499 4741 1636 4813 inlusae
1676 4755 1761 4833 suast
1790 4742 2006 4835 peregrinae
2040 4754 2170 4836 gntae

1185 4840 1264 4914 Hoc
1278 4843 1387 4934 igitur
1409 4842 1488 4914 loco
1510 4843 1598 4915 lacta
1617 4843 1749 4937 insigni
1763 4843 1964 4918 mutatione
1979 4859 2063 4941 post
2076 4843 2168 4917 Atti-

1183 4946 1255 5015 lam
1276 4945 1412 5040 aliquid
1430 4946 1475 5015 de
1491 4945 1669 5018 veteribus
1689 4945 1995 5040 appellationibus
2014 4948 2169 5020 insum

1184 5047 1294 5123 volui.
1344 5045 1576 5119 Notissimum
1593 5063 1645 5121 est
1660 5050 1872 5121 vocabulum
1887 5042 2053 5137 Cethim,
2074 5048 2169 5122 unde

1183 5172 1315 5220 nomen
1344 5163 1393 5220 est
1422 5145 1599 5243 μακίτης,
1637 5151 1676 5221 id
1705 5165 1774 5232 est,
1808 5148 1984 5239 Macedo,
2018 5166 2054 5225 et
2080 5150 2169 5224 libes

1181 5248 1475 5322 Maccahaeorum
1495 5251 1547 5323 ait
1568 5252 1809 5325 Alexandrum
1827 5274 2014 5344 egressum
2035 5276 2115 5326 asse
2130 5275 2166 5323 es

1182 5364 1274 5426 terra
1289 5347 1442 5430 Cethim.
1492 5349 1681 5453 Hodieque
1700 5354 1832 5429 fluuius
1849 5355 2031 5429 dirimens
2047 5353 2166 5429 Mace·
