4680 6038
152 223 230 304 sse
686 226 849 309 ¹nncr.
877 228 952 309 nn
991 204 1313 310 enneouro
1348 227 1643 310 rossano,

2103 241 2180 319 868

150 399 251 475 llaec
272 427 353 475 cum
374 428 465 498 pene
490 405 534 476 ad
551 404 699 475 verbum
716 404 1078 491 Pontannsdisisset‚
1103 419 1139 478 et
1189 427 1283 499 qnae
1296 401 1388 499 prob
1403 405 1531 490 dolor,
1557 421 1591 480 et
1607 423 1783 500 magnast
1799 411 1910 484 multa
1934 428 2035 501 sunt,
2061 430 2094 489 et
2111 443 2173 511 pe·

143 505 265 599 ,aliqui
285 508 475 579 frementes
497 508 613 577 maius
640 522 819 580 certamen
845 512 977 582 moturi
1010 522 1137 596 essent,
1188 521 1303 578 tamus
1323 523 1364 579 ut
1383 524 1529 603 propter
1549 511 1662 581 lilium
1685 515 1916 584 mediatorem
1932 533 2096 589 aeternus
2110 544 2173 611 pa·

149 605 389 698 Mogrrntinus
415 612 482 680 ait:
513 632 586 678 non
618 631 692 679 esse
721 612 853 680 mirum
885 613 996 684 atroci
1017 612 1136 682 fratris
1187 623 1243 680 ter
1264 612 1301 678 in
1329 612 1382 680 ira
1405 613 1667 683 misericordiae
1684 618 1907 697 recordetur,
1929 633 1962 689 et
1977 622 2172 692 moestissi-

149 712 305 781 orationi
320 736 526 804 responsum
542 733 616 781 esse
632 712 769 797 durius,
794 736 858 783 nec
875 716 1039 805 prodesse
1054 713 1136 783 lon·
1185 734 1264 780 mae
1281 709 1458 783 Ecclesiae
1473 738 1576 804 opem
1594 718 1701 802 ierat,
1726 741 1791 788 nec
1807 720 1900 791 sinat
1916 722 1992 790 lieri
2011 725 2168 794 infinitas

148 812 284 900 giorem
303 815 577 884 contentionem.
631 813 822 885 lnterfatur
836 839 918 906 ergo
932 814 1072 900 Caesar,
1100 827 1134 886 et
1186 812 1447 905 dissipationes.
1475 813 1557 886 Non
1576 811 1643 888 hoc
1663 831 1800 890 tantum
1818 845 1939 891 verum
1959 838 2027 893 est:
2054 823 2168 914 Quic-

147 915 221 984 dici
247 915 366 1001 iubet,
393 940 429 987 se
451 919 624 986 iacturum
649 937 742 1001 esse,
768 913 1132 1011 quod'Cbristisnum

141 1014 404 1191 {tmpztbmrem
422 1021 534 1090 lacere
548 1018 682 1090 iustum
698 1019 756 1104 sit,
780 1031 885 1114 atque
907 1022 956 1093 ita
971 1032 1131 1092 senatum

171 1143 236 1188 lffll
270 1146 280 1188 l
298 1171 309 1197 0

155 1284 172 1289 ··
250 1253 320 1326 Hic
337 1280 418 1328 cum
436 1258 558 1329 suisset
572 1257 683 1330 exitus
699 1258 774 1330 eius
791 1270 998 1343 conventus,
1010 1269 1129 1350 postea

142 1356 387 1451 Moguntinus
408 1373 442 1429 et
462 1358 644 1431 Palatinus
666 1360 871 1432 Ludovicus
900 1382 980 1429 cnm
999 1357 1129 1431 Carolo
1197 1424 1206 1441 ,

140 1458 364 1554 imperatore
382 1464 424 1531 de
442 1487 524 1553 pace
541 1459 755 1534 Germaniae
778 1463 1031 1557 colloquuntur
1044 1459 1128 1532 Mo·

144 1564 301 1655 guntiae.
363 1562 417 1634 Ibi
442 1589 521 1633 eum
546 1564 692 1657 quidam
725 1567 882 1659 asperius
912 1565 1128 1659 loqueretur,

142 1664 330 1739 Caesarem
360 1663 489 1735 habere
517 1667 584 1735 alia
607 1690 733 1757 regna,
774 1668 910 1738 etiamsi
934 1665 1126 1736 Germania

144 1781 280 1839 vastata
305 1782 406 1837 esset:
434 1768 635 1859 interpellat
660 1764 755 1840 hunc
770 1766 917 1850 Caesar,
944 1769 1125 1862 inquiens:

141 1868 242 1941 Haec
260 1894 331 1938 non
348 1869 432 1938 iussi
449 1884 482 1940 te
496 1872 623 1941 dicere.
670 1869 763 1941 Nolo
781 1872 874 1940 enim
891 1870 967 1939 fieri
983 1871 1127 1940 vastita-

141 1985 219 2043 tem
239 1971 280 2040 in
301 1969 514 2053 Germania,
554 1973 638 2065 quia
660 1986 695 2042 et
722 1974 835 2065 patria
859 1985 928 2058 est,
964 1984 997 2042 et
1018 1973 1064 2042 ab
1085 1994 1126 2042 ea

141 2096 322 2147 summum
337 2075 443 2144 decus
458 2076 587 2166 accepi.
623 2068 672 2143 Et
688 2071 885 2164 Imperator
898 2073 1004 2143 saluti
1028 2073 1127 2143 orbis

143 2189 340 2259 terrarum,
371 2190 543 2268 quantum
574 2187 706 2266 potest,
737 2172 814 2245 Deo
845 2175 1005 2259 iuvante,
1040 2199 1127 2245 con-

141 2277 259 2349 tulere
276 2278 392 2345 debet.
445 2277 497 2347 lta
521 2299 642 2368 pacem
666 2276 770 2346 certis
792 2277 1058 2346 conditionibus
1073 2277 1127 2344 fe·

141 2378 201 2465 bit,
215 2402 309 2473 quae
326 2379 467 2448 duravit
485 2380 529 2449 ab
544 2401 640 2448 anno
656 2378 833 2448 tricesimo
851 2380 1020 2472 usquead
1036 2401 1124 2470 qua-

142 2480 381 2570 dragesimum
399 2496 546 2555 sextum.
598 2477 680 2549 Non
696 2479 841 2549 confero
855 2493 1036 2550 oratorum
1051 2479 1125 2548 elo-

142 2582 337 2677 quentiam,
364 2584 527 2651 materias
541 2581 695 2655 confero.
747 2578 967 2672 Consumpta
982 2594 1034 2651 est
1048 2581 1125 2650 elo-

140 2684 286 2779 quentia
302 2681 469 2769 Periclis,
494 2676 763 2763 Demosthenis,
788 2679 989 2766 Ciceronis,
1012 2683 1051 2751 in
1067 2683 1126 2751 in-

141 2786 295 2859 citandis
316 2784 454 2854 civibus
478 2788 522 2855 ad
545 2787 649 2859 bella.
711 2782 857 2872 Quanto
883 2785 996 2854 maius
1018 2785 1125 2854 decus

141 2902 207 2975 est,
221 2886 460 2981 eloquentiam
477 2889 636 2959 conferre
652 2887 697 2957 ad
713 2887 961 2957 illustrandam
975 2885 1123 2977 gloriam

140 2989 206 3063 stit
220 2985 307 3073 Dei,
333 2991 377 3059 ad
393 2983 571 3061 Ecclesiae
595 3002 629 3061 et
651 2989 786 3081 patriae
811 3012 948 3081 pacem:
975 2990 1015 3059 in
1044 2989 1124 3082 qui-

139 3090 209 3167 bus
229 3092 336 3163 rebus
355 3094 541 3186 praecipue
564 3089 672 3165 totius
695 3087 851 3162 Pontani
878 3114 1002 3162 cursus
1032 3113 1120 3160 con-

139 3188 303 3289 stlmptus
326 3207 389 3270 est.

243 3328 341 3403 Ante
362 3328 580 3401 tricesimum
610 3353 746 3401 annum
774 3323 1020 3399 commenticio
1049 3325 1124 3393 foe·

141 3436 226 3509 dere
242 3431 428 3526 Principes
453 3432 565 3516 moti,
595 3455 693 3503 arma
721 3442 900 3522 ceperunt.
951 3422 1040 3497 Erat
1062 3449 1126 3518 pa-

140 3538 245 3613 nicus
268 3551 383 3608 terror
406 3534 591 3604 universae
609 3531 824 3604 Germaniae
848 3532 1024 3603 incussus:
1063 3529 1125 3598 sed

139 3664 179 3713 se
200 3639 371 3733 inquisita
395 3635 550 3707 Pontani
573 3636 757 3727 diligentia
787 3631 959 3705 exercitus
988 3629 1126 3700 dimissi

139 3756 245 3827 sunt,
276 3756 312 3813 et
341 3739 515 3811 tumultus
544 3739 648 3809 initia
680 3739 799 3809 sedata
827 3748 922 3805 sunt.
978 3730 1124 3802 Possem

142 3846 253 3938 plura
280 3843 440 3932 exempla
463 3841 673 3911 salutarium
702 3838 933 3910 consiliorum
965 3834 1124 3905 recitare.

143 3942 388 4039 Agnoscamus
409 3955 527 4014 autem
548 3943 587 4011 in
607 3943 714 4013 rebus
736 3939 846 4011 tantis
877 3937 1039 4008 foelicem
1069 3956 1126 4005 sa-

139 4046 315 4149 pientiam
331 4044 401 4118 Dei
415 4045 625 4116 beneficium
639 4065 732 4128 esse,
755 4055 790 4114 et
803 4041 878 4114 Deo
902 4038 1029 4130 gratias
1043 4057 1127 4126 aga-

1183 915 1271 1006 quid
1289 917 1442 988 delirant
1455 939 1552 1006 reges
1569 920 1775 1006 plectuntur
1786 919 1927 993 Achivi.
1979 924 2050 995 Sed
2066 949 2168 1018 saepe

1183 1018 1288 1087 etiam
1305 1035 1449 1111 propter
1465 1019 1589 1112 populi
1604 1023 1690 1093 vitia
1708 1023 1828 1093 minus
1842 1025 1984 1096 foelices
2000 1043 2083 1099 scrut
2101 1031 2167 1100 bo·

1182 1119 1220 1186 ni
1237 1122 1499 1210 gubernatores.
1532 1117 1611 1191 Oro
1626 1138 1742 1195 autem
1759 1125 1872 1196 filiurn
1887 1123 1955 1197 Dei
1970 1128 2165 1200 Dominum

1180 1235 1341 1293 nostrum
1367 1221 1484 1295 lesum
1508 1219 1709 1312 Christum,
1742 1240 1784 1298 nt
1805 1253 1869 1299 nos
1893 1244 2039 1321 propter
2063 1255 2165 1305 suam

1180 1323 1329 1412 gloriam
1350 1327 1523 1416 gubernet
1548 1341 1580 1396 et
1598 1338 1771 1419 protegat.
1822 1327 1946 1402 Redeo
1970 1336 2013 1402 ad
2039 1357 2164 1405 narra-

1180 1437 1326 1499 tronem.

1279 1560 1386 1631 Pacis
1409 1575 1568 1656 tempore
1601 1566 1788 1657 praecipua
1819 1592 1902 1639 cura
1927 1572 2015 1642 lovit
2036 1569 2160 1644 Eccle-

1178 1662 1265 1732 sias:
1299 1662 1545 1755 inspectionis,
1569 1666 1608 1734 in
1634 1690 1702 1760 qua
1728 1669 1862 1740 reditus
1886 1672 2081 1752 liberaliter
2104 1692 2158 1748 at-

1179 1765 1304 1835 tributi
1332 1777 1416 1835 sunt
1443 1768 1566 1837 multis
1596 1763 1782 1857 Ecclesiis,
1816 1772 1891 1863 ipse
1921 1797 2043 1846 suasor
2070 1779 2158 1863 fuit,

1178 1890 1329 1961 cumque
1344 1890 1418 1936 eam
1434 1866 1644 1940 labefactare
1657 1869 1872 1943 antinomica
1889 1877 1995 1946 lartio
2010 1902 2157 1949 conare-

1178 1981 1255 2054 tur,
1282 1969 1445 2061 pcrlecit,
1471 1983 1511 2041 ut
1533 1971 1705 2041 iudicium
1727 1977 1927 2048 convocatis
1952 1980 2020 2069 piis
2043 1976 2158 2052 et'do-

1178 2070 1240 2139 ctis
1255 2070 1341 2140 viris
1356 2070 1638 2158 constitueretur,
1653 2074 1776 2169 inquo
1793 2077 2006 2169 inspectores
2022 2083 2157 2152 defensi

1178 2184 1271 2241 sunt.
1321 2168 1440 2242 Exeo
1465 2175 1656 2244 certamine
1684 2189 1786 2246 natae
1802 2193 1885 2250 sunt
1899 2182 2157 2253 eruditissimae

1177 2273 1434 2364 propositiones
1458 2271 1607 2348 Lutberi
1629 2291 1750 2348 contra
1767 2274 1994 2351 Antinomos.
2044 2281 2157 2354 Cum-

1177 2397 1245 2464 que
1280 2376 1478 2446 doctrinam
1509 2376 1687 2449 Ecclesiae
1721 2394 1812 2450 recte
1848 2382 2079 2472 intelligeret,
2120 2401 2155 2458 et

1175 2474 1290 2546 Deum
1310 2492 1403 2547 recte
1431 2477 1629 2564 invocaret,
1661 2503 1726 2551 nec
1755 2483 1869 2572 spargi
1899 2508 2052 2571 errores,
2092 2510 2157 2556 nec

1176 2577 1321 2647 dissidia
1360 2581 1506 2649 accendi
1549 2580 1696 2653 sinebat.
1774 2579 2000 2678 Maximeque
2033 2588 2156 2658 oderat

1177 2674 1399 2771 Thrasones,
1425 2681 1488 2775 qui
1506 2696 1546 2754 ut
1560 2683 1749 2752 videantur
1763 2682 1850 2754 alios
1866 2687 2061 2759 subtilitate
2076 2688 2157 2758 vin-

1177 2804 1274 2866 cere,
1299 2781 1430 2854 ludunt
1446 2785 1635 2854 verborum
1652 2784 1805 2868 deliciis,
1832 2809 1871 2856 ac
1894 2784 2155 2888 τερατολογίας

1176 2897 1371 2976 quaerunt,
1396 2878 1459 2955 acui
1483 2878 1665 2977 θαύματα
1686 2880 1879 2980 ῥημάτων,
1907 2915 1997 2983 quae
2020 2905 2156 2962 mentes

1177 2984 1214 3052 in
1237 2986 1475 3056 dubitationes
1499 3003 1534 3059 et
1557 3011 1693 3058 errores
1717 2989 1916 3073 adducunt,
1947 3015 1987 3061 ac
2008 3016 2154 3063 narrare

1176 3108 1312 3177 possem
1335 3089 1375 3157 in
1398 3089 1527 3182 quibus
1546 3090 1704 3161 materiis
1729 3093 1773 3160 de
1797 3085 1986 3183 sophistica
2011 3117 2154 3184 gemens
2269 3140 2273 3147 ·

1176 3202 1319 3279 questus
1344 3189 1401 3260 sit.

1277 3302 1431 3392 Magnae
1454 3304 1601 3376 virtutes
1621 3309 1659 3376 in
1679 3331 1721 3376 eo
1737 3322 1771 3380 ct
1787 3303 1853 3379 bae
1869 3311 2033 3391 luerunt,
2059 3317 2157 3408 quod

1177 3407 1371 3497 expugnari
1402 3431 1438 3476 se
1461 3408 1608 3499 pecunia
1633 3433 1817 3503 nunquam
1842 3434 1963 3499 passus
1985 3427 2055 3495 est,
2091 3440 2156 3486 nec

1175 3509 1360 3580 ambitiose
1385 3533 1542 3602 unquam
1568 3509 1607 3580 in
1628 3511 1707 3580 aliis
1728 3511 1818 3580 aulis
1841 3513 1978 3583 favores
2000 3539 2156 3609 aucupa·

1176 3623 1233 3682 tus
1259 3623 1327 3689 est,
1361 3635 1400 3680 ac
1422 3634 1524 3702 saepe
1546 3612 1748 3681 audivimus
1772 3613 1976 3685 recitantem
2003 3630 2156 3687 veterem

1175 3735 1332 3782 versum:
1373 3709 1486 3782 Nemo
1526 3726 1641 3805 potest
1675 3713 1829 3784 dominis
1861 3716 1993 3808 pariter
2024 3720 2156 3791 servire

1175 3815 1326 3887 duobus.

1279 3927 1376 4002 Odia
1399 3945 1433 4003 et
1456 3933 1728 4005 obtrectationes
1753 3934 1929 4025 sapienter
1946 3951 1980 4009 et
1996 3936 2156 4009 Fabiano

1177 4059 1275 4106 more
1294 4035 1395 4119 tulit,
1421 4060 1622 4128 quanquam
1641 4059 1714 4104 non
1731 4049 1806 4104 erat
1821 4036 1956 4118 lentus,
1982 4052 2016 4109 et
2030 4056 2161 4132 quere·'

138 4173 233 4227 mos.
289 4148 425 4219 Tamen
442 4160 475 4219 et
491 4146 633 4237 organis
648 4141 717 4216 Dei
731 4167 817 4216 suus
832 4137 949 4213 bonos
964 4139 1127 4224 debetur,
1177 4135 1633 4227 baturiralanguelierisui
1651 4136 1809 4227 corporis
1830 4138 1933 4209 vires.
1985 4138 2054 4211 Sed
2074 4137 2160 4209 Ma-

141 4250 179 4329 et
191 4277 259 4325 suo
278 4251 356 4321 loco
376 4250 509 4320 dictum
524 4244 712 4341 Euripidis
728 4245 907 4336 congruit:
931 4240 1127 4333 Praecipua
1177 4240 1325 4330 gistrum
1348 4262 1384 4308 se
1408 4238 1644 4308 moderandae
1675 4237 1767 4321 irae,
1804 4238 1959 4330 primum
1991 4234 2157 4310 babuisse

140 4338 251 4429 laude
266 4352 380 4422 civem
395 4352 544 4440 dignum
559 4374 645 4435 esse,
660 4372 736 4419 non
751 4349 814 4442 qui
831 4347 867 4415 in
883 4343 1033 4416 ludicris
1047 4366 1127 4437 spe·
1180 4341 1314 4414 Ducem
1338 4338 1513 4411 saxoniae
1536 4337 1758 4409 Fridericum
1782 4342 1960 4415 narrabat.
2010 4338 2159 4414 Dicebat

141 4458 294 4539 ctaculis
309 4452 509 4527 antecellit:
533 4446 627 4524 ἀλλὰ
643 4444 767 4544 μάχας
780 4439 938 4523 κωλύων
953 4437 1065 4545 λόγῳ.
1180 4443 1263 4514 item
1281 4442 1377 4511 nolle
1393 4465 1429 4510 se
1445 4439 1701 4531 precationem,
1728 4453 1762 4511 et
1776 4441 1863 4511 alias
1877 4466 1933 4513 res
1949 4445 2159 4514 necessarias
2271 4441 2275 4447 “

248 4590 343 4663 ΝοΙο
358 4602 475 4663 autem
491 4588 641 4661 vulnera
656 4598 779 4657 nostra
801 4593 1019 4653 contrectare
1033 4602 1130 4651 com·
1795 4645 1804 4661 ·
1841 4643 1850 4661 ⁸
1929 4647 1937 4663 .
1979 4646 1988 4662 ·

143 4693 406 4768 „emmone
426 4690 533 4775 bem,
556 4689 653 4785 quod
675 4710 772 4758 anno
796 4681 861 4754 46.
885 4694 1044 4753 ,mmm
1067 4691 1131 4754 „po
1180 4672 1220 4716 ac
1244 4669 1345 4736 saepe
1369 4644 1548 4735 repetebat
1572 4667 1692 4713 vocem
1716 4639 1869 4715 Chresti:
1891 4640 2025 4717 Drscrte
2048 4672 2068 4716 a
2090 4671 2160 4728 me,

142 4796 307 4870 Tantum
327 4790 396 4865 boc
417 4793 554 4876 dicam,
587 4792 684 4885 qnod
704 4790 777 4860 scio
802 4784 938 4858 eumin
956 4783 1132 4853 delibera-
1180 4748 1264 4844 ‘lui‘
1281 4747 1376 4817 ΨΜ*
1393 4769 1490 4830 ⁸⁰m’
1515 4758 1549 4816 οἱ
1568 4739 1715 4827 Μὴ
1730 4746 1848 4815 ‘⁰⁸¹⁰'

142 4898 321 4971 tione'ills
336 4894 484 4966 dixisse:
508 4891 684 4965 Comitem
698 4891 914 4961 selortunae
923 4883 1131 4977 Principum
1282 4875 1485 4949 Domestica
1499 4877 1570 4946 vita
1584 4890 1675 4947 casta
1690 4889 1724 4947 et
1739 4875 1857 4945 sobria
1872 4876 1950 4947 luit.
2001 4875 2162 4972 Cumque

142 5004 243 5086 lore,
267 5000 526 5094 qualiscunque
540 5008 686 5066 eventus
701 5004 800 5063 esset.
841 4987 935 5059 Belli
951 5007 1133 5058 suasorem
1183 4993 1284 5075 pater
1305 4980 1339 5049 ei
1362 4979 1516 5069 amplam
1541 4974 1796 5048 haereditatem
1817 4977 2019 5070 reliquerit,
2054 4983 2162 5070 magis

146 5126 225 5175 non
248 5103 337 5175 lore.
387 5096 441 5170 Ac
461 5099 491 5168 si
512 5097 593 5190 quis
615 5096 725 5167 multa
750 5093 909 5184 disputat
930 5088 976 5159 de
991 5110 1134 5180 praece·
1183 5106 1260 5154 eam
1272 5080 1475 5171 frugalitate
1491 5077 1606 5164 auxit,
1630 5102 1737 5172 quam
1750 5077 1955 5170 stipendiis,
1981 5080 2065 5151 inde
2091 5085 2163 5152 scio

146 5204 322 5279 dentibus
342 5201 607 5281 occasionibus,
634 5198 664 5267 is
687 5196 816 5283 cogitet
838 5214 904 5261 nos
921 5191 992 5260 iam
1009 5192 1052 5257 de
1069 5182 1135 5257 bo·
1183 5207 1286 5274 saepe
1302 5205 1381 5253 eum
1393 5180 1564 5251 mediocri
1574 5181 1723 5272 pecunia
1736 5180 1813 5251 sine
1826 5183 2062 5254 ostentatione
2077 5208 2166 5274 pau·

145 5307 314 5379 minibus
328 5302 505 5396 loqutjn
522 5299 654 5392 quibos
668 5296 853 5385 multiplex
869 5306 920 5363 est
936 5289 1135 5361 infirmitas.
1185 5285 1330 5379 peribus
1343 5305 1446 5374 opem
1461 5280 1595 5355 tulisse.
1645 5280 1817 5371 Quotidie
1837 5282 1973 5377 aliquid
1996 5286 2165 5376 temporis

148 5408 231 5483 imo
244 5405 379 5497 singuli
394 5403 726 5494 cogitemusnostrs
742 5397 829 5471 sitia
851 5416 983 5488 poenas
996 5391 1137 5478 mereri,
1188 5408 1307 5460 sacrae
1332 5384 1477 5457 lectioni
1485 5397 1537 5559 'cg
1552 5384 1752 5529 precationi
1772 5383 1908 5460 tribuit.
1959 5380 2009 5458 Et
2035 5387 2073 5456 in
2101 5382 2166 5457 bac
2240 5446 2248 5460 .

1178 4546 1354 4615 laxantem
1383 4543 1500 4612 frenos
1527 4542 1711 4633 cupiditati
1739 4541 1935 4623 vindictae,
1978 4544 2160 4638 impedire,
2279 4608 2281 4612 ,
