4680 6038
167 187 247 263 ποτ
862 182 894 260 ι.
934 173 1515 299 aanourcoucanmnrs.
1619 112 1622 121 ⁵

2074 210 2198 287 ’798

160 362 213 433 lis
227 361 275 433 ad
291 356 524 432 Artemisium
547 382 622 428 non
644 378 772 449 magna
791 355 880 445 init,
906 357 966 429 sed
989 358 1073 453 quia
1090 357 1159 429 suit
1210 351 1342 425 Persici
1359 355 1548 443 exercitus,
1574 368 1615 429 ut
1629 356 1763 435 Xerxes
1777 381 1857 459 post
1872 392 2003 471 paucos
2024 379 2099 452 dies
2114 400 2196 478 post
2323 430 2327 441 ·

161 463 295 545 foelix,
320 461 431 535 erexit
448 461 670 533 Graecorum
686 461 883 532 animosad
900 461 1157 545 defensionem,
1209 450 1277 528 hoc
1309 458 1483 549 praelium
1508 482 1618 552 parvo
1644 465 1786 557 navigio
1808 471 1948 564 fugiens
1979 482 2125 558 redierit
2151 489 2190 560 in

161 580 203 641 et
216 568 271 637 ad
295 589 416 636 curam
437 565 676 635 instituendae
699 562 828 638 classis.
886 560 1047 652 Pugnam
1070 585 1155 634 vero
1206 552 1341 631 Asiam.
1391 559 1554 634 Relictus
1570 577 1622 634 est
1637 565 1746 655 igitur
1759 567 1973 651 Mardonius
1992 605 2072 656 cum
2091 612 2192 661 exer-

131 760 133 765 ·
161 656 218 741 ad'
236 663 496 762 Thermopylas
522 690 646 736 ornnes
676 679 806 737 aetates
835 666 1027 736 admiratae
1060 678 1154 740 sunt.
1206 661 1338 732 citu'in
1361 659 1533 748 Graecia,
1559 667 1791 743 dimicaturus
1815 678 1853 745 in
1869 691 1980 768 terra,
2003 700 2038 757 et
2053 688 2190 780 ingenti

159 766 222 843 lai
245 769 340 839 enim
362 793 443 839 cum
459 771 604 857 exiguus
621 769 793 837 exercitus
817 769 1010 839 custodiret
1025 770 1153 851 frances,
1204 765 1337 854 praelio
1353 768 1396 834 ad
1414 764 1550 838 Plateas
1564 769 1677 840 victus
1691 787 1760 854 est,
1787 792 1820 850 et
1838 776 1985 857 Graecia
2002 799 2076 859 toto
2091 795 2187 866 hello

158 873 315 945 ueceani
329 871 618 954 Lacedaemonii,
643 871 894 962 quadringenti
909 866 1092 954 Thebani,
1118 882 1153 940 et
1202 864 1343 936 Persico
1365 869 1513 941 liberata
1538 886 1599 942 est.
1654 872 1886 951 Mardonium
1912 887 1968 956 vir
1991 888 2188 985 Spartanus

131 998 205 1049 ‚ex
231 975 311 1044 aliis
334 974 421 1043 luris
440 972 611 1043 Graeciae
635 973 777 1043 circiter
800 972 866 1041 tria
881 973 1004 1047 millia.
1055 967 1152 1041 Pho·
1203 960 1396 1054 interserit,
1421 975 1985 1074 coniectolapideincapnteius.
2037 990 2188 1070 Hicsuit

157 1075 1152 1168 censesprimi,deindealiidiscesseruntantepugnam,
1202 1073 1314 1142 exitus
1345 1075 1421 1145 eius
1453 1076 1541 1158 viri,
1578 1078 1640 1170 qui
1672 1082 1858 1176 praecipue
1888 1083 2050 1165 hortatur
2070 1099 2187 1173 fuerat

157 1181 225 1249 sed
243 1192 450 1249 manserunt
464 1178 533 1249 soli
550 1178 601 1248 ibi
618 1176 909 1256 Lacedaemonii,
934 1173 1100 1247 Thebani
1116 1190 1150 1248 et
1201 1173 1416 1265 suscipiendi
1439 1170 1546 1248 huius
1569 1180 1666 1253 belli.

158 1275 411 1372 Thespienses.
465 1278 535 1349 Hie
552 1302 681 1370 parvus
704 1302 874 1349 numerus
889 1280 1080 1350 trucidavit
1096 1279 1149 1347 vi·
1255 1293 1264 1304 '
1300 1276 1394 1349 Sunt
1419 1293 1536 1349 autem
1562 1284 1718 1373 exempla
1743 1288 1781 1357 in
1808 1283 1874 1360 hac
1891 1285 2039 1369 historia
2064 1307 2183 1374 consi-

156 1380 251 1471 ginti
267 1383 380 1452 millia
396 1385 435 1452 in
450 1382 603 1452 exercitu
617 1381 763 1463 Xerxis,
790 1383 851 1451 sed
869 1381 937 1472 ipsi
960 1381 1067 1452 simul
1090 1380 1149 1453 in·
1200 1378 1677 1475 derationedigssaplflrima·
1731 1387 1912 1475 Primum,
1935 1404 2184 1495 nequisfitlu·

156 1485 299 1556 torfacti
312 1499 408 1569 aunt,
433 1483 705 1554 Lacedaemonii
717 1499 753 1554 et
765 1479 1001 1576 Thespienses
1015 1506 1148 1570 omnes,
1199 1481 1251 1550 cia
1279 1488 1459 1573 potentiae
1488 1509 1544 1554 res
1574 1510 1648 1556 non
1676 1495 1886 1564 necessarias
1910 1519 2065 1591 moveat,
2098 1510 2183 1602 quia

155 1600 300 1677 praeter
315 1590 415 1659 duos.
466 1585 539 1655 Noc
555 1587 624 1655 alia
642 1587 768 1656 similis
783 1610 902 1678 pugna
917 1599 1011 1659 extat
1033 1588 1071 1656 iu
1089 1582 1147 1655 hi·
1199 1578 1294 1655 Deus
1316 1587 1434 1657 subito
1451 1610 1613 1677 maguam
1632 1595 1827 1679 potentiam
1844 1597 1961 1671 delere
1983 1586 2117 1696 potest,
2142 1626 2185 1685 ut

156 1690 299 1774 storiis,
335 1701 473 1781 praeter
493 1687 715 1759 Helveticum
740 1690 872 1760 factum
897 1691 942 1759 ad
957 1687 1147 1776 Basileam,
1198 1680 1413 1756 bochellum
1431 1703 1513 1758 ante
1530 1691 1713 1762 biennium
1731 1695 1872 1767 linitum
1889 1714 1951 1777 est.
1967 1678 1972 1691 .
1992 1702 2049 1778 Ad
2062 1705 2182 1782 Ther-

154 1803 317 1882 tempure
336 1792 482 1885 synodi,
516 1815 597 1860 cum
612 1789 708 1884 Papa
725 1791 763 1859 in
776 1789 1007 1861 Germaniam
1029 1793 1146 1862 misis-
1197 1790 1359 1882 mopylas
1381 1792 1587 1862 dimicatum
1614 1807 1665 1864 est
1692 1819 1812 1868 mense
1839 1797 1964 1885 lunio,
1999 1822 2034 1880 et
2055 1811 2208 1884 iisdem.

153 1904 210 1963 sut
234 1889 457 1985 Delphinum
477 1889 658 1962 Gallicum
684 1919 764 1964 curn
788 1895 941 1964 exercitu
960 1889 1146 1962 Armoria-
1196 1890 1269 1959 lere
1284 1892 1410 1961 diebus
1425 1896 1469 1962 ad
1483 1892 1713 1981 Artemisium
1731 1903 1831 1988 pulsa
1847 1917 1901 1974 est
1913 1906 2033 1979 classis
2042 1909 2179 1989 Xerxis.

155 2016 301 2080 corum,
327 1997 487 2088 quirum
511 2018 673 2083 magnam
696 1997 939 2072 crudelitatem
955 1995 993 2062 in
1010 1992 1145 2066 Alsatia
1196 1989 1335 2063 Deinde
1367 1996 1410 2063 ad
1437 1995 1653 2065 Salaminem
1686 1999 1769 2071 vicit
1803 1998 1939 2077 Graeca
1968 2012 2089 2083 classis
2122 2018 2181 2087 die
2208 2042 2211 2047 ⁴

153 2099 411 2181 exercuissent,
444 2098 487 2166 ad
512 2095 689 2167 Basileam
711 2111 949 2181 arcesserunt,
978 2097 1030 2166 ibi
1045 2120 1064 2165 a
1080 2099 1144 2167 tri·

151 2196 223 2269 hus
239 2200 400 2269 millibus
414 2196 662 2269 Helvetiorum
679 2200 792 2268 millia
815 2195 1001 2268 ho'minum
1016 2199 1144 2287 viginti

151 2298 196 2367 iu
215 2300 354 2370 Gallico
371 2303 525 2371 exercitu
540 2301 714 2371 trucidata
731 2315 833 2383 sunt,
857 2303 916 2370 sed
933 2301 1040 2371 simul
1055 2299 1144 2371 Hel-

149 2401 240 2469 vctii
257 2402 407 2471 virtores
422 2404 682 2484 occubuerunt,
704 2427 854 2495 cumque
869 2403 1040 2495 reliquiae
1055 2402 1144 2473 Gal-

148 2501 214 2569 lici
235 2505 406 2573 exercitus
430 2506 610 2594 lugerent,
641 2501 835 2574 Germania
857 2506 921 2575 illo
940 2518 1074 2574 terrore
1098 2507 1143 2574 li-

134 2602 273 2673 berata
294 2619 356 2680 est.

254 2705 342 2778 Post
372 2732 526 2800 pugnam
569 2709 608 2779 in
645 2705 897 2804 Thermopylis
928 2707 1142 2779 Mardonius

149 2807 343 2880 exercitum
359 2810 398 2879 iu
418 2810 604 2881 Graeciam
621 2813 743 2896 duxit,
767 2836 918 2904 cumque
941 2806 1142 2882 Phocenses

150 2923 188 2981 et
211 2905 377 2981 Thebani
401 2934 439 2981 se
468 2913 500 2980 ei
526 2914 780 3002 adiungerent,
815 2914 914 2984 misit
941 2912 1075 3001 legatos
1096 2915 1139 2981 ad

148 3005 406 3101 Athenienses,
430 3010 493 3108 qui
513 3010 762 3100 hortarentur,
785 3029 826 3086 ut
842 3015 947 3085 certis
963 3014 1140 3085 conditio-

148 3114 263 3185 nibus
282 3139 318 3186 se
334 3115 452 3187 Persis
474 3118 656 3191 dederent.
708 3116 779 3186 Sed
803 3129 898 3187 tanta
916 3116 985 3185 fuit
1002 3117 1141 3203 magni-

145 3219 239 3287 tudo
262 3219 482 3304 animorum,
509 3231 549 3289 ut
569 3241 644 3287 non
665 3219 738 3288 sint
753 3219 923 3289 admissae
943 3218 1039 3288 ullae
1054 3241 1139 3286 con-

147 3319 308 3389 ditiones
335 3321 540 3395 deditionis.
604 3318 696 3391 Cum
725 3334 844 3390 autem
878 3319 965 3389 civis
994 3319 1138 3412 quidam

147 3415 401 3504 Atheniensis,
429 3448 535 3516 quem
558 3419 763 3492 Herodotus
782 3420 952 3516 Lycidarn
968 3420 1140 3505 nominat,

144 3518 409 3595 Demosthenes
440 3518 638 3618 Cyrsilum,
669 3548 792 3595 suasor
823 3536 912 3593 esset
941 3522 1140 3613 accipiendi

147 3627 391 3712 conditiones,
424 3626 553 3697 caeteri
579 3627 672 3696 cives
696 3622 932 3698 Athenienses
960 3625 1139 3717 lapidibus

148 3750 232 3801 eum
264 3729 475 3804 obruerunt.
533 3727 715 3799 Necarunt
744 3741 780 3799 ct
804 3729 971 3798 mulieres
1000 3723 1140 3798 Atticae

147 3852 298 3905 uxorem
321 3833 397 3901 eius
427 3831 617 3924 lapidibus.
679 3829 816 3901 Tantus
836 3831 905 3901 luit
929 3830 1036 3900 ardor
1060 3828 1139 3899 ani-

146 3956 292 4009 morum
308 3934 346 4002 in
364 3933 569 4009 defensione
587 3933 740 4024 patriae,
762 3934 846 4025 quia
861 3932 1034 4002 barbaros
1049 3931 1139 4000 scie-

1199 2097 1258 2169 16.
1273 2094 1408 2166 Martii.
1459 2095 1586 2167 Postea
1602 2098 1797 2172 trucidatus
1811 2116 1863 2173 est
1879 2104 2063 2182 Mardonii
2080 2141 2180 2187 exer-

1195 2198 1283 2267 citus
1306 2199 1363 2268 die
1385 2197 1418 2268 4.
1441 2195 1602 2288 Augusti.
1657 2199 1815 2274 'l'raiecit
1842 2221 1959 2279 autem
1982 2212 2115 2285 Xerxes
2139 2220 2179 2288 in

1193 2295 1393 2392 Europam,
1420 2301 1459 2369 in
1477 2298 1568 2371 Vere
1590 2304 1674 2373 anni
1691 2305 1901 2396 superioris,
1928 2318 1961 2381 et
1983 2330 2062 2403 post
2078 2317 2179 2389 Sala.

1195 2402 1341 2470 minium
1365 2424 1518 2493 prignam
1540 2405 1648 2491 largit,
1673 2430 1784 2498 quare
1802 2432 1876 2478 nun
1894 2415 2007 2484 multo
2025 2418 2105 2506 plus
2120 2422 2178 2489 in-

1189 2516 1397 2592 tegroanno
1421 2506 1489 2573 suit
1510 2506 1548 2573 iu
1565 2503 1722 2597 Europa.
1773 2509 1914 2581 Deinde
1934 2519 2178 2593 consideretur

1193 2606 1350 2674 studium
1376 2607 1586 2676 concordiae
1610 2610 1762 2680 tuendae
1782 2626 1927 2704 propter
1949 2640 2176 2692 communem

1192 2707 1359 2786 salntem,
1386 2710 1480 2799 qarod
1501 2708 1538 2775 in
1550 2703 1830 2784 Atheniensibus
1846 2714 1985 2807 insigne
1998 2720 2085 2803 luit,
2112 2726 2176 2818 qni

1192 2810 1307 2879 statim
1325 2809 1429 2880 initio
1443 2832 1617 2879 summam
1643 2813 1783 2905 imperii
1798 2814 2086 2894 Lacedaemoniis
2101 2850 2177 2897 ces-

1190 2925 1323 2985 serunt.
1373 2908 1499 2981 Postea
1512 2925 1593 2981 ante
1607 2937 1763 3005 pugnam
1779 2919 1825 2989 ad
1840 2914 1988 3007 Plateas,
2013 2949 2094 2996 curn
2103 2927 2178 2998 Ar-

1190 3016 1292 3082 cades
1320 3026 1403 3083 ante
1426 3014 1520 3104 ipsos
1542 3014 1708 3085 collocari
1734 3019 1885 3102 vellent,
1917 3024 2020 3096 aiunt
2040 3050 2077 3096 sc
2099 3052 2176 3099 non

1190 3129 1348 3184 moturos
1369 3136 1443 3183 esse
1466 3115 1675 3184 seditionem
1698 3118 1778 3188 lori.
1792 3141 1917 3209 causa,
1942 3128 2003 3195 sed
2019 3129 2175 3199 ubicun-

1190 3239 1258 3307 que
1273 3215 1511 3300 collocentur,
1537 3240 1572 3286 se
1589 3218 1665 3288 iore
1687 3221 1781 3289 viros
1800 3223 1919 3294 fortes.
1971 3225 2051 3319 lpse
2065 3232 2173 3302 etiam

1190 3314 1445 3386 Themistocles
1458 3320 1559 3401 dixit,
1586 3342 1621 3388 se
1636 3321 1758 3389 vicisse
1774 3323 1889 3395 socios
1902 3316 2088 3416 patientia,
2114 3357 2172 3403 re-

1189 3420 1325 3490 leritate
1342 3414 1470 3495 hostes.
1523 3420 1646 3491 Tertio
1671 3422 1708 3490 in
1728 3418 1794 3495 huc
1812 3427 1984 3500 brevitate
2002 3435 2172 3524 temporis

1189 3522 1449 3607 consideretur,
1473 3537 1647 3615 quantum
1672 3527 1783 3615 prosit
1804 3527 1984 3617 celeritas,
2004 3556 2051 3603 ne
2066 3537 2173 3608 detur

1188 3624 1345 3714 spacium
1369 3625 1625 3713 perterrefactis
1649 3620 1811 3697 hostibus
1833 3652 1907 3701 sese
1930 3656 2053 3705 rursus
2069 3637 2172 3707 culli-

1187 3726 1308 3814 gendi.
1360 3725 1461 3796 Sicut
1484 3726 1595 3797 lulius
1612 3728 1866 3820 interrogatus,
1890 3738 2069 3826 quomodo
2090 3748 2184 3811 tan·'

1188 3842 1240 3898 tas
1255 3851 1310 3897 res
1327 3828 1545 3920 perfecisset,
1574 3832 1774 3922 respondit:
1806 3830 1946 3926 Μηδὲν
1960 3833 2172 3932 ἀναβαλλό-

1186 3955 1307 4023 μενος.
1373 3927 1420 4001 Et
1448 3928 1722 4023 reprehenditur
1749 3929 1928 4017 Annibal,
1964 3943 2062 4032 quod
2092 3956 2172 4036 post

145 4034 238 4107 hant
253 4037 396 4107 abolitis
414 4037 550 4126 legibus
567 4049 600 4105 et
616 4035 802 4125 disciplina
822 4032 992 4105 Graeciae
1013 4034 1140 4105 crude·
1188 4047 1324 4124 captam
1339 4029 1511 4123 Captuam
1527 4057 1602 4102 non
1617 4034 1755 4104 obsedit
1771 4037 1895 4105 urbem
1910 4035 2076 4117 Rumam.

145 4136 232 4213 liter
251 4140 486 4229 imperaturos
510 4160 602 4217 esse,
630 4151 664 4206 et
688 4137 873 4226 coniuges,
900 4138 1012 4219 filios,
1036 4137 1139 4222 filias,
1289 4132 1426 4221 Quarto
1442 4135 1599 4225 exempla
1610 4136 1863 4227 praestantium
1879 4129 2038 4211 virorum
2053 4138 2171 4216 inhac

145 4255 184 4313 et
199 4242 384 4311 facnltates
404 4255 606 4331 erepturus,
632 4240 763 4332 quibus
780 4241 926 4310 vellent.
978 4237 1046 4308 His
1061 4262 1139 4307 rna·
1187 4233 1336 4307 historia
1359 4237 1579 4326 intueamur,
1606 4237 1668 4330 qui
1687 4250 1765 4329 post
1787 4238 1971 4311 victoriam
1989 4243 2074 4317 elati
2092 4269 2172 4318 suc-

143 4344 195 4413 tis
217 4343 397 4414 servitutis
421 4356 572 4413 mortem
595 4343 880 4432 anteponendam
913 4363 986 4410 esse
1008 4352 1139 4410 statue·
1188 4339 1343 4409 cessibus
1366 4338 1447 4408 farti
1469 4351 1552 4409 sunt
1573 4352 1635 4409 aut
1653 4340 1923 4429 negligentiores
1936 4358 1998 4415 aut
2012 4345 2173 4419 insulen-

141 4460 254 4529 runt,
280 4458 320 4515 nt
334 4469 430 4514 nunc
448 4444 600 4514 Turrica
616 4444 777 4536 tyrannis
795 4441 950 4532 ingentia
973 4443 1066 4511 mala
1084 4465 1139 4511 se·
1188 4444 1314 4523 tiores,
1340 4452 1375 4509 et
1396 4440 1546 4528 tragicos
1567 4441 1678 4510 exitus
1698 4436 1915 4528 habuerunt,
1942 4459 1982 4516 ut
1996 4448 2173 4521 discamus

142 4572 232 4623 euru
256 4549 381 4619 adfert.
435 4543 514 4617 Etsi
540 4545 647 4634 igitur
673 4568 786 4637 poena
808 4544 963 4639 Lycidae
986 4544 1140 4614 atrocior
1189 4541 1275 4612 haec
1305 4541 1415 4611 dicta:
1455 4539 1552 4612 Deus
1586 4543 1749 4633 superbis
1786 4547 1934 4631 resistit,
1974 4542 2174 4621 humilibus

139 4651 258 4727 [niue
273 4651 435 4733 videtur,
461 4662 579 4718 tamen
600 4647 717 4738 palam
739 4647 871 4718 iniusta
886 4646 1033 4719 consilia
1050 4648 1140 4716 dan·
1188 4661 1305 4715 autem
1324 4646 1384 4715 dat
1399 4644 1559 4734 gratiam.
1613 4642 1717 4714 ltem:
1743 4640 1974 4719 Abominatio
1989 4663 2040 4721 est
2053 4675 2174 4721 coram

139 4766 201 4829 tes
214 4752 343 4844 punire
358 4754 490 4822 iustum
507 4762 572 4819 est.
1189 4746 1346 4820 Domino
1363 4747 1539 4841 quidquid
1554 4759 1606 4816 est
1619 4745 1770 4816 sublime
1785 4772 1904 4818 coram
1921 4743 2142 4826 hominibus.

251 4852 376 4946 Pugna
392 4854 436 4923 ad
457 4850 672 4923 Salaminem
693 4851 848 4921 insulam
864 4849 1139 4919 celebratissima
1289 4841 1506 4917 Pausanias
1526 4846 1714 4940 Spartani,
1735 4849 1809 4945 'qui
1833 4851 1905 4919 dux
1927 4851 1998 4923 suit
2021 4855 2066 4923 ad
2090 4850 2174 4926 Pla·

143 4971 223 5043 est,
249 4958 288 5027 in
307 4981 375 5050 qua
392 4954 528 5025 Graeca
545 4953 684 5038 classis,
710 4953 856 5023 navium
880 4951 955 5021 878
979 4964 1055 5023 toto
1082 4951 1142 5020 die
1190 4966 1281 5036 teas,
1307 4964 1407 5022 tanta
1422 4951 1491 5022 fuit
1508 4951 1679 5020 modestia
1694 4949 1732 5017 in
1749 4950 1915 5037 victoria,
1939 4966 1981 5023 ut
1994 4976 2076 5024 cum
2092 4978 2174 5026 eum

142 5059 349 5157 praelians,
372 5056 550 5127 Persicam
564 5078 655 5147 quae
673 5055 786 5126 multu
804 5054 917 5123 maior
934 5056 1068 5138 luerat,
1092 5054 1142 5123 ita
1190 5048 1469 5124 adhortarentur
1484 5052 1652 5146 quidam,
1677 5064 1718 5120 ut
1731 5050 1844 5142 capita
1859 5051 2082 5125 Persicorum
2107 5058 2176 5126 du·

144 5161 359 5254 dissiparit,
388 5170 429 5230 ut
452 5156 630 5249 plurimae
654 5179 764 5226 naves
784 5155 912 5225 Xerxis
940 5156 1143 5225 submersae
1191 5180 1273 5225 cum
1286 5154 1553 5224 interfecturum
1566 5153 1722 5242 affigeret
1737 5154 1845 5237 cruci,
1869 5154 1959 5224 sicut
1975 5154 2102 5225 Persae
2116 5178 2175 5226 ca·

146 5264 225 5339 sint
234 5315 247 5348 ,
272 5274 308 5333 et
323 5261 497 5334 trucidata
514 5279 640 5350 magna
654 5280 736 5351 pars
750 5258 923 5329 exercitus
937 5257 1092 5341 navalis,
1110 5268 1146 5326 et
1192 5273 1256 5346 put
1269 5255 1450 5327 Leonidae
1474 5256 1566 5343 regis
1581 5253 1749 5344 Spartani
1770 5253 1881 5324 simili
1893 5256 2106 5327 contumelia
2122 5257 2176 5327 as·

146 5366 325 5463 reliquiae
357 5365 440 5457 luga
472 5361 659 5433 eraserint.
718 5357 871 5455 Fuitque
901 5369 1001 5431 tanta
1028 5358 1146 5428 clades
1167 5390 1171 5437 t
1192 5362 1366 5444 feceruut,
1396 5354 1653 5527 τεεροιιάετόἰὶ,Ἰ
1672 5377 1709 5426 se
1741 5369 1902 5428 mortuos
1926 5357 2026 5428 nulla
2051 5372 2177 5435 cuntu-
