4680 6038
148 184 225 268 616

256 354 294 434 5.
325 357 413 432 ideo
427 352 590 433 Christus
608 379 729 431 severe
749 359 945 453 praecepit:
972 354 1142 431 Attendi-

157 481 207 553 te,
219 487 267 536 ne
279 465 388 535 corda
402 475 518 534 vestra
535 476 726 555 graventur
741 462 896 556 crapula.
930 459 1038 534 Item:
1064 457 1146 531 Hoc

158 590 270 662 genus
285 565 554 638 daemoniorum
570 588 645 636 non
661 563 801 636 eiicitur
816 565 887 634 nisi
903 563 942 635 in
957 563 1093 636 ieiunio
1112 575 1147 635 et

159 670 332 744 oratione.
383 666 472 739 Item
486 665 619 738 Paulus
642 667 776 761 inquit:
802 666 885 738 Non
907 667 946 737 in
970 687 1148 738 comessa-

160 771 334 846 tionibus.
383 763 588 841 EtPetros:
616 767 736 841 sobrii
758 783 889 855 estote,
914 770 1070 861 vigitate.

262 872 299 946 6.
340 870 498 944 Surdum
522 894 596 942 esse
617 871 661 941 ad
686 884 739 943 101
761 885 906 966 tamque
929 894 1052 962 graves
1067 891 1149 940 sen·

162 975 309 1059 tentiae,
334 998 408 1045 uon
423 986 475 1044 est
490 973 635 1044 libertas
652 969 874 1062 Christiana,
899 976 960 1045 sed
973 975 1148 1068 quaedam

162 1073 349 1148 horribilis
371 1089 405 1146 et
429 1071 613 1168 prophana
639 1077 826 1163 securitas,
858 1088 892 1148 et
915 1075 1149 1167 contumacia,

163 1201 270 1273 quam
284 1176 382 1249 Deus
395 1177 589 1271 aliquando
605 1178 771 1275 atrociter
786 1179 922 1272 puniet.

266 1293 301 1364 7.
341 1292 474 1384 Magna
497 1293 576 1366 laus
601 1294 896 1387 estdisciplinae,
920 1298 1018 1392 quod
1033 1294 1152 1392 inquit

165 1394 316 1471 Paulus:
336 1393 410 1467 Lex
427 1411 478 1467 est
492 1399 714 1489 paedagogus
731 1399 767 1467 in
785 1395 981 1472 Christum.
1025 1399 1152 1471 Testa·

162 1513 227 1570 tur
240 1498 336 1569 enim
351 1499 517 1590 prodesse
530 1493 623 1570 hanc
637 1502 888 1591 paedagogiam
906 1515 941 1574 11
955 1497 1152 1573 1111111111-

167 1601 264 1687 citia,
288 1624 364 1670 non
380 1600 494 1670 solum
512 1602 556 1671 ad
573 1601 712 1672 civilem
726 1597 960 1692 honestatem,
985 1618 1044 1676 aut
1064 1627 1151 1675 con-

170 1702 406 1772 servationem
434 1702 527 1774 vitae
542 1704 756 1796 corporalis,
779 1707 841 1775 sed
856 1710 899 1776 ad
915 1700 984 1778 hoc
1000 1730 1153 1801 quoque,

162 1816 209 1876 ut
237 1803 439 1890 assuefacti,
469 1805 606 1888 doceri,
639 1821 673 1878 et
699 1809 745 1877 ad
775 1809 991 1899 agnitionem
1017 1804 1152 1879 Christi

79 1920 82 1925 '
165 1906 355 1998 pervenire
384 1906 572 1997 possimus.
623 1906 688 1980 Est
708 1923 825 1981 autem
849 1907 947 1984 Deus
968 1912 1088 1983 efficax
1113 1910 1153 1979 iu

172 2007 244 2099 piis
260 2031 325 2100 per
342 2008 488 2080 verbum
506 2031 625 2082 suum.

272 2128 308 2202 6.
346 2125 457 2200 Recte
477 2127 628 2201 Paulus:
647 2126 875 2218 ¹Exercitatio
896 2133 1087 2226 corporalis
1108 2135 1153 2204 ad

166 2231 349 2301 modicum
364 2230 464 2302 utilis
479 2245 542 2317 est,
555 2233 667 2325 pictas
680 2237 724 2305 ad
740 2235 873 2308 omnia.
901 2232 1042 2309 Debent
1057 2236 1154 2307 euim

168 2327 367 2402 Christiani
388 2333 585 2421 intelligere
603 2335 792 2406 discrimen
808 2338 903 2408 inter
917 2333 1003 2408 haec
1019 2339 1156 2409 exerci-

169 2433 239 2519 tia,
257 2447 409 2506 etseras
427 2433 575 2505 virtutes
589 2437 803 2528 spirituales,
829 2452 863 2509 ct
878 2433 963 2509 huic
977 2443 1155 2533 paedago-

170 2535 248 2624 giae
263 2535 368 2625 lunge
383 2536 550 2605 anteferri
565 2537 707 2622 dehent,
732 2564 814 2609 vera
829 2540 1154 2632 poenitentiarum

170 2637 273 2721 fides,
305 2636 501 2723 invocatio,
528 2637 724 2710 vocationis
755 2640 881 2716 officia.
933 2640 1004 2714 Sed
1036 2658 1155 2715 tamen

169 2758 246 2809 non
269 2737 357 2809 dicit
379 2733 532 2825 Paulus,
572 2740 737 2813 inutilem
763 2766 841 2814 esse
865 2746 1155 2820 exercitationem

167 2841 402 2933 corporalem.

272 2957 308 3032 9.
334 2952 595 3030 Exercitiorum
610 2960 691 3032 linis
707 2961 935 3036 immediatus
948 2988 1021 3037 esse
1038 2966 1157 3048 debet,

169 3070 210 3129 ut
226 3060 413 3131 coerceant
427 3081 588 3144 carnem,
613 3088 659 3134 ne
675 3065 841 3136 saturitas
858 3082 891 3138 et
907 3067 1023 3138 ocium
1038 3093 1155 3139 accer-

168 3174 249 3231 sant
266 3160 386 3253 aliqua
411 3161 512 3235 vicia.
563 3161 670 3253 Item,
699 3180 741 3238 ut
763 3168 875 3239 sobrii
896 3171 1008 3259 magis
1032 3170 1154 3243 idonei

170 3260 280 3332 simus
301 3263 345 3332 ad
369 3264 544 3333 orandum
569 3281 635 3339 etc.
684 3266 776 3340 Cum
794 3272 839 3340 ad
856 3265 955 3343 huuc
970 3274 1076 3343 finem
1091 3275 1156 3344 de·

168 3363 297 3436 stinata
319 3377 402 3434 sunt
422 3359 507 3435 haec
530 3371 713 3451 exercitia,
737 3386 821 3444 sunt
846 3373 943 3444 hona
967 3400 1095 3471 opera,
1118 3389 1152 3448 et
1205 3420 1215 3437 ·

167 3477 350 3557 praecepta
367 3488 388 3536 a
403 3462 493 3536 Deo.

253 3661 257 3669 ,
274 3581 332 3652 10.
359 3579 441 3653 Non
454 3584 560 3655 debet
575 3588 822 3662 exercitiorum
839 3593 1064 3667 immediatus
1080 3618 1154 3667 esse

168 3681 251 3753 linis
266 3697 307 3754 ut
321 3684 393 3756 sint
405 3685 531 3771 cultus,
555 3689 655 3779 quasi
671 3686 768 3762 Dens
781 3697 937 3788 requirat
955 3720 1062 3786 opera
1077 3722 1150 3769 non

160 3785 220 3856 ob
233 3784 353 3872 aliud,
378 3785 448 3855 nisi
465 3801 506 3858 ut
521 3789 581 3858 tali
597 3784 734 3864 honore
748 3796 932 3868 alliciatur.
962 3796 1060 3870 Haec
1073 3801 1152 3892 opi-

168 3886 232 3958 nio
250 3901 300 3959 est
313 3886 574 3978 superstitiosa,
598 3905 638 3963 ut
653 3890 784 3967 Paulus
801 3911 961 3988 testatur,
986 3926 1068 3975 cnm
1085 3903 1151 3975 ait:

167 3985 334 4082 Regnum
348 3986 417 4062 Dei
432 4014 496 4063 nec
510 4017 586 4064 esca
602 4019 668 4066 nec
682 4011 785 4088 potus
807 4015 869 4077 cst.

271 4109 330 4179 11.
359 4106 471 4180 Fiunt
486 4124 603 4182 autem
621 4116 738 4187 cultus
753 4112 840 4190 haec
858 4122 1041 4209 exercitia,
1067 4149 1148 4197 cum

167 4207 212 4276 ad
236 4207 397 4279 debitum
419 4209 525 4280 linem
547 4215 761 4291 referuntur.
815 4219 909 4293 Sunt
933 4225 1029 4294 enim
1052 4227 1148 4298 bona

167 4322 293 4400 opera:
320 4333 428 4399 porro
452 4312 488 4380 iu
514 4315 581 4404 piis
604 4310 698 4389 lions
715 4346 821 4414 opera
837 4326 955 4396 omnia
971 4343 1055 4400 sunt
1071 4330 1147 4399 cul-

165 4421 223 4479 tus
238 4407 320 4482 Dei.
372 4411 472 4484 Sicut
487 4414 525 4484 iu
539 4412 689 4490 Daniele
703 4425 925 4497 adolescente
947 4443 980 4498 11
998 4431 1074 4500 eius
1089 4456 1149 4501 so·

164 4510 228 4581 ciis
244 4526 345 4582 erant
360 4514 494 4597 cultus,
515 4519 729 4595 abstinentia
745 4551 764 4596 a
781 4528 865 4598 viuo
884 4545 918 4600 et
935 4530 1148 4603 lautioribus

164 4613 264 4684 cibis.
312 4610 360 4685 Et
375 4609 508 4690 habent
522 4614 609 4691 haec
623 4647 729 4714 opera
745 4632 919 4719 praemia,
946 4646 986 4705 ut
999 4649 1148 4706 testatur

160 4711 277 4804 ipsum
302 4718 500 4811 exemplum
516 4719 688 4798 Danielis.

267 4832 326 4905 12.
368 4834 583 4928 Quanquam
611 4842 721 4932 igitur
743 4843 979 4940 Evangelium
1010 4856 1144 4928 maiora

162 4932 311 5027 requirit
329 4959 433 5025 quam
452 4931 539 5008 haec
554 4944 729 5029 exercitia,
743 4973 833 5040 quae
848 4968 930 5023 sunt
946 4952 1031 5026 saue
1043 4965 1144 5030 11101·

155 5057 209 5126 χα
225 5038 386 5128 στοιχεῖα
399 5029 563 5130 κόσμου,
588 5058 707 5116 lamen
728 5051 994 5127 meminerimus
1015 5059 1052 5128 in
1078 5055 1144 5132 hac

159 5135 364 5208 infirmitate
392 5155 530 5222 nostra,
561 5148 715 5220 maxime
742 5155 848 5224 nohis
877 5182 968 5249 opus
989 5185 1062 5231 esse
1086 5158 1144 5233 his

159 5239 465 5335 qualibuscunque
480 5245 719 5332 adminiculis,
737 5259 941 5345 praesertim
954 5287 1034 5335 cum
1044 5262 1142 5337 Deus

158 5344 373 5431 praeceperit
388 5348 432 5415 de
451 5346 583 5419 cistam
599 5373 732 5430 severe.

922 177 1409 263 DISPUTATIONES

2107 186 2186 271 6111

1298 354 1358 430 ts.
1397 352 1472 430 Res
1497 354 1670 427 minimae
1690 367 1795 445 sunt,
1812 354 1856 430 ¹si
1887 361 2122 434 conferantur
2141 367 2182 435 ad

1195 457 1479 550 magnitudinem
1495 459 1886 552 spiritualiumrcrum.
1938 463 2010 537 Sed
2028 477 2115 536 suut
2133 486 2185 539 tes

1195 563 1367 633 maximae
1382 560 1553 634 acerrimo
1570 562 1688 635 studio
1702 563 1924 648 retinendae,
1949 566 1981 637 si
1998 563 2184 651 informitas

1198 658 1386 736 homiuum
1408 664 1665 741 consideretur.

1303 762 1361 838 14.
1402 762 1480 837 Iuro
1498 764 1567 838 Dei
1589 768 1798 840 mandatum
1824 783 1896 857 est,
1919 782 1962 843 ut
1987 763 2058 841 hac
2082 770 2184 845 disci·

1199 866 1298 961 plina
1330 882 1498 959 regautur
1527 870 1766 942 adolescentia
1802 884 1839 945 et
1867 873 2009 964 vulgus.
2071 870 2182 961 Qum

1201 983 1323 1043 contra
1339 973 1547 1044 mandatum
1561 969 1630 1044 Dei
1644 973 1794 1061 faciunt,
1821 997 1904 1049 cum
1921 969 2017 1045 hanc
2031 974 2183 1069 discipli·

1202 1095 1286 1144 nam
1300 1074 1493 1146 excutiunt.
1968 1070 1973 1083 '

1203 1302 1404 1404 (XLVII.)
1428 1310 1536 1385 Atta
1557 1309 1851 1408 disputattor
1872 1311 2092 1387 delustictu
2109 1336 2185 1387 cor·

1202 1413 1285 1485 nuli
1306 1418 1346 1484 et
1369 1415 1497 1504 civili,
1520 1436 1567 1486 uc
1585 1411 1631 1487 de
1645 1409 1785 1512 effectu
1801 1416 1914 1515 Legis
1929 1425 1969 1490 11
1982 1418 2183 1516 Evangelii.

1203 1562 1310 1661 Deus
1323 1577 1428 1669 exigit
1442 1579 1488 1650 ab
1504 1580 1672 1652 omnibus
1688 1579 1863 1653 iusticiam
1881 1580 2074 1669 carnalem,
2100 1581 2183 1653 iuxta

1203 1679 1312 1749 illude
1353 1677 1425 1750 Lex
1456 1693 1509 1753 est
1533 1683 1775 1776 paedagogus,
1806 1695 1857 1755 et:
1890 1680 1965 1754 Lex
1995 1696 2050 1756 est
2082 1683 2183 1777 posita

1205 1779 1359 1853 iniustis.

1306 1885 1342 1957 2.
1384 1880 1431 1957 Et
1454 1886 1545 1958 sicut
1567 1888 1755 1958 arboribus
1775 1887 1889 1958 indita
1912 1886 1967 1958 vis
1988 1899 2044 1959 est
2058 1886 2184 1957 ferendi

1204 1985 1360 2069 fructus,
1388 1988 1434 2059 ita
1450 1989 1583 2061 rationi
1600 2012 1663 2060 seu
1678 1995 1831 2087 ψυχικῷ
1856 1986 1998 2061 homini
2015 1991 2128 2061 indita
2141 2002 2184 2059 est

1206 2089 1260 2159 vis
1279 2100 1314 2159 et
1328 2088 1476 2163 facultas
1493 2092 1646 2162 faciendi
1660 2092 1837 2165 iusticiam
1853 2092 2046 2165 carnalem.

1307 2190 1343 2266 3.
1375 2190 1430 2264 Ea
1453 2209 1504 2266 est
1520 2194 1658 2267 iusticia
1681 2195 1786 2266 liberi
1800 2195 1965 2283 arbitrii,
1988 2208 2023 2266 et
2039 2194 2080 2264 in
2092 2206 2184 2287 pute·

1207 2304 1295 2364 state
1310 2307 1442 2382 nostra,
1455 2297 1545 2368 sicut
1559 2297 1599 2367 iu
1614 2297 1802 2369 arboribus
1815 2311 1944 2372 natura
1955 2298 2093 2369 fructus
2104 2319 2184 2389 pro·

1208 2396 1348 2465 ducere.

1309 2495 1345 2572 4.
1385 2494 1432 2571 Et
1460 2515 1578 2573 tamen
1606 2502 1771 2574 voluntas
1796 2497 1957 2574 humana
1976 2513 2027 2573 est
2045 2499 2178 2591 ¹captive

1207 2596 1373 2682 Satanae,
1396 2617 1436 2674 ut
1453 2629 1499 2674 uc
1514 2606 1690 2676 carnalem
1705 2606 1849 2701 quidem
1865 2604 2038 2678 iusticiam
2050 2620 2182 2691 suuper

1233 2717 1369 2774 raester.

1207 2726 1230 2791 p
1307 2801 1348 2877 6.
1384 2802 1434 2878 Ε1
1453 2808 1755 2899 quemadmodum
1775 2812 1921 2883 arbores
1948 2804 2043 2879 nihil
2057 2803 2180 2895 produ·

1206 2919 1305 2992 cunt,
1322 2907 1393 2980 uisi
1406 2906 1505 2979 Deus
1519 2910 1718 2997 foecundet,
1738 2912 1787 2989 itu
1803 2916 1935 3007 pendet
1949 2912 2060 2985 etiam
2073 2926 2180 3007 61111111

1206 3009 1362 3081 actiones
1383 3015 1550 3108 ψυχικοῦ
1569 3007 1729 3087 hominis
1749 3041 1772 3088 a
1794 3017 1983 3088 voluntate
1996 3028 2033 3086 et
2047 3006 2178 3085 ordim-

1206 3112 1303 3182 tioue
1317 3114 1454 3187 divina.

1307 3216 1345 3290 6.
1378 3215 1536 3307 Quidam
1560 3230 1787 3315 posteaquam
1810 3219 2028 3305 audierunt,
2050 3210 2177 3288 nonio·-

1204 3317 1348 3389 stificari
1367 3341 1433 3391 uos
1455 3334 1579 3391 nostro
1602 3324 1749 3407 merito,
1773 3317 1866 3392 nihil
1880 3323 2053 3393 interesse
2068 3325 2176 3413 potest

1205 3433 1299 3491 mter
1323 3423 1466 3492 caedem
1491 3424 1604 3494 lacere
1629 3438 1663 3495 11
1688 3423 1869 3509 omittere,
1890 3436 1926 3493 et
1947 3421 2094 3495 similia.
2139 3417 2175 3490 lli
2218 3422 2220 3427 ’

1204 3521 1336 3604 sciant,
1360 3548 1380 3593 a
1397 3523 1476 3596 Deo
1490 3526 1582 3617 exigi
1598 3524 1773 3597 iusticiam
1788 3524 1981 3598 carnalem.

1308 3641 1344 3717 7.
1383 3638 1431 3714 Et
1452 3646 1560 3716 datur
1580 3644 1807 3716 servantibus
1828 3668 1966 3716 merces
1985 3643 2170 3740 corporalis,

1202 3746 1405 3837 puniuntur
1421 3743 1471 3834 hi,
1496 3751 1560 3843 qui
1576 3749 1727 3836 violant,
1750 3747 1841 3820 sicut
1860 3748 1899 3817 in
1914 3743 2081 3823 historiis
2088 3742 2171 3819 ttae

1202 3862 1358 3943 apparet.

1305 3968 1341 4039 8.
1384 3966 1484 4061 Ergo
1499 3968 1601 4064 pueri
1617 3983 1654 4042 11
1676 3969 1838 4041 carnales
1850 3993 1981 4042 omnes
1993 3985 2080 4043 sunt
2091 3984 2171 4041 cuer

1202 4071 1306 4143 cendi
1330 4071 1394 4142 ista
1422 4074 1581 4158 iusticia,
1612 4087 1646 4145 et
1665 4072 1839 4154 docendi,
1871 4073 1989 4144 donec
2015 4069 2171 4141 1111101111

1201 4176 1407 4260 doceantur,
1430 4177 1521 4249 sicut
1537 4177 1728 4248 etarborer
1740 4173 1907 4265 plantari,
1932 4195 2040 4264 agros
2055 4167 2172 4244 conseri

1200 4290 1351 4369 oportet.

1301 4393 1338 4469 9.
1378 4392 1504 4490 Neque
1533 4418 1619 4465 1110
1646 4417 1826 4465 meremur
1853 4407 1916 4466 aut
1944 4392 2173 4464 remissionem

1199 4511 1441 4589 peccatorum,
1465 4510 1528 4568 aut
1549 4496 1725 4591 Spiritum
1744 4511 1925 4584 sanctum,
1950 4496 2091 4569 iusticia
2112 4515 2172 4565 car·

1199 4599 1285 4669 nali.

1304 4724 1362 4796 10.
1400 4720 1472 4794 Sed
1486 4722 1561 4808 lex,
1585 4747 1684 4793 mors
1699 4736 1733 4794 et
1747 4721 1972 4806 afflictiones,
1995 4746 2085 4819 quas
2098 4743 2171 4792 con·

1197 4825 1288 4896 tinet
1311 4827 1385 4910 lex,
1410 4839 1492 4896 sunt
1513 4826 1701 4897 ordinatae
1720 4828 1764 4896 acl
1782 4822 2031 4896 humiliandus
2043 4832 2170 4911 uoe,et

1198 4930 1440 5000 ostensionem
1462 4929 1604 5020 peccati.

1302 5047 1360 5116 11.
1396 5043 1428 5115 ls
1445 5058 1495 5115 est
1512 5068 1618 5115 verus
1634 5068 1719 5115 usus
1735 5059 1768 5117 et
1792 5044 1989 5138 spiritualis
2012 5046 2110 5138 legis.

1301 5168 1358 5239 12.
1392 5161 1447 5234 De
1462 5188 1533 5257 quo
1549 5163 1634 5233 dicit
1650 5162 1801 5235 Paulus:
1826 5162 1899 5234 Lex
1913 5179 1964 5238 est
1978 5161 2172 5261 spiritualis¹

1166 5300 1169 5317 ·
1194 5266 1229 5335 id
1249 5281 1320 5353 est,
1345 5265 1530 5361 spirituale
1546 5265 1731 5353 iudicium,
1755 5289 1952 5357 coarguens
1967 5267 2168 5366 impietate!

1163 5324 1170 5439 i
1193 5370 1330 5456 cordis,
1356 5393 1462 5465 quam
1479 5368 1570 5440 ratio
1585 5392 1659 5441 nou
1674 5383 1788 5463 potest
1810 5391 1967 5447 cernere.
