4680 6038
149 234 226 307 sos
817 272 835 303 ,.
902 204 1412 295 -orsrurartottss
2114 218 2188 299 ω.

255 399 318 471 28.
351 391 518 483 Christus
530 392 696 465 Pontifex
706 391 823 483 placet
840 412 905 482 per-
919 413 967 474 se,
994 403 1029 464 et
1044 390 1149 462 offert
1300 387 1364 465 40.
1389 382 1469 461 -Nee
1482 384 1582 463 aliud
1595 388 1710 461 maius
1732 391 1944 465 beneficium
1965 389 2106 467 habeut
2127 390 2186 469 bo·

153 529 253 579 suam
270 500 508 577 obedientiam
528 494 645 581 Patri,
669 496 732 567 sad
744 516 809 587 pro
824 493 916 575 aliis.
1200 493 1333 580 mines,
1359 514 1467 587 qoam
1482 493 1538 565 ius
1551 493 1755 577 sacerdotii,
1780 518 1852 589 que
1864 498 1956 571 liunt
1969 496 2189 591 proprieblii

256 602 319 680 24.
348 590 487 687 Sancti,
513 598 579 670 etsi
592 612 676 673 sunt
690 595 915 677 Sacerdotes,
943 606 1061 667 tameo
1075 616 1151 668 aon
1200 592 1270 668 Dei
1285 609 1321 666 ct
1336 595 1509 682 cultores,
1528 608 1562 669 et
1575 595 1740 690 proprius
1757 599 1912 691 populus
1925 596 2006 670 Dei.

157 713 298 804 placant
311 729 375 801 per
388 729 444 793 se,
463 703 529 775 *sed
547 698 827 796 perPootificem
839 693 1046 782 Christum,
1070 720 1152 769 curn
1304 695 1367 770 41.
1398 692 1477 768 lloc
1492 718 1669 771 summum
1688 698 1898 772 beneficium
1921 702 2102 774 abiiciunt
2126 702 2191 791 isti,

159 815 225 883 lide
243 808 423 905 accipiunt
437 808 591 889 iructum
605 801 770 881 sacrificii
787 797 935 877 Christi.
1202 801 1265 895 qui
1279 823 1354 873 non
1368 800 1556 889 invocant,
1580 799 1645 896 qui
1656 802 1855 895 desperant.

259 908 322 986 ²5.
354 908 518 981 Christus
534 905 697 979 Pontifex
721 898 828 975 habet
846 917 1028 999 utrunque
1046 903 1155 975 sacri·
1306 898 1369 978 tt.
1402 899 1523 999 Quare
1535 916 1680 975 utamur
1695 900 1962 994 beneficioDei,
1984 920 2022 979 et
2036 907 2119 981 ime
2133 930 2191 977 uo-

159 1015 278 1089 licium
294 1015 490 1107 proprium.
689 1034 693 1041 ·
1204 1004 1260 1076 bis
1274 1004 1425 1085 donato,
1451 1018 1485 1078 ct
1500 1000 1725 1080 exhibeamus
1740 1023 1878 1082 nostras
1889 1004 2044 1096 hostias,
2070 1009 2191 1081 videli-

260 1116 325 1193 26.
357 1114 484 1189 Sancti
498 1136 574 1184 non
588 1107 723 1184 habent
738 1110 926 1205 proprium
946 1108 1155 1181 sacrificium
1204 1122 1258 1179 cet
1293 1108 1417 1193 fidem,
1468 1109 1750 1199 invocationem,
1792 1114 1986 1205 gratiarum
2016 1112 2192 1199 actionem,

160 1218 467 1315 propiciatorium.
524 1213 598 1288 Nec
620 1214 765 1307 placant
787 1236 851 1285 suo
873 1213 1062 1297 sacrificio,
1093 1211 1155 1281 sed
1205 1209 1463 1297 obedientiam,
1486 1211 1584 1283 iuxta
1597 1215 1763 1285 mandata
1777 1214 1858 1287 Dei.

161 1324 300 1410 alieno,
325 1322 424 1416 quod
436 1334 557 1393 tamen
571 1340 687 1411 neque
704 1314 774 1408 ipsi
789 1316 967 1397 offerunt,¹
990 1316 1051 1385 sed
1074 1328 1155 1387 tan-
1308 1310 1370 1386 48.
1404 1308 1482 1387 Etsi
1498 1338 1589 1408 aqua
1606 1310 1787 1408 sphaerica
1801 1331 1871 1404 est,
1896 1331 2018 1391 tamen
2042 1317 2156 1386 lineae
2173 1340 2191 1387 a

160 1439 237 1497 tum
252 1424 433 1518 accipiunt
449 1423 518 1493 fide
533 1422 688 1491 fructum
704 1418 815 1488 alieni
830 1417 1007 1491 sacrificii.
1207 1425 1328 1486 centro
1355 1416 1480 1487 ductae
1502 1418 1548 1488 ad
1571 1416 1750 1511 proximas
1773 1442 1881 1515 aquas
1904 1419 2092 1491 breviores
2107 1433 2190 1505 suot,

266 1525 328 1599 27.
360 1524 481 1598 Sancti
499 1519 632 1594 babent
653 1521 798 1613 propria
819 1521 987 1595 sacrificia
1010 1514 1157 1613 εὔχαρι·
1208 1540 1312 1613 quam
1344 1540 1434 1613 quae
1466 1521 1512 1589 ad
1542 1533 1736 1594 extremum
1758 1547 1874 1611 mare,
1906 1521 2080 1615 aprimis
2103 1521 2190 1617 aquit

164 1624 292 1714 στικὰ,
326 1652 417 1721 quae
432 1627 551 1698 valent
565 1636 712 1719 propter
732 1624 856 1712 fidem,
888 1646 963 1695 uon
985 1645 1027 1692 ex
1052 1642 1159 1713 opere
1208 1622 1407 1707 ducuntur,
1432 1635 1473 1693 ot
1487 1618 1628 1695 Plinius
1642 1623 1701 1701 ait.

161 1744 318 1823 operato.
449 1756 452 1761 ’

266 1833 329 1907 28.
361 1829 511 1903 Nullum
528 1841 580 1902 cst
594 1830 690 1900 enim
706 1829 790 1900 novi
807 1826 1027 1900 Testamenti
1049 1826 1158 1897 sacri·
1234 1856 1358 1959 (XL.)
1396 1864 1503 1937 ma
1529 1861 1822 1958 disputatio:
1862 1865 1912 1939 de
1936 1867 2168 1938 poenitentia

165 1938 344 2113 ficiurrppp
358 1945 649 2119 ‹Shhreshhlllclh
686 2029 756 2105 hoc
775 1992 845 2120 est,
878 2034 972 2105 bona
995 2054 1102 2124 opera
1125 2043 1159 2101 et
1316 1967 1521 2059 'mm'
1574 1970 1679 2059 (ΟΨ
1695 1972 1790 2038 Bou.
1808 1973 1847 2042 T.
1865 1971 1927 2038 111.
1952 1997 1985 2057 t·
2001 1972 2096 2053 Μ’)

164 2138 518 2212 adflictionesvalent
533 2137 737 2230 perfidem,
763 2158 844 2207 cum
860 2139 967 2207 corda
983 2148 1158 2227 perterre·
1207 2116 1410 2205 Novatiani
1438 2157 1513 2204 non
1541 2148 1635 2206 recte
1657 2151 1862 2221 senserunt,
1894 2134 2044 2227 relapsis
2065 2144 2189 2225 peecata

163 2244 253 2313 lacta
271 2241 476 2332 eriguntur,
501 2250 537 2310 et
551 2241 701 2310 credunt
717 2260 757 2309 ea
772 2238 911 2331 placere
918 2240 999 2310 Deo
1014 2249 1163 2330 propter.
1209 2237 1339 2307 iterum
1357 2260 1432 2305 non
1447 2237 1590 2312 remitti.

163 2338 359 2417 Christum.
1311 2339 1349 2407 2.
1380 2333 1494 2408 Error
1509 2339 1594 2409 inde
1613 2354 1717 2412 natus
1739 2353 1808 2425 est,
1833 2339 1930 2433 quod
1950 2361 2026 2407 non
2042 2336 2189 2405 animad-

266 2446 328 2517 80.
364 2442 450 2514 Ideo
464 2440 599 2514 Paulus
613 2442 764 2537 requirit
779 2438 931 2542 λογικὴν
944 2438 1129 2538 λατρείαν.
1210 2452 1414 2524 verterunt,
1440 2441 1525 2534 quid
1543 2438 1726 2534 Scriptura
1742 2454 1843 2513 vocet
1859 2454 2050 2533 peccatum.

268 2547 330 2620 81.
373 2539 520 2643 Λογικὴ
543 2542 694 2639 λατρεία
715 2556 767 2616 est
789 2545 908 2616 cultus
932 2545 1081 2631 mentis,
1121 2546 1159 2614 in
1313 2540 1348 2615 8.
1381 2541 1619 2616 'somniarunt
1644 2544 1740 2614 enim
1762 2556 1903 2639 peccata
1927 2542 2040 2612 vocari
2061 2552 2184 2611 tantum

166 2668 362 2741 quomens
384 2646 498 2717 cernit
520 2659 555 2718 et
576 2646 746 2736 iutelligit
765 2645 888 2717 Deum
912 2670 976 2739 per
999 2650 1160 2733 verbum,
1211 2657 1354 2716 externa
1369 2645 1564 2717 malefacta.

19 2752 23 2759 '
165 2744 235 2821 hoc
252 2765 323 2837 est,
349 2745 458 2821 habet
475 2747 647 2835 timorem.
654 2761 690 2821 et
704 2748 823 2819 iidem.
1314 2744 1350 2816 λ.
1380 2742 1430 2818 At
1446 2761 1628 2837 peccatum
1643 2747 1817 2840 significat
1840 2770 1916 2818 non
1939 2758 2082 2818 tantum
2096 2764 2189 2835 opera

269 2852 332 2926 32.
371 2848 582 2943 Opponitur
614 2851 723 2941 igitur
751 2845 880 2948 λαγικὴ
911 2846 1062 2948 λατρεία
1086 2874 1160 2920 non
1212 2848 1323 2933 mala,
1348 2849 1532 2919 sedetiam
1548 2862 1712 2925 naturam
1726 2850 1896 2921 viciosam
1910 2862 2095 2923 vaeaotem
2108 2854 2189 2913 mett

167 2953 283 3021 solum
297 2953 458 3045 pecuinis
475 2952 646 3037 victimis,
671 2954 861 3023 sedetiam
885 2946 1055 3023 humanis
1077 2977 1161 3045 ope·
1211 2950 1299 3037 Dei,
1324 2950 1413 3036 lide,
1438 2973 1479 3019 ac
1495 2953 1828 3045 concupiscentiam.

167 3052 267 3123 ribus
283 3055 361 3125 sine
381 3055 509 3139 verbo,
533 3050 685 3140 hocest,
710 3056 878 3125 mandato
892 3055 962 3125 Dei
982 3056 1101 3138 lactis,
1127 3069 1161 3126 ct
1315 3048 1351 3128 5.
1388 3050 1588 3125 Prudenter
1609 3057 1718 3147 igitur
1740 3053 1946 3146 accipienda
1974 3065 2029 3123 est
2055 3044 2185 3139 vulgarit

167 3155 207 3223 in
236 3177 364 3245 genere
387 3156 583 3250 opponitur
605 3156 773 3228 omuibus
795 3152 962 3228 humanit
983 3159 1163 3252 operibus,
1212 3155 1402 3228 sententia:
1428 3153 1614 3230 Peccatum
1635 3148 1704 3228 nisi
1724 3154 1969 3225 voluntarium
1992 3166 2103 3233 esset,
2131 3170 2187 3219 uon

167 3257 206 3327 in
222 3258 351 3352 quibus
369 3260 498 3329 desunt
512 3258 620 3329 timor
635 3273 671 3330 et
682 3260 779 3330 fides.
1213 3272 1303 3331 esset
1319 3273 1515 3351 peccatum.

271 3361 333 3435 88.
360 3358 475 3453 Igitur
489 3385 595 3452 opera
611 3362 845 3433 traditionum
860 3357 1113 3446 humanarum,
1130 3377 1162 3435 et
1317 3360 1351 3433 6.
1383 3358 1434 3433 Ut
1455 3380 1592 3450 semper
1614 3352 1787 3431 habemus
1809 3373 1970 3452 peccata,
1996 3360 2051 3431 ita
2073 3374 2188 3449 semper

165 3464 382 3535 monasticae
416 3464 683 3535 observationes
714 3487 788 3531 non
823 3483 907 3535 sunt
939 3459 1068 3562 λογικὴ
1099 3469 1164 3535 λα·
1214 3485 1303 3555 opus
1319 3458 1490 3532 habemus
1508 3460 1716 3532 remissione
1729 3475 1965 3555 pcccatorum.

165 3559 281 3659 rpet'o.
1316 3565 1353 3637 7.
1387 3559 1541 3657 Oportet
1555 3564 1664 3653 igitur
1678 3579 1848 3657 perpetuo
1864 3558 2186 3655 contingereremit·

270 3664 331 3737 34.
364 3664 438 3736 Nec
452 3665 522 3735 alia
538 3665 715 3749 exercitia,
739 3688 805 3736 nec
820 3666 1063 3747 adflictiones,
1087 3669 1166 3737 sine
1216 3667 1353 3737 sionem
1368 3679 1608 3758 pcccatorum,
1634 3667 1738 3737 etiam
1755 3691 1836 3738 cum
1860 3679 2006 3737 esterna
2028 3662 2181 3734 malefacta

167 3766 296 3836 timore
315 3779 350 3837 ct
362 3765 439 3836 sine
453 3764 523 3837 fide
543 3767 809 3838 misericordiae
823 3763 977 3854 Christi,
1003 3783 1087 3841 sunt
1109 3794 1164 3840 sa·
1214 3792 1289 3841 nou
1306 3761 1510 3840 habeamus.

167 3865 309 3941 crificia.
1316 3870 1351 3944 8.
1383 3865 1518 3940 Errant
1530 3868 1675 3940 fanatici
1690 3862 1870 3952 homines,
1896 3863 2187 3961 quiChristiansn

269 3968 333 4046 85.
374 3967 496 4041 Sancti
528 3970 568 4039 in
600 3969 711 4039 veteri
737 3967 966 4045 Testamenta
996 3976 1052 4046 usi
1081 3990 1164 4047 sunt
1215 3974 1394 4045 iusticiam
1422 3984 1559 4043 tantum
1584 3984 1746 4043 externos
1765 3993 1885 4043 mores
1906 3971 2033 4041 civiles
2054 3994 2127 4041 esse
2147 3970 2189 4035 iu·

168 4070 378 4145 ceremoniis
413 4072 518 4162 legis,
567 4071 666 4142 velut
695 4068 953 4163 Sacramentis,
996 4070 1065 4150 hoc
1101 4093 1164 4164 est,
1213 4077 1345 4149 dicent.

167 4176 276 4265 signis
290 4175 403 4247 sutori
419 4168 574 4258 Christi,
599 4185 636 4243 et
649 4174 903 4265 praestiterunt
920 4192 1088 4275 tanquam
1106 4204 1162 4251 sa·
1316 4175 1354 4246 9.
1384 4173 1534 4247 Publica
1550 4175 1769 4267 poenitentia
1784 4177 2027 4268 spectaculum
2041 4176 2122 4261 suit,
2134 4192 2189 4241 ott

167 4276 296 4346 crificia
312 4270 570 4369 εὐχαριστικᾶ,
594 4275 637 4344 ad
653 4280 914 4367 protestandam
932 4282 1038 4354 fidem
1052 4306 1163 4358 suam.
1212 4282 1281 4354 suit
1297 4277 1530 4373 poenitentia.

269 4378 331 4454 86.
361 4376 476 4448 Nemo
499 4372 607 4448 habet
631 4377 687 4448 ius
710 4382 920 4470 sacerdotii,
954 4386 1025 4458 nisi
1050 4382 1161 4458 aDeo
1317 4381 1376 4454 10·
1411 4379 1484 4450 Nec
1498 4402 1638 4451 necesse
1655 4394 1706 4453 etl
1722 4381 1881 4452 revocari
1904 4381 1942 4449 ld
1965 4379 2195 4473 melitum

166 4481 303 4551 datum.
1212 4485 1251 4554 in
1268 4480 1479 4557 Ecclesiam.

269 4578 329 4650 87.
373 4576 458 4649 Ideo
481 4601 588 4650 nemo
608 4596 719 4672 potest
751 4587 890 4677 placare
912 4586 1048 4673 Deum,
1091 4590 1160 4658 nisi
1315 4586 1374 4660 11.
1400 4582 1623 4654 Poeniteotia
1641 4580 1783 4673 proprie
1798 4596 1849 4654 est
1861 4584 2044 4665 contritio,
2069 4607 2111 4655 ac
2124 4582 2196 4651 fides

166 4683 355 4754 autoritate
371 4681 513 4763 divina,
539 4677 607 4755 hoc
626 4700 693 4770 est,
721 4687 788 4756 nisi
808 4703 842 4759 ct
858 4692 1065 4761 mandatum
1082 4693 1161 4784 pla·
1210 4688 1248 4758 in
1266 4686 1483 4759 contritione
1500 4684 1638 4773 erigens
1654 4699 1689 4756 et
1703 4687 1902 4757 consolans.

167 4786 292 4867 candi,
318 4796 353 4855 et
368 4782 639 4873 promissionem
660 4781 800 4864 haheat.
1314 4791 1373 4861 12.
1406 4786 1736 4882 imprudentissime
1752 4787 1862 4859 locuti
1876 4801 1961 4859 suot
1975 4784 2144 4857 canone·
2159 4784 2197 4853 ds

269 4886 331 4959 88.
363 4880 455 4955 Cum
470 4898 587 4958 autem
604 4914 669 4961 uos
692 4887 887 4965 habeamus
911 4895 1159 4965 testimonium
1209 4891 1448 4984 poenitentia,
1481 4889 1545 4983 qui
1569 4889 1705 4959 nullam
1726 4888 1779 4961 ibi
1800 4889 2022 4962 mentionem
2048 4889 2134 4961 lidei
2154 4888 2199 4957 te·

167 4987 204 5054 in
231 4987 433 5077 scripturis,
479 4992 574 5082 quod
606 4993 717 5065 simus
739 4996 969 5082 Sacerdotes,
1010 5010 1161 5069 testatur
1207 5009 1346 5067 cerunt.

165 5085 357 5175 scriptura,
381 5091 477 5183 quod
492 5092 549 5163 ius
565 5088 759 5169 habeamus
780 5098 946 5190 placandi
971 5112 1004 5170 et
1027 5104 1157 5172 orandi
1313 5098 1373 5172 13.
1404 5092 1475 5169 Sed
1492 5117 1537 5163 ne
1554 5117 1688 5163 novum
1706 5095 1833 5178 dogma
1851 5092 1896 5160 tle
1911 5093 1982 5164 lide
1997 5095 2139 5165 adferre
2151 5088 2200 5157 ri·

163 5183 299 5265 Deum,
322 5207 386 5276 per
396 5187 576 5266 Christum
594 5200 697 5270 nobis
712 5203 899 5271 donatum.
1205 5199 1371 5284 deamur,
1397 5209 1491 5266 extat
1500 5192 1717 5262 Tertulliani
1736 5193 1920 5277 sententia,
1946 5218 2057 5286 qoam
2071 5192 2199 5265 adscri-

265 5284 327 5359 89.
359 5284 514 5359 Hosius
534 5301 722 5364 maximam
744 5302 1030 5375 consolationem
1053 5303 1155 5375 affert
1204 5300 1290 5362 bere
1317 5315 1392 5363 oon
1415 5293 1613 5383 gravabor,
1645 5295 1729 5386 quia
1751 5296 1838 5363 dum
1859 5295 2116 5371 iusiurandum
2136 5292 2198 5367 ltei

163 5389 335 5475 omnibus,
345 5389 414 5486 piis
428 5391 618 5467 mentibus.
1204 5408 1409 5486 exaggerat,
1434 5392 1582 5465 mirifice
1599 5394 1703 5486 erigit
1720 5395 1969 5469 conscientias.
