4680 6038
150 226 223 297 eut
712 192 875 277 DECL.
917 186 995 269 DS
1031 184 1194 273 LUDO
1242 181 1346 275 100
1380 181 1641 264 BAVARO.
2118 186 2191 265 eea

152 400 230 491 tta.
242 390 343 465 «aetia
369 406 441 455 nrm
462 388 600 461 tantum
617 368 811 445 seditiones
822 364 982 461 pariebat
996 376 1033 434 et
1046 362 1154 447 bella,
1204 382 1358 455 quoram
1373 357 1477 428 nobis
1492 359 1625 447 gratior
1640 359 1686 430 sit
1699 361 1919 449 recordatio,
1947 362 2035 456 quia
2050 355 2190 434 biclin-

156 498 217 579 ted
243 490 349 569 actitem
374 484 501 561 resectus
522 476 658 549 attimar
680 470 902 553 trucidabat,
925 464 1011 557 quia
1030 460 1157 535 Ecclo-
1206 457 1363 553 dulpbus
1389 460 1560 549 templum
1590 461 1710 552 prius,
1742 465 1840 556 quod
1862 463 1903 534 iu
1925 458 1995 534 hoe
2018 462 2189 554 incoluit,

160 594 233 689 dee
266 580 558 671 distrahebantur
591 574 742 649 fulmine
772 568 967 664 pontificio.
1015 563 1156 651 Interea
1206 564 1269 634 ubi
1284 559 1369 632 baec
1386 563 1499 631 oratio
1517 558 1667 634 babetur
1683 564 1862 649 condidit,
1887 579 1922 636 et
1938 566 2035 657 apud
2050 577 2189 635 matren

158 690 365 791 {ananum
1196 666 1317 735 bliaut
1332 658 1521 755 Rudolpbi
1537 665 1767 757 Imperatoris
1791 667 1828 734 in
1847 661 1915 737 hoc
1930 668 2068 760 oppido
2080 667 2189 757 sepul·

240 804 439 885 litaniaeque
455 796 577 867 velens,
604 803 784 866 causamque
799 780 954 841 tuentibut
969 781 1071 853 mult.
1208 781 1264 839 1⁰⁸
1282 781 1346 840 ⁸⁸¹·
1397 763 1505 836 Hunc
1528 780 1673 859 propiet
1695 768 1942 857 cognationem
1964 782 1999 840 et
2015 780 2187 860 praestar-

162 904 228 989 ptei
265 893 473 971 delectanda,
513 879 695 977 pontificio
724 878 875 947 fulmine
906 860 941 943 e't
970 871 1157 943 seditioso·
1208 868 1334 940 tissimi
1357 869 1413 936 avi
1430 864 1616 961 Rudolphi
1632 868 1859 962 Imperatoris
1873 871 2084 942 memoriam
2099 892 2186 963 prte-

162 1028 246 1089 runt
275 996 381 1071 ermis
413 986 700 1081 oppugnabatur:
743 991 861 1048 tamen
890 974 976 1044 eicit
1005 975 1159 1057 tandem,
1208 972 1328 1042 tulisse
1344 968 1566 1039 Fridericum
1582 994 1657 1041 uon
1675 986 1726 1043 est
1743 972 1887 1045 mirum.

165 1117 202 1181 et
233 1104 327 1173 inter
357 1091 515 1181 exempla
545 1081 725 1154 numerari
747 1091 888 1168 potest,
928 1100 1017 1170 quae
1038 1089 1158 1144 osten·
1311 1070 1398 1141 Mox
1412 1070 1528 1142 autern
1543 1087 1621 1165 post
1636 1074 1842 1145 electionem
1859 1086 2053 1146 coronatus
2066 1073 2193 1173 θιὼ,

166 1210 259 1281 dunt
284 1202 396 1271 iustae
417 1213 540 1263 causae
564 1187 679 1255 Deum
702 1180 880 1269 opitulari.
940 1176 1035 1247 llaec
1058 1200 1158 1269 prae·
1210 1173 1357 1245 dovicus
1379 1175 1509 1244 usitato
1529 1175 1607 1245 loco
1632 1177 1825 1267 intemplo
1848 1173 2088 1270 Aquisgrani,
2119 1174 2186 1247 lii·

167 1310 263 1379 i'atus
299 1322 395 1380 sum,
434 1305 476 1362 ut
509 1289 622 1358 sciant
658 1282 816 1351 iuniores
845 1306 886 1350 ex
915 1274 982 1349 bac
1014 1274 1159 1349 historia
1210 1276 1347 1347 doricus
1363 1273 1509 1345 Bonnae
1530 1277 1668 1346 minore
1692 1278 1874 1353 comitatu.
1937 1274 1992 1348 Ac
2014 1277 2183 1350 statimir

168 1405 259 1480 disci
296 1419 398 1492 posse
430 1390 629 1462 doctrinam
658 1386 701 1452 de
732 1382 937 1453 discrimine
969 1381 1158 1449 ministerii
1210 1381 1297 1449 duas
1319 1393 1437 1471 partes
1454 1376 1646 1449 Germania
1668 1381 1771 1450 scissa
1797 1394 1862 1451 est:
1896 1376 2013 1450 Urbes
2035 1379 2183 1471 Belgicae

170 1498 365 1589 evangelici
391 1507 425 1564 et
453 1491 617 1584 politicae
645 1485 846 1577 potestatis,
887 1497 922 1552 et
943 1484 1028 1551 alias
1054 1506 1160 1575 quas·
1211 1495 1246 1550 et
1276 1492 1430 1550 caeterae
1456 1504 1568 1575 usque
1592 1483 1637 1550 ad
1659 1480 1937 1570 Argentoratum
1957 1482 2186 1553 adiunxerant

173 1609 257 1676 dam
278 1594 461 1669 doctrinae
482 1604 609 1683 partes.
667 1584 716 1657 Ut
739 1599 855 1655 autern
880 1586 1159 1673 disputationum
1210 1607 1247 1654 se
1263 1581 1466 1666 Ludovico,
1491 1597 1526 1652 et
1547 1583 1656 1653 vicini
1673 1581 1874 1675 Principes,
1899 1584 1994 1654 inter
2015 1607 2109 1678 quos
2126 1584 2186 1653 rir-

175 1721 211 1777 et
237 1697 437 1771 occasiones
464 1707 498 1762 et
528 1690 678 1760 varietas
702 1687 813 1777 magis
838 1686 991 1775 intelligi
1016 1687 1162 1776 possint,
1212 1697 1286 1756 tute
1308 1699 1343 1755 et
1365 1685 1551 1755 autoritate
1573 1686 1777 1756 antecelluit
1795 1683 1998 1757 Fridericus
2021 1684 2187 1777 Burggrr·

176 1801 363 1876 historiam
380 1794 536 1866 breviter
552 1789 718 1863 recitabo·
1212 1787 1291 1858 vius
1306 1785 1584 1876 Noribergcnsis.
1635 1785 1749 1858 Urbes
1762 1785 1964 1858 Helveticae
1973 1794 1990 1873 ,'
2010 1811 2105 1881 quae
2118 1802 2188 1859 teuc

278 1897 518 1970 Pulcerrimus
538 1894 689 1966 Senatus
711 1889 750 1957 in
772 1913 898 1979 genere
921 1884 1078 1962 humano
1101 1906 1163 1977 est,
1211 1889 1489 1979 Imperatoribus
1504 1889 1634 1960 nostris
1647 1890 1818 1980 parebant
1839 1904 1873 1959 et
1894 1889 2088 1985 pleraeque
2102 1884 2189 1963 Rbe-

177 2002 383 2079 Electorum
400 1996 610 2079 eonsilium,
635 2009 668 2065 et
682 2005 724 2061 ut
746 1990 856 2062 aDeo
874 2007 1033 2064 servetur
1051 2008 1084 2065 et
1099 2017 1163 2083 gu-
1213 1992 1302 2062 ticae
1329 2004 1363 2061 et
1395 1989 1500 2061 Ulma
1524 1989 1746 2062 Fridericum
1768 2004 1989 2083 receperunt.
2042 1989 2191 2086 Uterque

177 2108 348 2179 bernetnr
369 2100 564 2193 optandum
586 2110 648 2165 est.
700 2089 749 2164 Et
770 2117 872 2185 saepe
895 2093 1163 2184 proluitliuro-
1215 2093 1319 2162 etiam
1339 2092 1489 2162 externis
1504 2094 1645 2162 auxiliis
1659 2118 1695 2163 se
1711 2094 1943 2166 confirmavit
1997 2091 2192 2165 Fridericnt

178 2231 245 2303 pac
269 2206 343 2275 eius
365 2202 518 2274 Senatus
540 2195 739 2268 concordia.
791 2195 861 2266 Sed
883 2209 967 2266 tuuc
989 2198 1163 2267 discordia
1213 2194 1403 2285 ilungaros
1425 2195 1618 2269 accersivit.
1680 2194 1884 2266 Ludovicus
1906 2190 2109 2267 iohannem
2129 2193 2193 2289 Rc·

180 2307 299 2380 nescio
317 2328 337 2374 a
358 2305 488 2398 quibus
511 2313 604 2382 orta,
637 2299 757 2386 magni
778 2297 935 2366 incendii
957 2323 1059 2369 causa
1081 2301 1162 2370 suit.
1214 2320 1291 2387 gem
1306 2295 1534 2367 Boiemornm
1559 2298 1675 2367 virum
1694 2297 1909 2367 industrium
1929 2312 1963 2369 et
1980 2299 2195 2382 bellicosum,

180 2408 314 2480 Verum
336 2406 492 2495 suspicor
513 2427 534 2471 a
555 2396 713 2469 Iohanne
736 2397 832 2487 Rege
848 2397 1027 2469 Boiemiae
1049 2416 1163 2471 ortam
1214 2399 1276 2490 qui
1305 2400 1388 2468 odio
1417 2395 1596 2469 Austriaci
1627 2401 1738 2488 magis
1766 2395 1862 2469 hunc
1892 2400 2050 2486 adiuvit,
2092 2423 2193 2495 wem

180 2533 276 2589 esse,
302 2508 366 2599 qui
386 2504 572 2577 Austriaco
597 2499 763 2570 inimicus
785 2514 870 2571 erat.
922 2499 1032 2572 Anno
1056 2503 1164 2592 igitur
1214 2499 1378 2589 Hungari
1398 2502 1650 2573 adversarium.
1709 2500 1844 2572 Tenuit
1864 2500 2051 2593 imperium
2071 2500 2192 2573 Ludo-

180 2609 371 2685 millesimo
406 2602 649 2677 trecentesimo
687 2603 970 2694 quartodecimo,
1020 2608 1165 2676 ardente
1214 2602 1311 2672 vicus
1329 2626 1442 2672 annos
1458 2616 1528 2673 tres
1545 2617 1578 2674 et
1594 2603 1759 2694 triginta,
1784 2616 1945 2674 mortuus
1959 2605 2000 2673 in
2012 2604 2193 2675 venatione

178 2712 326 2787 Cometa
346 2723 379 2780 et
400 2708 586 2778 minitante
608 2717 774 2773 venturas
791 2703 906 2773 clades
919 2730 1038 2776 mense
1053 2704 1166 2778 Octo-
1214 2727 1309 2774 anno
1334 2704 1586 2791 climacterico,
1616 2704 1828 2795 sexagesimo
1851 2706 1956 2777 tertio
1981 2705 2105 2778 aetatis
2118 2727 2197 2777 suae

182 2809 452 2896 briElectores,
476 2804 912 2895 MoguntinusetTrevir.
934 2821 968 2877 et
990 2804 1165 2879 lohannes
1215 2829 1331 2887 anno,
1363 2821 1484 2898 pacata
1508 2804 1713 2878 Germania.
1763 2805 1855 2877 Nam
1877 2807 1943 2878 etsi
1962 2831 2041 2878 non
2060 2807 2195 2879 detine·

181 2915 260 2990 tter
275 2912 465 2992 Boiemiae,
489 2923 523 2980 et
537 2903 702 2977 Marchio
718 2904 1165 2998 BraudeburgensisWol-
1215 2908 1275 2977 bat
1290 2907 1455 2979 Pontifex
1475 2910 1595 2979 moliri
1617 2934 1709 2980 nova
1730 2911 1841 2980 bella:
1867 2923 2087 2981 tamencum
2102 2909 2196 2983 toties

183 3022 367 3099 (lemarus,
398 3014 533 3103 eligunt
556 3007 807 3098 Imperatorem
833 3008 967 3105 Ducem
991 3009 1165 3082 Bavariac
1215 3009 1373 3092 vicisset,
1405 3023 1439 3080 et
1461 3012 1744 3082 benevolentiam
1773 3012 1966 3082 multorum
1993 3009 2194 3105 Principum

180 3114 422 3200 Ludovicum,
455 3112 582 3183 caeteri
599 3108 778 3181 Electores
801 3111 840 3181 in
861 3115 983 3182 eodem
1002 3138 1164 3185 consessu
1215 3124 1250 3181 et
1278 3111 1459 3182 civitatum
1490 3113 1626 3184 iusticia
1649 3127 1683 3184 et
1703 3113 1948 3184 moderatione
1970 3114 2194 3187 victoriarum

180 3216 423 3296 Coloniensis,
450 3213 632 3283 Palatinus
646 3209 862 3302 Rudolphus
876 3214 1164 3285 fraterLudovici
1216 3229 1422 3286 consecutus
1449 3230 1554 3301 esset,
1585 3217 1648 3310 qui
1670 3229 1705 3287 et
1727 3210 1938 3308 ἀμνηστίαν
1960 3215 2127 3287 omniurn
2143 3216 2196 3285 io-

181 3312 444 3410 etRudolphus
463 3312 750 3398 DuxSaxoniae,
775 3315 954 3404 elegerunt
970 3315 1165 3410 imperato·
1216 3316 1389 3385 iuriarum
1415 3331 1595 3402 sanxerat,
1627 3343 1732 3388 nemo
1752 3318 1784 3387 ei
1809 3318 1943 3388 bellurn
1968 3318 2104 3389 inferre
2122 3332 2195 3391 tou·

180 3445 255 3493 rem
271 3419 496 3492 Ftidet'icum
511 3413 750 3487 Ambiacum·
1216 3419 1296 3486 dem
1318 3419 1479 3493 audebat.
1539 3419 1742 3491 Fridericus
1765 3444 1860 3489 anno
1884 3433 2009 3490 octavo
2030 3435 2113 3512 post
2131 3419 2195 3490 ele-

282 3515 397 3590 Erant
410 3517 612 3587 Ludovicus
629 3510 1076 3606 etRudolphusPalatinus
1090 3516 1167 3588 nati
1216 3517 1369 3588 ctionem
1383 3521 1457 3590 acie
1469 3518 1580 3591 victus
1595 3538 1646 3593 est
1660 3536 1694 3592 et
1708 3522 1863 3592 triennio
1876 3521 1916 3591 in
1932 3545 2072 3593 carcere
2086 3535 2194 3596 reten-

185 3649 227 3696 ex
249 3621 356 3694 amita
377 3617 551 3688 Friderici
575 3612 763 3688 histriaci.
814 3614 884 3686 Sed
905 3640 967 3687 cur
982 3620 1166 3689 consobri-
1217 3633 1291 3706 tus,
1313 3645 1377 3689 nec
1395 3622 1457 3692 diu
1473 3638 1591 3714 postea
1609 3625 1707 3699 vixit.

182 3746 272 3796 num
284 3719 386 3791 tratri
400 3716 619 3810 praetulerit,
648 3716 776 3785 nescio.
827 3714 944 3803 Quam
966 3743 1049 3789 vero
1066 3744 1181 3815 aegre·
1317 3719 1385 3791 His
1408 3738 1487 3794 octo
1505 3726 1609 3795 anais
1624 3728 1742 3797 variae
1757 3726 1848 3797 vices
1863 3729 2029 3810 suerunt,
2054 3725 2195 3797 dimica·

183 3824 306 3898 tulerit
319 3819 522 3891 Ludovicus
535 3817 654 3887 fratris
666 3811 852 3907 Rudolphi
868 3819 1166 3911 suffragationem,
1216 3835 1291 3892 turn
1306 3837 1358 3894 est
1372 3825 1572 3918 aliquoties,
1598 3841 1633 3898 et
1648 3829 1813 3900 induciae
1826 3830 1937 3898 factae
1951 3840 2048 3911 sunt,
2075 3841 2111 3899 et
2122 3840 2195 3897 ten·

184 3948 298 4022 poena
321 3921 492 4005 ostendit,
523 3919 607 4013 quia
625 3918 718 3987 intra
733 3918 918 3988 biennium
933 3936 1013 4013 post
1024 3923 1166 3994 electio·
1216 3936 1307 3994 tatae
1330 3926 1609 4019 pacificationes‚
1635 3955 1714 4000 com
1732 3925 1870 4001 honesti
1886 3952 2009 4001 omnes
2025 3930 2195 4007 dolerent,

183 4051 266 4100 nem
280 4024 417 4116 expulit
433 4045 569 4093 eumer
585 4019 708 4112 patria.
758 4015 937 4111 Expulsus
950 4019 1166 4116 Rudolphus
1216 4037 1251 4095 et
1267 4023 1450 4119 Principes
1469 4045 1635 4119 cognatos
1657 4028 1774 4127 (erant
1794 4033 1889 4101 enim
1905 4031 2113 4102 consobrini
2128 4030 2196 4102 Lu·

183 4131 274 4220 iugit
306 4129 344 4196 iu
366 4123 552 4215 Angliam,
585 4122 648 4191 nbi
681 4120 761 4190 exul
790 4135 868 4212 post
895 4146 1007 4193 annos
1030 4125 1166 4219 aliquot
1215 4128 1361 4198 doricus
1377 4144 1410 4200 et
1428 4129 1650 4228 Fridericus)
1667 4133 1765 4203 sitire
1780 4148 1966 4224 cognatum
1981 4133 2196 4223 sanguinem,

184 4238 422 4302 mortuusest.
455 4224 618 4298 Coniunx
633 4218 908 4304 eiusMechilda,
926 4226 997 4295 iilia
1010 4224 1165 4319 impera·
1216 4240 1249 4297 et
1264 4244 1416 4300 caeteros
1430 4234 1543 4322 pollui
1558 4235 1878 4306 innumerabilibus
1893 4236 2107 4327 parricidiis.
2153 4229 2196 4304 Et

184 4331 273 4405 toris
294 4322 473 4418 adolphi,
504 4348 584 4394 curn
612 4323 694 4394 tiliis
717 4322 757 4392 in
783 4319 927 4396 Austria
951 4343 1165 4400 commorata
1214 4331 1332 4400 statim
1356 4334 1459 4403 initio
1480 4336 1628 4407 recitare
1649 4337 1755 4422 libet,
1780 4339 1876 4431 quod
1899 4338 1937 4405 in
1959 4332 2026 4405 bac
2049 4350 2124 4406 tota
2142 4329 2196 4407 bi·

184 4446 256 4516 est,
288 4429 352 4501 ubi
374 4451 454 4497 cum
477 4425 515 4493 in
539 4424 643 4494 exilio
666 4439 806 4531 rnogtua
829 4440 937 4512 esset,
962 4427 1165 4500 Ludovicns
1214 4433 1322 4501 storia
1353 4436 1609 4526 sapientissime
1632 4440 1865 4509 deliberatum
1885 4451 1947 4508 est.
1996 4435 2193 4507 Pacibeatio

182 4532 302 4606 fratris
322 4528 415 4598 lilios
431 4528 474 4597 ad
489 4525 734 4607 serevocavit,
759 4526 878 4622 eisque
895 4526 1165 4622 Heidelbergam
1214 4532 1264 4601 sic
1295 4534 1454 4606 instituta
1486 4552 1556 4623 est,
1590 4553 1631 4609 ut
1656 4542 1765 4610 veteri
1789 4564 1887 4609 more
1908 4540 2063 4629 collegae
2086 4551 2195 4610 essem

183 4650 219 4709 et
238 4634 277 4704 in
291 4629 423 4703 Norico
440 4622 671 4714 Ambergam,
696 4638 731 4696 et
751 4629 819 4699 alia
841 4633 1011 4724 quaedam
1034 4635 1164 4723 oppida
1215 4634 1291 4722 pari
1313 4638 1518 4721 autoritate,
1544 4653 1579 4710 et
1599 4654 1747 4735 uterque
1770 4666 1900 4711 nornen
1917 4638 2065 4712 baberet
2081 4638 2194 4733 lmpe-

182 4733 351 4818 reddidit,
370 4731 430 4801 sed
445 4724 532 4799 haee
545 4727 727 4821 aliquanto
742 4745 820 4819 post
836 4733 1049 4804 acciderunt.
1086 4732 1165 4803 Hoc
1214 4737 1360 4820 catoris,
1386 4752 1420 4809 et
1438 4742 1557 4810 omnia
1576 4742 1709 4828 edicta,
1733 4766 1857 4813 omnes
1871 4744 1995 4816 literae
2009 4743 2196 4813 ederentur

181 4852 299 4912 autem
308 4835 386 4904 loco
396 4828 666 4902 commemoravi
676 4852 747 4897 non
763 4830 876 4900 solum
891 4834 1072 4905 brevitatis
1081 4859 1165 4905 cau·
1214 4836 1445 4928 inscriptione
1468 4843 1670 4936 utriusque,
1701 4845 1792 4915 sicut
1815 4843 1867 4914 Μ.
1891 4842 2075 4915 Antonius
2099 4858 2137 4916 et
2157 4842 2194 4915 L

181 4964 238 5023 sa,
263 4934 452 5007 sedetiam
475 4944 514 5002 ut
529 4929 705 5020 cogitetis,
730 4946 901 5021 quantum
920 4935 1004 5003 mali
1019 4934 1064 5005 sit
1076 4936 1165 5005 civi·
1215 4934 1329 5006 Verus
1351 4941 1504 5032 collegae
1526 4944 1689 5025 luerunt,
1723 4959 1758 5016 et
1779 4946 1909 5014 deinde
1924 4944 2193 5017 Valentinianus

180 5042 225 5112 lis
245 5034 441 5117 discordia,
464 5055 545 5102 eum
569 5027 627 5101 bic
649 5031 797 5118 auditis,
821 5032 963 5104 initium
986 5036 1163 5107 bellomm
1213 5051 1249 5107 et
1264 5037 1413 5127 Valens,
1438 5058 1472 5113 et
1487 5069 1567 5114 mox
1584 5043 1777 5116 Gratianus
1792 5044 2071 5122 etheodosius.
2122 5044 2192 5116 Hoc

179 5142 305 5223 sulm,
329 5135 447 5206 f¹³ifi⁸
464 5132 717 5223 ⁸¹P⁰¹⁸i⁰ssefflo
1214 5142 1464 5231 aequissimum
1488 5147 1675 5216 consilium
1699 5150 1844 5239 adparet
1865 5173 1884 5218 a
1910 5150 2033 5232 bonis,
2059 5150 2191 5240 sapien·

278 5238 364 5308 Fuit
377 5248 411 5306 et
424 5227 820 5324 RudolphusSaxoniae
831 5229 913 5304 Dux
929 5240 1164 5313 consobrinus
1214 5241 1308 5311 tibus
1329 5258 1362 5315 et
1384 5246 1497 5315 doctis
1519 5247 1605 5317 viris
1622 5261 1740 5318 ortum
1758 5273 1841 5321 esse.
1893 5247 1962 5320 Sed
1979 5248 2094 5321 furiae
2106 5270 2189 5342 pou·

179 5338 354 5414 Fciderici
374 5335 553 5411 Austriaci
571 5349 675 5408 natus
695 5358 736 5408 ex
750 5331 880 5430 'Hagno
911 5337 1019 5435 ipsius
1042 5341 1163 5429 amita,
1212 5341 1338 5416 tificiae
1353 5347 1472 5417 omnia
1491 5349 1549 5440 pia
1558 5340 1711 5423 'consilia
1730 5349 1983 5442 impediebant.
