4680 6038
146 195 235 293 ..eos
932 185 1421 275 sessurarroaus
1621 178 1626 187 ·
2113 200 2185 279 soe

170 378 261 457 suet.
284 373 369 458 Dei,
400 395 473 466 quo
493 391 575 441 cum
597 366 790 460 gratiarum
812 364 951 437 actione
972 365 1026 437 uti
1047 366 1158 437 delic-
1306 360 1639 460 Pauluspraecipit,
1663 372 1839 443 oecundse
1853 368 2016 449 Timoth.
2026 378 2188 462 mdo,

168 482 308 561 hamus,
334 491 369 547 et
382 472 526 557 seritire,
549 472 646 565 quod
661 464 808 546 sintDei
821 466 1004 544 beneficia.
1056 467 1158 541 lTi-
1205 461 1432 562 ὀρθοτομεῖν
1453 468 1602 541 rerhum
1623 472 1792 546 veritatis.
1845 472 1929 545 ldeo
1951 490 1988 548 et
2010 477 2120 547 nohis
2137 502 2188 549 es-

171 577 285 661 moth.
300 580 351 663 4.:
386 573 434 648 Et
461 577 552 647 sicut
578 572 717 646 insanis
743 584 833 642 esset
851 570 971 643 dicere
995 570 1094 664 quod
1117 594 1158 640 ex
1206 568 1363 639 vendunt
1382 583 1451 653 est,
1477 594 1524 641 ne
1542 573 1751 647 misceamus
1765 573 2004 668 Evangelium
2019 592 2058 649 et
2074 575 2189 649 Philo-

173 682 262 755 artis
282 680 436 753 senariae
451 677 645 770 praeceptis
660 674 706 746 sit
719 672 950 751 iudicandum
964 676 1010 744 de
1024 673 1161 744 doctri·
1206 664 1386 761 sophiam:
1411 687 1474 743 aut
1489 667 1583 746 hanc
1595 677 1804 748 damnemus
1819 704 1858 749 ea
1874 704 1915 749 ex
1928 693 2034 773 parte
2049 702 2122 774 qus
2133 682 2190 751 ad-

173 809 225 859 na
247 778 457 872 christiam,
483 780 534 850 ita
558 777 757 869 desipiunt,
786 776 848 870 qui
870 800 911 846 ex
933 770 1160 868 philosophia
1208 772 1336 866 probat
1356 797 1434 844 eam
1447 772 1555 847 Deus.
1605 776 1793 851 Postremo
1815 776 1883 851 hoc
1903 781 2073 853 omnium
2087 782 2189 853 maai·

174 885 338 959 iudicant
359 885 405 969 de
424 879 586 954 doctrina
606 875 811 951 christiana.
862 875 961 951 Dicit
984 878 1080 950 enim
1092 874 1162 948 Pe·
1208 896 1266 944 me
1287 876 1395 946 refert
1415 876 1621 961 admoneri,
1646 883 1743 975 quod
1764 882 1933 954 facillime
1953 883 2052 956 ratio
2067 883 2189 977 decipi-

176 1004 270 1075 trus‚
294 980 497 1080 prophetias
519 1006 593 1057 uon
617 1006 690 1053 esse
712 976 869 1054 humana
883 982 1067 1052 voluntate
1084 979 1162 1050 edi·
1210 990 1287 1057 tur,
1313 991 1355 1049 ut
1375 983 1585 1052 assentiatur
1601 983 1831 1075 incompertis
1844 999 1879 1057 et
1892 985 2011 1071 falsis,
2036 985 2142 1057 etiam
2155 986 2188 1056 iu

177 1107 242 1164 tas.
311 1085 451 1160 Rursus
473 1086 672 1178 desiperent
694 1084 798 1155 etiarn
820 1078 877 1168 hi,
907 1084 969 1176 qui
996 1083 1163 1166 dicerent,
1209 1079 1448 1150 diiudicandis
1476 1085 1698 1155 naturalibus
1727 1088 1849 1171 rebus,
1888 1101 1922 1158 et
1943 1088 2063 1159 multa
2084 1090 2189 1179 turpia

177 1205 290 1265 artem
313 1191 485 1262 sutoriam
507 1210 664 1278 pugnare
683 1211 763 1256 cum
779 1185 942 1257 doctrina
960 1181 1162 1258 christiana.
1211 1197 1332 1252 contra
1355 1196 1518 1254 naturam
1541 1189 1684 1276 prohat,
1716 1189 1861 1281 quando
1882 1212 1958 1259 non
1979 1190 2189 1279 gubernatur

176 1292 232 1365 lta
245 1293 445 1385 desipiunt,
467 1291 531 1384 qui
544 1303 707 1363 naturam
721 1303 753 1360 et
769 1312 910 1359 morum
925 1285 1161 1378 coguitionem
1211 1286 1319 1353 verbo
1335 1281 1413 1359 Dei.
1465 1284 1523 1355 Ad
1537 1286 1721 1359 Romanos
1740 1290 1874 1382 primo:
1901 1292 2135 1361 obscuratum
2146 1306 2190 1363 est

176 1396 303 1467 dicunt
329 1416 486 1485 pugnare
504 1416 587 1465 cum
609 1392 792 1481 religione.
860 1390 913 1463 lta
934 1388 1067 1462 Paulus
1088 1413 1163 1459 non
1211 1386 1383 1477 insipiens
1406 1411 1467 1457 cor
1490 1384 1630 1477 eoruni3
1657 1392 1755 1462 item:
1783 1392 1930 1462 tradidit
1952 1390 2189 1463 illosDeusin

177 1498 248 1578 ait,
273 1491 538 1590 philosophiam
554 1518 627 1564 esse
642 1495 790 1578 malam,
815 1494 874 1563 sed
892 1492 941 1561 sic
954 1493 1020 1564 ait:
1047 1492 1164 1562 videte
1212 1489 1402 1580 reprobum
1425 1512 1578 1566 sensuro.
1629 1489 1717 1563 ltem
1739 1496 1914 1564 secundae
1930 1489 2191 1566 Thesssecrn·

179 1623 225 1669 ue
248 1598 328 1692 quis
348 1621 412 1669 vos
429 1597 583 1687 decipiat
605 1620 667 1688 per
687 1590 972 1688 philosophiam,
998 1610 1038 1666 ut
1058 1594 1088 1664 si
1108 1593 1164 1661 di·
1212 1591 1275 1659 do:
1311 1591 1421 1660 mittit
1448 1591 1519 1660 illis
1542 1590 1637 1663 Deus
1665 1595 1838 1664 efficacem
1861 1596 2131 1687 deceptionem,
2157 1611 2192 1668 ut

178 1714 250 1772 cat:
284 1701 384 1785 vide,
417 1724 462 1770 ne
488 1712 522 1769 te
544 1698 696 1789 decipiat
717 1699 854 1770 vinum.
904 1695 1044 1768 Deinde
1067 1696 1162 1790 quod
1213 1695 1357 1762 credant
1378 1695 1576 1765 mendacio.
1630 1694 1718 1765 ltern
1734 1694 2018 1767 Proverhiorusn
2038 1699 2190 1770 vicesimo

178 1803 297 1884 addit,
332 1803 475 1874 inanem
496 1801 760 1893 deceptionem,
785 1796 843 1870 hic
867 1798 1039 1894 significat
1058 1821 1163 1887 argu·
1213 1818 1326 1865 nono:
1352 1818 1434 1863 cum
1452 1796 1619 1866 defecerit
1633 1793 1821 1889 prophetia
1838 1797 2077 1891 dissipabitur
2091 1824 2191 1893 popu-

178 1916 296 1975 menta
315 1906 359 1975 de
371 1904 494 1975 diviua
510 1904 692 1975 voluntate
709 1926 750 1973 ex
767 1896 991 1993 philosophia
1008 1902 1164 1971 collecta.
1212 1897 1280 1971 lus.
1330 1892 1440 1968 Cuius
1452 1897 1504 1967 rei
1518 1899 1630 1969 multa
1644 1899 1803 1990 exemplo
1817 1901 1984 1971 videmus
2000 1904 2043 1970 in
2057 1901 2116 1983 iis,
2135 1903 2189 1997 qni

178 2005 261 2077 Non
283 2021 335 2078 est
359 2007 453 2078 enim
468 2000 714 2097 philosophia,
739 2029 820 2074 cnm
836 2005 881 2074 de
896 2004 1016 2072 divina
1035 2003 1163 2072 volun·
1213 1999 1361 2068 laudant
1390 2021 1469 2080 eos,
1493 2001 1564 2093 'qui
1591 2001 1661 2071 sibi
1685 2015 1837 2071 mortem
1860 2004 2130 2089 consciverunt,
2152 2018 2188 2073 at

179 2121 247 2178 tate
261 2131 301 2176 ex
316 2108 453 2179 ratione
467 2108 678 2193 iudicamus,
703 2110 762 2176 sed
778 2119 863 2177 sunt
879 2105 1000 2175 inania
1016 2104 1164 2187 somnia,
1213 2098 1347 2172 Seneca
1380 2098 1631 2172 Marcellinum
1661 2107 1837 2196 quendam
1868 2106 2070 2195 praedicat,
2109 2106 2189 2177 lihro

177 2211 268 2279 sicut
296 2205 475 2302 Epicurus
502 2211 674 2299 negavit,
702 2206 780 2282 Deo
808 2232 863 2278 res
892 2220 1029 2278 nostras
1059 2228 1163 2275 curae
1213 2202 1444 2293 epistolarum
1474 2204 1667 2278 undicimo.
1727 2201 1776 2276 Et
1803 2227 1910 2298 quarn
1942 2208 2058 2278 multa
2081 2220 2192 2279 eontra

176 2334 267 2396 esse,
292 2312 376 2383 item
394 2312 561 2403 platonici
579 2312 869 2402 disputaverunt,
890 2306 1005 2379 Deum
1022 2309 1163 2398 gignere
1212 2318 1376 2375 naturam
1395 2300 1570 2393 Diogenes
1593 2306 1732 2392 iecerit,
1761 2319 1887 2378 notum
1909 2321 1974 2382 est.
2034 2303 2191 2380 Ostendit

176 2413 427 2501 cogitationem
457 2413 654 2505 quandam,
696 2424 730 2481 et
758 2409 966 2481 Aristoteles
995 2412 1164 2502 disputat,
1212 2419 1329 2478 autem
1347 2402 1442 2476 Deus
1458 2402 1663 2478 huiusmodi
1680 2403 1868 2478 horribilia
1886 2410 2064 2500 exempla,
2088 2424 2126 2481 ut
2142 2412 2192 2478 in·

176 2515 353 2583 mundum
374 2536 447 2582 esse
466 2528 667 2596 aeternum,
698 2535 763 2581 nec
784 2513 975 2605 aliquando
998 2510 1162 2601 coepisse.
1212 2508 1321 2578 cutiat
1345 2508 1450 2577 nobis
1470 2523 1622 2593 metum,
1646 2533 1693 2580 ne
1710 2509 1862 2579 nimium
1879 2511 2094 2581 confidamus
2109 2512 2189 2580 riri-

175 2610 223 2683 Et
254 2615 518 2683 admiscuerunt
547 2612 730 2683 doctrinae
759 2606 972 2682 christianae
1002 2607 1163 2703 philoso·
1212 2609 1280 2678 hus
1294 2620 1435 2679 nostrae
1451 2610 1611 2694 rationis,
1636 2625 1669 2682 et
1683 2625 1724 2683 ut
1739 2613 1850 2683 verbo
1866 2635 1934 2684 suo
1947 2612 2065 2683 doceri
2077 2614 2193 2702 etregi

111 2788 122 2809 .
176 2707 309 2802 phiam,
336 2715 398 2807 qui
415 2717 624 2798 docuerunt,
649 2716 744 2806 quod
761 2713 892 2784 nostris
908 2714 1045 2785 meritis
1059 2713 1163 2784 iusti·
1212 2710 1476 2804 nospatiamur.
1527 2709 1637 2781 Finis.

176 2814 338 2885 ficemur:
364 2814 412 2887 Et
433 2817 578 2909 quidam
601 2815 756 2906 scripsit:
782 2816 1012 2887 fundamenta
1028 2814 1162 2887 doctri-

176 2939 244 2986 nae
281 2912 492 2989 christiauae
528 2911 790 3009 philosophiam
821 2915 1042 2987 Platonicam
1077 2940 1162 2990 esse.
1211 2927 1330 3027 (Π)
1373 2933 1495 3004 Atia,
1554 2929 1641 3024 (De
1669 2931 1873 3007 haereticis
1899 2933 2112 3029 puniendis
2128 2956 2189 3031 per

176 3017 236 3088 Sic
259 3040 323 3109 pro
348 3021 453 3090 certis
472 3021 676 3104 adfirmare,
701 3041 790 3111 quae
811 3019 901 3089 ratio
923 3031 986 3089 aut
1002 3014 1162 3111 philoso·
1553 3033 1860 3132 trapessacum.)

175 3114 259 3209 phia
277 3144 351 3189 non
367 3134 480 3212 potest
494 3121 699 3210 adfirmare,
727 3120 799 3188 imo
814 3143 905 3212 quae
920 3144 1065 3213 prorsus
1078 3134 1162 3191 sunt
1372 3132 1476 3232 (opp.
1491 3138 1637 3206 dictandi.
1652 3140 1745 3207 Basti.
1766 3144 1806 3208 T.
1821 3141 1879 3208 111.
1901 3168 1934 3229 p.
1952 3146 2050 3229 ³24.)

161 3235 273 3299 ,extra
307 3222 477 3293 iudicium
508 3220 655 3295 rationis
683 3235 746 3292 aut
767 3217 1015 3313 philosophiae
1036 3222 1162 3315 posita,

177 3344 216 3389 ca
239 3336 291 3392 est
313 3324 428 3394 inanis
452 3324 623 3414 deceptio.
676 3318 724 3394 Et
745 3324 836 3394 sicut
857 3324 896 3392 in
920 3325 997 3413 lege
1020 3347 1162 3416 praece·
1211 3309 1383 3412 Regnum
1401 3316 1535 3392 Christi
1558 3323 1661 3395 affert
1677 3347 1733 3394 res
1751 3341 1931 3407 aeternas,
1960 3328 2189 3399 remissionem

176 3436 277 3512 ptum
300 3439 370 3509 est,
395 3449 440 3495 ne
461 3424 539 3518 quis
556 3424 725 3493 dissimile
739 3447 858 3495 semen
874 3438 965 3496 serat
981 3427 1019 3495 in
1036 3428 1159 3497 eodem
1212 3438 1455 3518 peccatorum,
1488 3423 1659 3494 iustitiam
1687 3440 1865 3498 aeternam
1894 3443 1930 3501 et
1955 3430 2074 3502 vitam
2093 3444 2185 3501 aeter·

175 3548 280 3612 agro,
306 3529 501 3596 cavendum
526 3541 596 3607 est,
622 3549 667 3593 ne
688 3526 955 3596 commisceatur
972 3522 1161 3613 Evangelii
1212 3549 1314 3610 nam,
1340 3538 1374 3595 et
1396 3524 1667 3597 administratur
1685 3540 1825 3601 tantum
1846 3531 1959 3601 verbo
1983 3532 2187 3605 sinevioor·

177 3625 339 3695 doctrina
354 3643 389 3697 et
403 3621 640 3717 philosophia.
699 3624 770 3696 Sed
784 3623 1161 3717 Evangeliumestdo·
1212 3627 1343 3719 porali:
1369 3624 1506 3720 alioqui
1520 3628 1616 3695 euim
1632 3627 1842 3703 dissolveret
1856 3627 2185 3725 Evangeliunsstn·

175 3726 290 3794 ctrina
308 3727 398 3796 vitae
414 3727 607 3817 spiritualis
620 3740 655 3798 et
668 3727 925 3798 iustificationis
939 3752 1057 3799 coram
1066 3728 1159 3800 Deo:
1212 3754 1276 3823 per
1290 3742 1489 3820 praesentes
1502 3729 1654 3819 politiae.
2230 3784 2232 3795 .

174 3822 407 3920 Philosophia
424 3851 508 3897 vero
524 3841 574 3897 est
590 3828 752 3899 doctrina
770 3829 862 3901 vitae
877 3831 1088 3922 corporalis,
1112 3831 1160 3900 si·
1313 3828 1480 3920 Regnum
1505 3830 1688 3922 corporale
1709 3831 1813 3903 affert
1828 3854 1884 3902 res
1899 3840 2124 3929 corporales,
2141 3837 2186 3907 di-
2230 3828 2232 3879 t

173 3941 233 3998 cut
254 3928 353 4000 vides
373 3929 585 3999 medicinam
607 3929 803 4000 valetudini
817 3932 968 4016 servire,
989 3934 1161 4023 navigan·
1211 3933 1397 4026 sciplinam
1414 3926 1613 4017 honestam,
1639 3956 1762 4025 pacem
1775 3934 1975 4027 publicam,
1999 3936 2187 4014 etcoherttt

155 4030 269 4111 tibus
286 4031 491 4103 discrimina
506 4044 773 4124 tempestatum,
797 4056 913 4103 mores
928 4034 1049 4106 civiles
1062 4058 1160 4105 com·
1210 4036 1247 4104 vi
1264 4035 1451 4123 corporali.
1812 4062 1818 4071 ·

172 4133 276 4217 muni
297 4129 484 4204 hominum
504 4134 769 4226 tranquillitati.
818 4129 1016 4206 Estautem
1033 4131 1159 4208 huius-
1312 4134 1433 4224 Quare
1448 4133 1648 4228 Episcopus
1665 4140 1978 4213 excommunicans
1994 4166 2186 4241 nequepoe

161 4233 271 4311 ,spodi
288 4258 372 4306 usus
385 4227 423 4329 ')
444 4236 658 4306 necessarius
675 4249 744 4308 eta
760 4233 837 4308 D'eo
853 4237 1043 4329 probatus,
1068 4239 1160 4310 sicut
1209 4238 1381 4308 sessiones
1406 4262 1521 4331 neque
1544 4238 1678 4311 victum
1700 4264 1817 4334 neque
1837 4266 1969 4336 corpus
1984 4268 2105 4343 neque
2116 4245 2186 4317 eisi-

165 4333 294 4403 multis
315 4336 402 4404 locis
417 4336 519 4405 docet
536 4335 686 4423 Paulus,
711 4339 886 4412 utendum
902 4361 977 4409 esse
990 4340 1158 4413 creaturis
1209 4340 1279 4410 lem
1292 4341 1493 4410 societatem
1507 4339 1625 4432 eripit.

157 4429 240 4519 Φοί
261 4458 342 4515 cum
365 4436 558 4524 gratiarum
581 4440 730 4511 actione.
786 4436 838 4513 Et
859 4452 977 4510 tamen
996 4465 1080 4512 usus
1104 4457 1158 4515 ta·
1310 4440 1383 4511 Nec
1413 4442 1473 4513 dat
1502 4436 1740 4533 Evangelium
1770 4456 1984 4534 potestatem
2017 4444 2186 4542 Episcopi·

158 4535 261 4607 lium
276 4560 396 4609 remen
412 4539 650 4630 corporalium
666 4565 740 4613 non
757 4542 921 4613 iustilicat
934 4566 1052 4613 coram
1066 4542 1157 4631 Deo,
1205 4544 1446 4615 constituendi
1469 4557 1533 4615 aut
1555 4544 1648 4635 leges
1670 4544 1810 4615 ferendi
1832 4546 2016 4620 derebus
2039 4551 2185 4623 civilibus

154 4637 260 4723 ¹sicut
275 4635 373 4709 Deus
392 4639 709 4733 praecepitedere,
736 4667 851 4737 neque
866 4655 986 4715 umen
1001 4645 1041 4715 id
1053 4644 1157 4717 iusti·
1205 4661 1268 4719 aut
1282 4644 1401 4735 regnis
1416 4645 1555 4718 mnndi.

166 4738 249 4825 ficas
278 4734 483 4828 hominem,
514 4741 564 4815 ita
591 4743 685 4815 dieta
708 4767 751 4814 ex
772 4743 908 4817 Medici
929 4748 1157 4840 praescripto,
1308 4744 1409 4818 Sicut
1424 4760 1578 4838 potestas
1591 4745 1706 4818 civilis
1718 4771 1784 4839 pro
1794 4748 1912 4820 officio
1924 4773 1994 4825 suo
2005 4756 2185 4849 dehetpt*

155 4839 253 4917 item
272 4853 518 4935 tempestatum
532 4843 739 4916 discrimina
757 4848 944 4919 observare
959 4872 1034 4919 nou
1050 4849 1154 4921 iusti·
1205 4844 1328 4919 hibere
1354 4848 1560 4934 latrocinia,
1587 4850 1704 4935 furta,
1729 4864 1764 4922 et
1785 4851 1918 4924 similia
1940 4870 2092 4931 externa
2112 4854 2185 4927 deli·

157 4942 263 5015 licat:
290 4942 374 5015 item
395 4945 519 5017 civiles
534 4969 669 5031 mores,
696 4960 827 5019 utnon
844 4971 964 5038 gerere
977 4974 1075 5021 arma
1089 4951 1154 5022 uhi
1203 4964 1278 5035 cta,
1302 4950 1496 5042 pugnantia
1512 4974 1595 5022 curn
1611 4953 1766 5022 sectanda
1782 4953 1923 5040 tabula,
1949 4957 2001 5028 ita
2018 4960 2185 5031 ‹lebetes-

153 5044 258 5134 ,leges
273 5039 485 5147 prohibent,
509 5061 571 5119 aut
585 5048 713 5120 vestire
726 5051 920 5121 secundum
936 5051 1028 5141 leges
1044 5052 1154 5144 erigit
1202 5065 1303 5121 terna
1330 5052 1457 5122 delicta
1488 5052 1683 5144 pugnantia
1717 5076 1798 5124 curn
1827 5054 1943 5144 prima
1966 5061 2095 5133 tabula
2117 5082 2184 5152 pro·

161 5140 278 5231 Deus,
302 5172 417 5241 neque
433 5163 552 5222 tamen
564 5150 603 5220 id
621 5150 785 5224 iustificat
799 5174 918 5222 coram
931 5150 1022 5225 Deo.
1202 5148 1326 5224 hibere
1354 5166 1389 5222 et
1419 5154 1565 5246 punire,
1603 5155 1694 5225 sicut
1726 5150 1987 5246 blasphemias,
2023 5163 2184 5233 violatu

150 5296 365 5317 ..,...-...
410 5268 415 5277 ’
1201 5254 1469 5339 iusiurandum,
1501 5255 1628 5347 impias
1655 5255 1927 5346 imprecationes
1948 5275 2019 5333 etc.
2043 5264 2183 5359 quiade

147 5410 153 5421 ·
194 5377 225 5447 *t
237 5376 345 5435 ataid
362 5393 449 5447 esus,
473 5379 550 5452 ques
567 5378 696 5438 mettim
714 5378 891 5438 manifestum
909 5389 958 5436 aa.
1200 5370 1273 5430 tota
1289 5356 1363 5446 lege
1379 5357 1514 5429 dictum
1530 5371 1597 5430 est:
1623 5357 1679 5428 lex
1692 5373 1743 5431 est
1756 5360 1899 5432 iniustis
1914 5365 2046 5452 posits.
