4680 6038
149 242 227 317 Μ
726 224 891 301 DECL.
932 223 1006 298 DE
1039 221 1182 296 vt'ra
1214 222 1611 337 BUGENflnGtt.
2111 226 2182 302 11

252 409 332 482 Oro
348 421 464 480 autem
481 404 594 474 tilium
609 399 678 473 Dei
694 399 892 472 Dominum
910 412 1072 470 nostrum
1093 393 1148 466 le·
1198 397 1248 466 ris
1276 395 1471 483 Ecclesiae,
1511 418 1603 491 quae
1633 397 1698 468 etsi
1730 408 1814 468 sunt
1834 398 1975 488 exigua,
2007 410 2129 468 tamen
2148 402 2184 471 de

151 511 442 595 sumeristum,
465 521 505 579 ut
520 528 587 576 nos
603 530 745 600 quoque
762 505 800 574 in
817 501 873 574 his
888 502 996 573 tantis
1011 500 1150 568 discor·
1198 503 1321 571 multis
1350 502 1487 592 magnis
1508 501 1616 570 rebus
1646 498 1857 571 confirmant
1880 503 1969 592 pios.
2029 497 2081 571 Ut
2099 505 2184 593 apud

152 620 222 689 diis
252 616 405 708 publicis
427 612 602 703 gubernet
625 623 658 677 et
688 620 868 699 protegat,
897 620 932 675 et
956 604 1063 673 faciat
1084 625 1150 671 nos
1201 601 1364 675 lreneum
1382 621 1416 676 et
1434 604 1718 689 Tertullianum,
1743 603 1804 696 qui
1820 617 2086 675 antecesserunt
2099 600 2183 699 Syn·

154 712 266 812 σκεύη
283 715 403 798 ἐλέους
421 730 454 785 et
471 736 602 802 organa
617 711 784 780 salutaria
806 710 937 780 nostris
952 707 1151 788 animabus,
1199 708 1309 777 odum
1344 706 1514 776 Nicenam
1551 707 1624 776 fere
1654 709 1824 787 ducentos
1853 729 1986 791 annos,
2027 707 2186 797 leguntur

208 824 333 892 clesiae
349 822 554 899 universae,
580 813 728 883 familiis
741 815 872 883 nostris
894 829 928 882 et
943 808 1152 902 posteritati,
1201 809 1352 879 illustria
1370 807 1572 880 testimonia
1593 804 1675 905 napi
1696 799 1827 906 λόγον,
1858 810 1953 902 apud
1970 806 2184 880 Clementem

152 820 286 999 ἕπευ.
336 921 432 994 Dixi.
1200 913 1365 982 refutatio
1381 927 1432 982 est
1447 911 1604 994 illorum,
1627 913 1689 1004 qui
1702 910 1906 1001 coniugium
1920 905 2186 1004 prohttnerun,

1174 992 1179 1033 ¹
1202 1028 1236 1085 et
1250 1029 1333 1086 sunt
1348 1017 1500 1085 insertae
1517 1013 1739 1084 dulcissimae
1753 1015 1983 1089 narrationes.
2031 1012 2094 1085 De
2106 1014 2187 1085 reri·

1064 1159 1081 1163 -
1145 1157 1148 1162 ·
1174 1058 1179 1203 l
1201 1119 1342 1210 piendis
1365 1118 1472 1209 lapsis
1496 1118 1726 1187 redeuntibus
1750 1117 1794 1184 ad
1812 1116 2089 1208 poenitentiam,
2112 1140 2184 1186 cou-

1202 1222 1386 1290 firmamur
1407 1219 1609 1290 testimonio
1633 1218 1729 1289 Petri
1750 1215 2008 1306 Alexandrini,
2035 1218 2102 1311 qui
2116 1215 2183 1289 lde·

168 1326 235 1397 No.
256 1326 340 1398 tos.
979 1355 1027 1391 sn.
1049 1328 1141 1390 1558.
1202 1324 1288 1393 letio
1321 1327 1524 1393 adversatus
1558 1336 1621 1394 est.
1682 1321 1734 1391 Ac
1766 1323 1917 1413 optarim
1942 1323 2081 1392 maiore
2104 1344 2184 1407 rora,

164 1421 336 1452 ‘A‘
975 1417 1147 1447 ’Ν
1204 1427 1424 1496 eruditorum
1448 1440 1482 1495 et
1503 1425 1643 1514 piorum
1668 1420 1855 1507 historias,
1885 1423 2097 1516 praesertim
2128 1446 2183 1505 ess,

380 1529 456 1612 De
487 1531 584 1612 vlla
612 1527 928 1638 Bttgettftagt't‘.
1204 1528 1389 1623 inquibus
1411 1528 1602 1597 certamina
1623 1528 1804 1596 doctrinae
1824 1541 1965 1598 narrata
1979 1539 2089 1612 sunt,
2111 1548 2183 1596 eon·

228 1689 326 1743 select
344 1685 425 1744 Dect.
450 1684 483 1741 T·
503 1685 548 1740 m.
575 1705 602 1757 p.
621 1685 672 1738 819
688 1704 721 1754 ‚q
723 1696 750 1755 qs
794 1685 965 1745 servaret
987 1684 1033 1742 „L
1075 1683 1154 1740 ,wa
1204 1645 1357 1700 servatas
1376 1655 1464 1700 esse:
1500 1624 1564 1698 has
1589 1630 1775 1719 legi'muto
1799 1630 1923 1700 utilius
1945 1644 2053 1715 esset,
2090 1653 2182 1724 quarn

264 1757 336 1812 ιη
358 1776 383 1827 p.
398 1755 463 1809 Met.
481 1755 507 1809 d.
523 1757 563 1807 18.
579 1759 648 1825 Aug.
666 1725 792 1810 tesa'-
827 1705 1153 1826 Aputtticbardl.ttt.
1204 1735 1398 1805 recentium
1423 1733 1635 1803 Pontificum
1661 1732 1827 1812 consilia,
1861 1733 1923 1826 qui
1948 1747 1990 1804 ut
2014 1756 2118 1803 suam
2140 1744 2184 1827 ty·

263 1826 365 1897 P·⁷9·
1204 1837 1390 1906 rannidem
1424 1834 1641 1920 stabilirent,
1674 1836 1767 1904 bella
1797 1849 2005 1921 moverunt,
2039 1835 2185 1930 quaein

1205 1938 1306 2009 ltalia
1334 1953 1369 2008 et
1393 1936 1587 2007 Germania
1612 1961 1755 2027 magnas
1785 1938 2001 2007 vastationes
2028 1939 2186 2008 fecerunt.

1204 2042 1316 2113 Nobis
1332 2066 1415 2111 vero
1433 2041 1469 2109 in
1487 2040 1687 2110 Acardemiis
1703 2039 1887 2132 praecipue
1900 2063 2007 2110 curae
2022 2041 2071 2111 sit
2081 2052 2185 2132 poste-

1205 2146 1254 2214 ris
1269 2148 1407 2216 tradere
1424 2144 1606 2213 doctrinae
1625 2142 1826 2214 testimonia
1844 2142 1881 2210 in
1900 2137 2064 2213 historiis
2079 2141 2187 2212 erudi-

1204 2262 1323 2319 torum
1345 2262 1379 2319 et
1400 2247 1563 2340 piorum,
1596 2246 1657 2343 qui
1675 2243 1849 2316 Ecclesias
1871 2258 1905 2314 et
1929 2247 2049 2316 studia
2069 2245 2189 2334 guber·

162 2008 290 2076 Oratio
318 2000 366 2072 de
385 2006 464 2072 cita
480 2005 564 2072 Iter.
591 2003 664 2070 viri
691 1966 800 2072 Dum.
825 2006 981 2091 loannis
1002 2004 1156 2120 Degen-

162 2105 271 2202 leagii
302 2111 525 2189 Pamercm',
589 2100 715 2172 Theoi.
751 2105 861 2176 Dcet.
909 2112 948 2174 et
982 2109 1155 2175 Pastoris

162 2210 357 2280 Ecclesiae
393 2206 610 2301 ditabere„
661 2226 685 2274 a
716 2209 856 2278 Petro
896 2209 1153 2279 Vincentio

165 2312 479 2398 Vrutisluviensi,
522 2312 674 2379 Decaao
714 2308 866 2405 Collegit·
903 2308 1154 2401 philosophici
1205 2364 1390 2421 navemn,
1459 2347 1579 2436 Qua„
1606 2350 1650 2416 d,
1677 2350 1749 2419 ,pa
1780 2349 1892 2417 „055
1918 2344 2080 2419 putori,
2106 2342 2188 2417 tm,

584 2407 717 2492 ''aba‘'
721 2455 733 2478 ⁰
1205 2456 1443 2523 narrationem
1468 2451 1647 2519 bonafide
1674 2451 1819 2542 collegi,
1845 2474 1952 2544 quam
1972 2452 2043 2544 piis
2059 2463 2187 2545 gratur·

163 2547 313 2635 Gratias
328 2579 391 2646 ago
412 2553 488 2625 Deo
504 2571 648 2626 aeterno
672 2558 763 2649 patri
780 2554 929 2628 Domini
947 2562 1059 2631 nostri
1077 2561 1153 2632 lesu
1204 2571 1238 2628 et
1253 2557 1402 2649 posteris
1422 2554 1546 2626 utilem
1564 2554 1638 2622 fore
1655 2554 1787 2629 iudico.
1971 2564 2000 2599 0·

163 2658 318 2743 Christi,
357 2659 505 2727 creatori
522 2660 610 2727 coeli
633 2674 667 2729 et
680 2674 811 2745 terrae,
837 2675 871 2730 et
886 2648 1104 2753 Angelorum
1121 2682 1153 2737 et
1303 2656 1384 2729 Etsi
1404 2671 1521 2728 autem
1545 2654 1699 2725 Basilius
1724 2657 1861 2751 inquit,
1892 2658 1937 2726 de
1967 2654 2099 2727 sanctis
2118 2676 2188 2723 non

162 2762 370 2845 hominum,
401 2782 571 2830 unacum
596 2763 668 2831 filio
692 2785 756 2832 suo
780 2778 986 2850 coaeterno,
1014 2783 1048 2837 et
1070 2766 1151 2860 Spi-
1204 2786 1293 2854 0pus
1313 2785 1386 2831 esse
1412 2758 1747 2829 commemoratione
1772 2761 1925 2849 patriae,
1958 2758 2046 2853 qnia
2066 2781 2136 2829 una
2149 2754 2189 2825 sit

164 2869 236 2938 ritu
251 2877 390 2948 sancto,
416 2864 512 2956 quod
528 2864 716 2934 clementer
733 2889 797 2935 nos
812 2881 927 2937 servat
943 2883 977 2938 et
992 2858 1157 2961 protegit,
1203 2864 1403 2935 communis
1418 2864 1551 2955 patria,
1573 2861 1735 2930 omnium
1758 2862 2002 2948 nobilissima,
2028 2857 2189 2941 Ecclesls,

163 2983 198 3040 et
219 2966 363 3059 praebet
385 2966 627 3036 doctrinarum
661 2967 802 3053 lumen,
842 2984 877 3039 et
911 2984 985 3041 toto
1015 2988 1154 3064 pectore
1205 2982 1321 3037 tamen
1336 2967 1420 3037 sciri
1435 2966 1578 3056 prodest
1591 2963 1766 3033 maiorum
1789 2965 2036 3057 disciplinam,
2061 2959 2189 3059 exqui-

163 3095 243 3141 eum
268 3092 353 3153 oro,
379 3081 419 3136 ut
442 3090 579 3160 semper
601 3070 694 3138 inter
715 3094 780 3139 nos
803 3072 873 3140 sibi
890 3086 1067 3144 aeternam
1084 3072 1155 3145 Ec·
1203 3072 1269 3139 bus
1284 3069 1434 3163 quisque
1457 3081 1561 3136 natus
1588 3079 1650 3139 est.
1701 3063 1863 3138 Primum
1883 3068 1995 3159 igitur
2015 3062 2185 3139 del’stria

162 3171 305 3243 clesiam
326 3168 488 3259 colligat,
521 3184 555 3241 et
580 3185 739 3262 protegat
762 3187 795 3242 et
818 3176 989 3264 gubernet
1007 3201 1090 3264 nos,
1114 3195 1154 3250 ut
1204 3172 1316 3243 nostri
1332 3169 1488 3243 Pastoris
1504 3170 1693 3239 dicendum
1713 3181 1773 3237 est.

162 3272 332 3344 salutaria
361 3274 548 3341 doceamus
587 3290 619 3345 et
645 3275 838 3359 discamus,
875 3301 939 3347 nec
969 3280 1153 3370 fingamus,
1306 3273 1348 3343 ln
1372 3275 1491 3344 liltore
1511 3269 1725 3340 Germanico
1748 3272 1792 3339 ad
1810 3265 1996 3341 Oceanum
2010 3268 2186 3348 Arctoum,

161 3391 223 3447 aut
245 3374 465 3445 stabiliamus
486 3376 577 3443 ullas
604 3378 818 3468 perniciosas
843 3380 1042 3468 opiniones.
1093 3380 1151 3453 Ad
1202 3381 1286 3448 inde
1314 3400 1427 3470 usque
1457 3373 1648 3443 aflumine
1673 3371 1830 3457 Vistula,
1864 3375 1959 3467 quod
1983 3388 2112 3445 notum
2133 3386 2186 3451 est,

162 3474 255 3548 bane
278 3499 392 3545 meam
416 3476 631 3563 orationem,
663 3493 697 3548 et
718 3495 833 3551 vestra
855 3497 934 3552 vota
956 3485 1153 3575 adiungite,
1202 3503 1324 3550 versus
1347 3502 1508 3548 occasum
1537 3476 1580 3544 ad
1609 3475 1733 3544 urbem
1763 3474 1941 3546 Sundium
1965 3476 2076 3568 longa
2099 3474 2184 3569 regis

161 3596 196 3650 et
212 3579 340 3671 petite,
364 3591 404 3648 ut
419 3578 514 3647 lilius
528 3575 595 3651 Dei
613 3604 771 3651 summus
792 3586 954 3653 sacerdos
970 3600 1092 3657 noster
1107 3588 1153 3658 sit
1201 3597 1272 3667 est,
1308 3605 1398 3674 quae
1427 3605 1524 3650 nunc
1547 3577 1775 3647 Pomeraniae
1803 3602 1936 3649 nomen
1963 3572 2091 3666 habet,
2121 3578 2185 3647 fers

161 3677 406 3775 πρεσβευτής,
444 3682 623 3772 perferens
650 3697 806 3755 nostram
842 3686 1080 3777 precationem
1107 3692 1150 3760 ad
1201 3686 1355 3755 mediam
1372 3684 1491 3753 influit
1507 3681 1681 3763 viadrus,
1706 3704 1797 3775 quae
1815 3681 1938 3753 multis
1954 3682 2064 3752 rebus
2080 3680 2185 3752 adri·

159 3800 343 3855 aeternum
365 3797 511 3873 1111111111·
1201 3804 1273 3861 tam
1289 3786 1493 3857 necessariis
1508 3785 1555 3852 ita
1571 3784 1746 3868 abundat,
1770 3797 1811 3854 ut
1824 3784 1904 3853 aliis
1919 3785 2089 3874 gentibus
2102 3782 2185 3853 mul-

261 3884 371 3958 Reete
394 3900 512 3955 autem
535 3886 736 3958 institutum
760 3903 829 3973 est,
863 3891 961 3959 utin
987 3885 1042 3960 his
1066 3916 1152 3963 con·
1200 3893 1245 3963 tis
1268 3892 1465 3972 frumenta,
1501 3887 1653 3979 pecudes
1679 3899 1715 3956 et
1739 3887 1850 3977 pisces
1874 3887 2016 3961 vendat.
2074 3884 2185 3977 Quare

156 3990 335 4081 gressibus
353 3988 466 4058 oratio
487 3982 677 4074 habeatnr,
702 3990 758 4058 vel
774 3995 818 4059 de
833 3993 952 4084 aliqua
971 4007 1068 4083 parte
1086 4001 1150 4066 do-
1200 4009 1235 4066 et
1250 3994 1388 4082 magnis
1404 4006 1437 4061 et
1453 3988 1631 4081 opulentis
1646 3988 1796 4059 urbibus
1810 4002 1935 4059 ornata
1960 4002 2031 4073 est,
2058 3988 2098 4059 in
2112 3988 2185 4083 qrri·

157 4096 374 4175 ctrinarum,
418 4092 472 4159 vel
504 4092 548 4160 de
587 4093 755 4183 exemplis
785 4095 988 4181 cognitione
1021 4099 1150 4188 dignis.
1200 4099 1266 4168 bus
1283 4095 1353 4165 nisi
1369 4096 1460 4184 leges
1476 4089 1773 4162 honestassevere
1786 4092 2077 4176 defenderentur,
2102 4090 2184 4161 rnul-

156 4193 247 4265 Cum
264 4194 373 4282 igitur
389 4196 433 4261 de
458 4209 665 4282 argumento
689 4197 946 4282 deliberarem,
972 4201 1060 4270 etin
1082 4198 1150 4272 hoc
1198 4201 1315 4272 titudo
1330 4197 1527 4290 tranquilla
1546 4217 1619 4264 esse
1637 4218 1711 4263 non
1736 4206 1871 4285 potat,
1895 4217 1961 4263 nec
1979 4194 2185 4265 commercia

157 4290 533 4364 recentiluetuadhue
550 4295 878 4383 imagoReverendi
895 4300 963 4370 viri
980 4298 1150 4375 lobannis
1198 4327 1279 4374 eum
1301 4299 1496 4393 peregrinis
1515 4321 1589 4367 esse
1612 4309 1765 4388 possent.
1816 4291 2000 4388 Principes
2023 4295 2138 4388 igitur
2156 4308 2185 4365 et

156 4391 378 4485 Bugenhagii
408 4394 563 4465 Pastoris
594 4393 772 4469 Ecclesiae
801 4416 941 4472 nostrae
972 4408 1085 4475 oculis
1116 4423 1149 4477 et
1199 4404 1429 4496 Magistratus
1441 4400 1617 4471 iusticiam
1633 4411 1837 4469 constanter
1851 4411 2009 4473 tuentur.
2050 4395 2184 4471 Etcum

157 4498 338 4567 mentibus
355 4498 486 4565 nostris
501 4500 723 4587 obversetur,
747 4528 822 4573 non
844 4505 942 4575 aliud
961 4530 1149 4597 argumen—
1197 4508 1270 4580 sint
1290 4500 1471 4579 Ecclesiae
1493 4502 1542 4572 ibi
1563 4498 1630 4571 Dei
1655 4499 1827 4571 beneficio
1851 4512 1944 4570 recte
1968 4502 2185 4581 constitutae,

155 4612 232 4671 tum
248 4600 515 4668 anteferendum
534 4600 644 4690 ipsius
659 4596 829 4675 historiae
843 4609 983 4693 cerasui,
1008 4635 1098 4703 quae
1114 4627 1149 4683 et
1198 4622 1364 4681 amantur
1382 4607 1487 4677 etiarn
1510 4619 1665 4675 caeterae
1690 4605 1855 4687 virtutes,
1889 4626 1973 4674 vera
1991 4600 2063 4674 Dei
2089 4602 2185 4674 inm-

156 4704 201 4771 de
228 4701 389 4772 doctrina
421 4700 580 4771 iuniores
606 4704 717 4774 multa
750 4724 891 4794 monet,
932 4725 967 4781 et
990 4717 1146 4807 exempla
1197 4715 1307 4797 catio,
1341 4709 1589 4799 coniugiorum
1614 4707 1701 4776 fides
1723 4719 1757 4775 et
1777 4705 1961 4780 modestia.
2022 4705 2120 4779 Sunt
2139 4704 2182 4775 ibi

156 4804 315 4873 continet
338 4805 431 4872 vitae
453 4803 568 4878 utilia.
626 4802 790 4902 Cumque
821 4812 859 4879 in
884 4807 976 4883 banc
998 4830 1145 4887 aetatem
1196 4829 1231 4886 et
1245 4814 1486 4886 doctrinarum
1509 4809 1637 4881 studia.
1688 4803 1753 4879 Est
1776 4822 1913 4878 vernet
1933 4809 1973 4877 in
1991 4810 2184 4901 earegiooe

155 4904 324 4974 inciderit
338 4905 486 4974 mutatio
503 4902 742 4978 Ecclesiamm
758 4910 926 5001 insignis,
952 4916 1146 5008 plurimum
1196 4939 1322 5008 magna
1343 4914 1542 5008 frequentia
1568 4911 1784 4995 nobilitatis,
1815 4910 1853 4979 in
1878 4934 1948 5004 qua
1968 4884 2076 4980 multi
2097 4932 2181 4983 nont

154 5007 263 5075 refert
278 5006 502 5094 posteritatis,
527 5010 617 5078 scire
630 5011 752 5103 quales
766 5013 909 5099 haerint,
933 5019 995 5113 qui
1012 5022 1147 5091 doctri·
1195 5042 1338 5115 quoque
1362 5039 1430 5088 usu
1450 5014 1600 5086 militiae
1620 5015 1706 5084 clari
1730 5025 1832 5099 sunt,
1863 5012 1969 5083 multi
2002 5013 2180 5087 virtuteet

155 5127 238 5174 nam
272 5109 508 5177 emendarunt
547 5124 581 5181 et
619 5113 722 5183 initio
767 5136 1071 5213 propagaverunt,
1112 5138 1146 5193 et
1195 5124 1325 5215 opibus
1340 5119 1475 5201 ornati,
1500 5117 1600 5186 domi
1616 5116 1764 5186 consilia
1783 5114 1926 5204 publica
1947 5131 2091 5205 regunt.

152 5230 305 5300 quorum
323 5207 529 5300 Principum
546 5227 580 5282 et
595 5216 873 5302 gubernatorum
888 5225 1016 5294 studiis
1033 5226 1144 5296 adiuti
1264 5218 1368 5297 ··1lec
1383 5222 1422 5289 in
1438 5220 1511 5290 ulla
1535 5233 1634 5310 parte
1652 5217 1867 5288 Genuaniae
1883 5218 2006 5309 plures
2024 5244 2066 5289 ex
2083 5239 2177 5315 eque·

152 5308 241 5389 sint,
264 5334 309 5380 ne
324 5335 427 5382 caeco
444 5313 685 5387 multitudinis
706 5319 838 5411 impetu
859 5342 996 5418 recepta
1012 5330 1145 5397 doctri·
1194 5328 1257 5399 sen
1294 5327 1400 5398 rdine
1415 5322 1596 5395 doctrinas
1611 5320 1826 5410 intelligunt,
1853 5343 1960 5414 quarn
1977 5322 2041 5391 ibi.
2086 5320 2176 5393 Pois·

151 5433 197 5480 na
221 5426 376 5503 putetur.
435 5411 567 5487 Extant
589 5421 783 5510 fragmenta
801 5430 1033 5499 certaminum
1048 5410 1144 5499 lete-
1193 5450 1232 5500 se
1256 5454 1333 5501 eam
1355 5400 1536 5517 regionem
1552 5422 1640 5495 olim
1658 5423 1773 5515 gentis
1791 5422 2116 5510 Suevicaesedern',
2140 5443 2173 5490 es
