4680 6038
147 144 253 265 αι’
845 276 863 307 ,
911 163 1414 261 rnoeosrrmnus,
2096 197 2173 277 ιω

144 348 342 431 ΙιιΙιιὶιιιι
363 351 506 444 colligat
525 373 612 425 voce
632 342 838 442 Evangelii,
870 374 989 446 sparsa
1011 355 1050 425 in
1072 377 1133 446 ge·
1183 348 1243 425 bic
1257 349 1390 426 Paulus
1404 372 1563 447 expresse
1580 355 1712 451 inquit,
1736 383 1800 454 per
1813 363 1981 454 gratiam,
2006 388 2095 462 quae
2118 386 2171 445 est

145 480 232 529 nere
247 451 418 532 humano.
469 451 534 525 Est
553 449 680 536 homo,
705 467 747 525 ut
762 454 887 527 offerat
911 457 1131 543 sacrificium,
1181 459 1291 528 unius
1312 450 1470 527 hominis
1483 452 1573 529 Iesu
1588 451 1752 545 Christi,
1777 478 1817 537 ut
1838 478 1985 540 testetur
2005 469 2110 543 nobis
2132 487 2168 547 et

145 558 307 631 derivata
320 559 359 629 iu
376 580 449 629 sese
464 557 517 627 ira
534 581 600 650 pro
614 578 740 648 genere
753 551 922 643 humano,
946 583 1065 652 quam
1089 573 1131 632 ιιι
1181 559 1288 631 iuitio
1316 560 1394 629 dari
1419 560 1665 635 remissionom
1692 581 1933 657 peccatorum,
1972 585 2007 644 et
2032 584 2166 663 postea,

144 660 320 735 sustinere
334 673 450 754 posset
465 659 628 746 offerens,
653 671 703 729 est
718 682 868 751 persona
882 660 1016 746 diviua,
1040 663 1130 733 sicut
1180 674 1326 754 propter
1358 662 1525 733 meritum
1557 667 1780 749 mediatoris,
1826 667 1895 741 Dei
1927 685 1962 744 et
1995 668 2166 751 hominis.
2268 730 2284 745 .

143 760 328 835 Hebraeos
347 786 446 833 nono
469 761 615 832 dicitur:
650 759 723 849 Qui
747 761 998 854 perspiritum
1016 777 1129 834 aeter·
1179 761 1306 833 Postea
1329 763 1464 835 donum
1488 766 1650 840 nominat
1666 773 1949 843 consecutionem
1970 775 2078 848 totius
2101 778 2165 850 be·

143 888 235 939 uum
276 888 350 936 sese
385 863 516 936 obtulit
555 864 821 936 immaculatum
853 862 941 937 Deo.
1007 861 1056 938 Et
1089 867 1128 936 in
1180 863 1316 950 nefieii,
1362 867 1525 939 videlicet
1558 870 1665 941 vitam
1699 886 1734 943 et
1765 872 1941 946 iusticiam
1975 891 2165 965 aeternam,

142 964 288 1065 Psalmo
305 965 383 1038 40.:
408 965 537 1049 Volui,
562 979 597 1038 et
611 967 666 1037 lex
680 962 749 1036 Dei
765 967 804 1037 in
821 969 926 1039 corde
941 991 1020 1039 meo
1040 981 1102 1044 est,
1179 989 1270 1062 quae
1298 968 1405 1039 datur
1431 970 1536 1040 nobis
1566 995 1627 1061 per
1655 974 1789 1058 filium,
1845 978 1909 1068 qui
1934 992 1986 1049 est
2014 981 2165 1051 verbum

151 1070 180 1161 J,
245 1070 466 1162 Deprecator
479 1069 583 1142 etiam
597 1083 648 1140 est
658 1067 755 1139 Deus
768 1083 802 1143 et
818 1065 944 1158 homo,
963 1072 1054 1141 nam'
1070 1095 1127 1141 ar·
1179 1068 1312 1140 aeterni
1341 1071 1470 1161 patris,
1516 1085 1549 1143 et
1579 1076 1640 1142 dat
1671 1077 1775 1147 nobis
1801 1074 1973 1170 Spiritum
2003 1095 2165 1153 sanctum

141 1164 274 1247 dnum
298 1171 485 1243 consilium
506 1171 640 1242 aeterni
662 1171 789 1264 patris,
826 1174 870 1241 de
890 1173 1038 1264 singulis
1060 1168 1127 1244 ho-
1179 1195 1294 1245 suum.
1346 1169 1468 1265 lnquit
1482 1171 1747 1261 autemEsaias,
1771 1173 1857 1250 haec
1870 1181 2038 1252 beneficia
2054 1182 2167 1275 accipi

141 1269 727 1365 iginibusvidethicdeprecator,
752 1288 871 1367 etpro
895 1276 1043 1365 singulis
1063 1299 1127 1367 ap·
1178 1269 1247 1343 hoc
1273 1275 1400 1353 modo,
1440 1275 1622 1360 videlicet,
1663 1280 1843 1368 agnitione
1874 1276 1982 1352 huius
2008 1283 2165 1354 ministri

140 1374 251 1469 plicat
272 1375 347 1468 ipse
378 1375 607 1456 sacrificium,
639 1378 736 1468 quod
759 1377 797 1445 iu
819 1389 945 1448 natura
971 1372 1126 1449 humana
1178 1374 1281 1459 iusti,
1303 1375 1424 1457 idest,
1451 1377 1537 1462 fide,
1561 1380 1605 1447 de
1627 1404 1695 1471 qua
1719 1404 1824 1472 supra
1848 1383 1952 1453 dixit:
1979 1382 2070 1471 Quis
2086 1409 2163 1454 cres

139 1478 250 1547 semel
266 1478 399 1548 factum
414 1491 476 1548 est.
526 1474 1125 1551 SicutHebraeosdecimodicitur:
1179 1477 1232 1549 dit
1245 1477 1383 1547 auditui
1400 1492 1533 1554 nostro.
1583 1477 1680 1552 Haec
1701 1483 1787 1551 fides
1810 1484 1969 1554 intuetur
1990 1485 2164 1557 mediato-

139 1576 337 1650 Voluntate
364 1579 474 1670 ipsius
496 1580 701 1652 sanctificati
725 1604 787 1671 per
808 1580 1023 1652 oblationem
1048 1605 1127 1652 eor·
1178 1602 1252 1650 rem
1266 1574 1383 1648 Deum
1401 1594 1434 1650 et
1454 1575 1656 1666 hominem,
1682 1596 1715 1654 et
1732 1597 1783 1654 est
1796 1585 1940 1670 fiducia,
1967 1587 2095 1679 quain
2120 1612 2164 1657 eo

138 1676 494 1773 porislesquristi.
547 1679 654 1754 ltem:
680 1681 859 1755 Habentes
877 1683 1042 1753 fiduciam
1068 1685 1126 1752 iu·
1178 1681 1450 1775 acquiescimus,
1491 1682 1574 1775 quia
1602 1683 1675 1774 ipse
1703 1708 1764 1755 sua
1788 1686 1988 1757 obedientia
2012 1688 2165 1778 placavit

137 1783 261 1853 trandi
276 1783 313 1851 iu
329 1796 448 1853 sancta
463 1807 527 1874 per
544 1784 749 1875 sanguinem
768 1782 857 1859 lesu,
910 1784 999 1857 Vult
1018 1785 1127 1875 igitur
1178 1783 1268 1853 iram
1284 1783 1417 1853 aeterni
1431 1783 1560 1874 patris,
1586 1798 1621 1855 et
1637 1787 1725 1856 dans
1738 1786 1980 1857 remissionem
2003 1804 2164 1880 peceato-

136 1882 247 1955 fidem
267 1898 422 1954 nostram
447 1885 579 1955 intueri
602 1882 699 1958 bunc
720 1887 970 1972 mediatorem,
1008 1886 1126 1959 Deum
1177 1909 1277 1971 rum,
1298 1884 1404 1955 simul
1420 1885 1458 1953 iu
1474 1885 1579 1956 uobis
1596 1900 1648 1959 est
1664 1889 1795 1975 efficax,
1821 1890 1909 1961 sicut
1926 1890 2059 1984 iuquit:
2085 1887 2163 1981 Ego

136 1998 177 2057 et
201 1981 403 2065 hominem,
430 1999 464 2057 et
487 1986 554 2058 niti
575 1989 686 2080 ipsius
709 1988 880 2059 sacrificio
903 2013 965 2060 seu
988 1990 1127 2074 merito,
1177 1988 1285 2058 vitam
1304 1999 1482 2056 aeternam
1499 1989 1546 2057 do
1560 1989 1621 2059 eis.

135 2099 178 2157 et
202 2086 308 2179 ipsius
331 2088 598 2178 deprecatione,
629 2084 698 2160 hoe
720 2113 801 2161 cum
823 2091 881 2176 fit,
922 2091 1029 2161 simul
1051 2095 1125 2182 ipse
1277 2086 1424 2159 LXXV.
1467 2087 1590 2180 Fides,
1624 2114 1713 2183 quae
1744 2091 1904 2164 intuetur
1931 2094 2162 2163 mediatorem

134 2201 191 2258 ert
205 2189 324 2258 efficax
338 2188 378 2257 in
396 2190 519 2275 nohis,
544 2205 579 2264 et
591 2191 747 2263 vivificat
760 2215 838 2264 nos.
1176 2189 1293 2262 Deum
1316 2202 1350 2259 et
1372 2184 1576 2276 hominem,
1601 2205 1635 2262 et
1657 2192 1787 2263 nititur
1806 2194 1932 2265 merito
1948 2194 2164 2277 mediatoris,

239 2287 410 2364 Lxxttt.
440 2287 722 2385 Semperinhac
735 2292 807 2365 vita
824 2293 864 2365 in
878 2291 1125 2364 iustificatione
1176 2316 1237 2363 seu
1268 2291 1402 2383 gratia,
1440 2314 1510 2385 qua
1536 2291 1610 2385 ipse
1631 2307 1793 2384 acceptus
1815 2308 1866 2366 est
1890 2310 2031 2367 aeterno
2059 2294 2165 2386 patri,

134 2387 509 2480 eomprehenduntur,
534 2394 641 2467 simul
665 2408 701 2466 et
719 2395 878 2466 remissio
893 2411 1125 2486 peccatorum,
1176 2407 1321 2486 propter
1343 2416 1449 2488 quem
1482 2407 1517 2463 et
1545 2418 1629 2481 nos,
1670 2396 1732 2488 qui
1753 2418 1874 2466 sumus
1895 2400 1971 2468 eius
1993 2398 2165 2481 membra,

135 2491 396 2578 etvivificatio,
434 2518 524 2587 quae
555 2496 594 2567 fic
621 2520 685 2589 per
711 2497 826 2568 filium
847 2495 915 2568 Dei
942 2496 980 2566 in
1009 2497 1125 2584 nobis,
1175 2495 1308 2586 accepti
1330 2517 1462 2569 sumus,
1513 2491 1775 2589 Haecinquam
1798 2498 1899 2585 fides,
1925 2522 2014 2591 quae
2037 2496 2165 2568 nititur

135 2592 229 2665 sieut
242 2590 351 2668 Rom.
375 2607 501 2689 quarto
525 2620 684 2688 expresse
709 2593 1122 2690 comprehendit-remis-
1174 2598 1300 2667 merito
1316 2594 1559 2682 hliiMessiae,
1586 2611 1639 2667 est
1657 2597 1731 2689 ipsa
1748 2598 1875 2669 fiducia
1892 2600 2166 2682 misericordiae,

135 2694 274 2767 aionem
292 2709 535 2786 peccatorum:
562 2697 663 2773 Beati
679 2725 834 2796 quorum
853 2699 1018 2773 remissae
1039 2717 1123 2774 sunt
1175 2710 1405 2796 quapropter
1423 2721 1502 2768 eum
1518 2712 1620 2790 pater
1636 2722 1702 2769 nos
1718 2699 1854 2792 recipit.
1903 2696 1952 2772 Et
1975 2720 2055 2770 cum
2073 2698 2165 2769 Pro·

134 2794 360 2890 iniquitates,
386 2811 421 2867 et
442 2823 595 2892 quorum
620 2817 708 2874 tecta
726 2813 809 2872 sunt
830 2817 978 2894 peccata.
1031 2804 1124 2874 Ver·
1175 2796 1301 2896 phetae
1315 2801 1361 2869 ad
1379 2799 1658 2870 misericordiam
1680 2802 1924 2891 confugerint,
1949 2804 1994 2872 de
2008 2796 2073 2870 hac
2087 2800 2165 2892 ipsa

134 2898 222 2969 bum
237 2898 346 2988 igitur
360 2899 567 2984 iustificare,
593 2903 813 2995 intelligatur
824 2928 865 2974 ex
880 2904 969 2991 reis,
995 2920 1030 2978 ιι
1049 2931 1122 2977 non
1174 2905 1243 2974 fide
1259 2914 1468 2992 agnoscente
1481 2914 1516 2972 et
1531 2897 1817 2994 apprehendente
1832 2903 2060 2973 mediatorem
2078 2924 2164 2971 con—

135 2994 349 3072 habentibus
371 3002 545 3072 iusticiam
563 3002 648 3092 Dei,
673 3007 748 3077 fieri
768 3030 844 3077 non
861 3029 957 3091 reos,
981 3011 1041 3078 sed
1058 3010 1124 3080 ab·
1176 3006 1382 3089 cinnantur,
1406 3015 1552 3094 propter
1571 3027 1675 3098 quem
1696 3005 1869 3095 promissa
1893 3018 1944 3075 est
1963 3004 2164 3074 misericor-

134 3102 290 3185 rulutos,
319 3117 352 3173 et
375 3098 544 3175 habentes
561 3103 761 3186 Christum,
787 3108 850 3201 qui
873 3122 907 3178 et
929 3109 1049 3179 efficax
1073 3124 1125 3182 est
1176 3108 1251 3191 dia,
1275 3107 1365 3176 sicut
1379 3101 1508 3173 Daniel
1527 3104 1659 3199 inquit:
1685 3103 1768 3176 Non
1789 3119 1933 3199 propter
1948 3120 2085 3176 nostras
2106 3108 2165 3175 iu-

134 3204 173 3275 irr
194 3205 322 3284 nobis,
349 3219 382 3275 et
400 3206 539 3277 assidue
560 3231 624 3297 pro
645 3210 749 3280 nobis
764 3222 898 3299 patrem
914 3209 1124 3301 interpellat,
1175 3208 1309 3285 stirias,
1336 3209 1394 3275 sed
1414 3206 1450 3273 in
1469 3207 1707 3276 misericordia
1725 3221 1784 3277 tua
1800 3208 2004 3277 exaudinos
2019 3219 2164 3298 propter

133 3318 174 3377 ut
187 3320 334 3400 propter
348 3307 458 3398 ipsius
475 3310 680 3381 sacrificium
698 3312 743 3383 sit
760 3311 933 3400 placatur,
956 3323 991 3380 et
1006 3312 1124 3402 impu.
1175 3307 1383 3379 Dominum,
1433 3301 1481 3376 Et
1496 3304 1635 3377 Psalmo
1653 3307 1705 3380 6.:
1730 3307 1905 3393 Domine,
1929 3332 1974 3376 ne
1991 3308 2028 3375 in
2044 3309 2164 3376 surore

133 3422 230 3481 ιιιιιι·
250 3409 357 3479 nobis
379 3410 454 3479 eius
477 3410 627 3488 iusticia.
679 3411 758 3485 Hoc
780 3413 825 3482 de
840 3407 974 3482 Christi
996 3415 1122 3485 merito
1176 3426 1378 3497 tuoarguas
1394 3429 1470 3487 me,
1497 3409 1632 3477 salvum
1651 3433 1707 3476 me
1725 3411 1778 3479 lac
1797 3423 1940 3501 propter
1963 3408 2165 3477 misericor-

133 3510 321 3603 complecti
337 3535 476 3580 neccsse
492 3527 553 3585 est.
1176 3513 1271 3583 diam
1288 3525 1383 3581 tuam
1407 3522 1471 3579 ιιι.
1523 3506 1571 3580 Ει
1586 3508 1726 3579 Psalmo
1752 3509 2058 3604 quinquagesimo:
2088 3508 2165 3578 Mi-

234 3610 402 3683 LXXIV.
433 3610 558 3684 Esaiae
572 3613 634 3686 53.
648 3616 795 3688 dicitur:
825 3616 964 3690 Noticia
979 3618 1033 3687 sui
1049 3640 1122 3686 scr·
1175 3636 1290 3685 serere
1311 3611 1380 3679 mei
1403 3611 1523 3693 Deus,
1558 3612 1751 3681 secundum
1776 3634 1938 3701 magnam
1963 3611 2164 3680 misericor-

131 3734 198 3785 rus
219 3737 321 3785 meus
343 3714 474 3797 iustus,
511 3716 714 3790 iustificabit
742 3721 887 3795 multos.
951 3718 1021 3790 Hic
1050 3744 1122 3789 non
1175 3716 1270 3786 diam
1303 3725 1412 3787 tuam.
1483 3710 1552 3783 Ubi
1579 3725 1696 3804 postea
1726 3714 1955 3783 mediatorem
1983 3713 2166 3802 significat,

131 3816 284 3885 dubium
306 3829 376 3901 est,
401 3818 471 3887 dici
496 3820 540 3887 de
555 3817 705 3903 Messio,
732 3823 795 3916 qni
816 3822 1022 3892 nominatur
1038 3820 1123 3890 Ser-
1176 3817 1349 3909 Asperges
1365 3838 1420 3882 me
1430 3808 1584 3882 Domine
1600 3807 1747 3908 hysopo,
1773 3814 1807 3881 id
1829 3829 1897 3899 est,
1924 3828 2068 3904 propter
2081 3836 2165 3881 san·

133 3936 214 3997 rur,
235 3916 352 3996 idest,
379 3919 549 4005 minister,
566 3921 694 3993 missus
709 3925 752 3994 ad
769 3918 860 3995 hauc
873 3921 1124 4008 obedientiam,
1175 3919 1318 4011 guinem
1351 3916 1415 3984 filii
1447 3913 1498 3984 tui
1529 3914 1685 3985 remittas
1705 3909 1794 3984 mihi
1819 3928 1969 4006 peccata.
2026 3912 2166 3985 Deinde

131 4030 172 4089 ut
195 4042 313 4089 vocem
330 4016 536 4112 Evangelii,
564 4024 736 4115 prolatam
759 4024 1124 4114 exsinuaeternipa-
1176 4021 1281 4092 etiam
1314 4041 1396 4087 vere
1421 4018 1466 4084 de
1487 4016 1638 4086 efficacia
1677 4016 1715 4083 in
1745 4017 1849 4084 nohis
1879 4016 2052 4108 loquitur:
2093 4014 2166 4086 Cor

131 4119 218 4203 tris,
251 4136 355 4192 sonet
379 4123 475 4192 inter
497 4118 679 4214 homines,
712 4128 828 4198 etfiat
851 4127 1023 4209 Victima,
1049 4124 1124 4198 Re·
1177 4123 1351 4192 mundum
1368 4142 1444 4188 crea
1460 4117 1498 4184 in
1515 4142 1570 4186 me
1584 4113 1681 4188 Deus
1696 4129 1759 4186 etc.
1812 4116 1862 4187 lta
1879 4117 2011 4209 ubique
2027 4114 2166 4186 voxdi—

131 4222 272 4294 deantur
306 4237 340 4293 et
362 4223 545 4304 Salvator,
596 4227 687 4297 sicut
710 4225 837 4299 Esaiae
860 4227 922 4302 42.
953 4228 1122 4318 scriptum
1175 4225 1259 4293 vina
1289 4234 1482 4312 utrumque
1516 4219 1701 4309 proponit,
1749 4218 2048 4302 consolationem,
2096 4238 2166 4309 qua

131 4312 198 4395 ret:
220 4320 316 4395 Ecce
332 4348 453 4395 servus
468 4351 578 4412 meus,
607 4353 678 4420 quo
694 4330 887 4401 delectatur
900 4330 1018 4400 anima
1034 4353 1123 4402 mea.
1177 4337 1322 4417 propter
1346 4321 1575 4389 mediatorem
1598 4314 1768 4388 habemus
1785 4319 2028 4389 remissionem
2045 4341 2167 4411 peeca-

131 4420 198 4495 llic
218 4427 382 4497 minister
403 4425 500 4497 Deus
522 4443 556 4498 ct
583 4424 710 4510 homo,
756 4430 958 4503 iustificabit
981 4432 1124 4517 multos,
1176 4441 1294 4498 torum
1309 4436 1344 4492 et
1362 4419 1698 4494 reconciliationem,
1750 4416 1889 4491 Deinde
1908 4435 1943 4490 et
1970 4421 2166 4505 sanctifica,-

131 4540 163 4599 rt
176 4528 422 4599 remissionem
440 4545 660 4619 peccatorum
686 4533 804 4618 dabit,
830 4547 865 4604 et
888 4532 988 4603 dabit
1009 4545 1123 4603 acter-
1176 4530 1309 4600 tionem
1326 4537 1361 4594 et
1374 4521 1666 4604 vivificationem,
1692 4521 1731 4590 in
1748 4546 1816 4614 qua
1832 4523 1927 4593 filius
1941 4522 2011 4592 Dei
2030 4545 2111 4591 vere
2127 4520 2168 4589 in

131 4650 213 4701 urm
230 4629 340 4703 vitam
357 4644 391 4701 et
406 4630 594 4707 iusticiam,
644 4630 1013 4726 Complectiturenim
1031 4634 1123 4705 inte·
1175 4630 1281 4702 nobis
1305 4639 1359 4696 est
1380 4625 1512 4696 efficax.
1562 4618 1610 4692 Et
1632 4617 1717 4693 haec
1743 4624 1907 4696 nominat
1925 4622 2058 4693 Paulus
2073 4620 2167 4691 Gra·

131 4752 231 4821 grum
246 4730 477 4814 heneficium,
501 4732 591 4805 sicut
605 4736 775 4807 usitatum
788 4751 839 4809 est
853 4736 892 4805 iu
915 4731 1121 4830 prophetico
1174 4734 1259 4806 tiam
1276 4741 1311 4800 et
1324 4724 1467 4797 Donum
1482 4747 1545 4816 per
1559 4722 1725 4813 gratiam,
1752 4739 1908 4817 quaeest
1928 4725 2034 4795 unius
2050 4717 2168 4799 homi,-

131 4852 304 4904 remoue.
373 4830 507 4903 Paulus
537 4848 655 4906 autem
687 4837 737 4909 ita
767 4839 929 4909 nominat
952 4838 1122 4908 beneficia
1174 4828 1333 4906 nislrsu
1349 4816 1506 4899 Christi.

131 4928 236 5007 Rom.
252 4931 292 5008 6.
319 4932 446 5005 Gratia
457 4930 536 5016 Dei,
562 4950 597 5009 ιι
614 4939 750 5009 donum
767 4940 1006 5032 pergratiam,
1032 4963 1122 5032 quae
1274 4926 1441 5006 Lxxvt.
1481 4924 1653 5017 Quotidie
1682 4925 1723 4995 in
1752 4922 1960 4996 recitatione
1999 4923 2166 5016 symboli,

131 5034 303 5107 utunius
318 5031 477 5105 hominis
489 5031 579 5107 Iesu
594 5026 761 5120 Christi,
789 5043 956 5113 exuberat
972 5041 1013 5109 in
1026 5042 1122 5111 mul·
1173 5062 1254 5110 eum
1288 5032 1475 5104 recitamus
1508 5028 1714 5100 articulum:
1766 5023 1885 5096 Credo
1921 5025 2167 5094 remissionem

131 5146 194 5211 tur.
254 5133 418 5208 Gratiam
441 5131 670 5210 hauddubie
692 5142 855 5214 nominat
876 5142 1121 5213 remissionem
1172 5150 1407 5232 peecatorum,
1435 5130 1775 5213 lidesconbrmetur,
1801 5139 1836 5198 et
1853 5126 1903 5198 sic
1918 5138 2057 5210 statuat,
2075 5119 2165 5195 mibi

131 5248 369 5327 precatorum,
399 5251 436 5309 et
453 5239 780 5315 reconciliationem
808 5243 1018 5335 gratuitam,
1050 5266 1121 5337 qua
1171 5260 1313 5335 quoque
1343 5233 1476 5307 remitti
1506 5244 1664 5325 peecata,
1702 5227 1819 5303 Credo
1848 5228 1945 5300 iuxta
1969 5229 2104 5299 dictum
2125 5227 2166 5305 in

131 5358 250 5413 turnus
272 5337 406 5435 recepti
417 5338 512 5428 Deo,
537 5356 687 5437 propter
704 5345 954 5434 mediatorem,
980 5346 1025 5418 de
1046 5369 1121 5438 quo
1171 5341 1272 5415 Actis
1286 5335 1400 5431 capite
1413 5334 1572 5418 decimo,
1596 5332 1693 5428 quod
1709 5351 1832 5404 omncs
1846 5324 2049 5424 Prophetae
2066 5324 2167 5404 testi-
