4680 6038
68 216 119 293 25
569 212 729 291 DECL.
761 213 838 291 DE
876 208 1223 289 DIGNleTE
1261 208 1473 290 LEGUM
1508 236 1591 292 arc.
2045 224 2096 299 ΞΘ

67 390 157 463 tudo
177 388 321 461 virtutis
340 388 502 460 accendit
524 388 664 458 animos
685 388 730 456 ad
754 409 832 457 cam
857 390 1059 461 amandam.
1109 387 1257 456 tandem
1272 386 1421 479 singulis
1437 387 1656 478 attribuunt,
1683 389 1813 480 gradus
1832 387 1939 461 etiam
1961 391 2098 467 faciunt

67 490 212 564 Deinde
236 494 330 582 leges
360 512 586 582 cognoscere,
618 502 671 561 est
695 489 828 561 intueri
851 502 960 563 totam
984 491 1061 561 sor·
1109 488 1147 556 in
1162 490 1317 580 praediis
1331 491 1548 562 militaribus
1564 504 1598 562 et
1612 492 1690 562 aliis
1712 492 1828 565 rebus
1880 490 1978 564 Haec
1992 494 2098 565 dissi-

67 616 162 664 mam
178 590 423 684 Reipublicae.
473 590 565 662 Cum
582 590 720 665 Atticae
735 590 889 663 civitatis
905 607 966 665 aut
981 590 1060 663 Ro-
1108 590 1275 662 militudo
1290 616 1364 663 non
1382 594 1530 686 impedit
1544 594 1720 681 iusticiam
1736 608 1913 667 aeternam
1929 608 1964 667 et
1978 610 2095 668 motus

68 718 198 765 manae
228 696 322 786 leges
345 694 556 785 cogitamus,
586 693 753 764 videmur
775 696 876 786 quasi
898 696 994 766 cives
1020 695 1058 765 in
1107 693 1250 763 divinos
1274 693 1311 763 in
1333 697 1457 782 corde,
1501 696 1574 767 imo
1595 697 1672 770 vult
1693 696 1789 767 Dens
1817 699 2003 771 ostendere
2031 722 2095 770 sno

67 796 141 867 illia
156 795 246 889 ipsis
258 796 410 866 urbibus
430 796 567 880 vivere,
592 794 774 865 intuemur
795 797 960 866 ordinem
978 794 1060 865 Ma-
1107 817 1285 890 quemque
1304 796 1382 867 loco
1403 797 1440 866 iu
1465 792 1521 866 his
1539 799 1645 869 rebus
1667 799 1906 871 obedientiam
1928 820 2008 892 erga
2031 824 2096 896 pa·

68 899 299 990 gistratunm,
348 898 505 989 exempla
545 896 769 988 disciplinae,
822 899 1059 970 severissimas
1107 896 1193 966 trias
1208 898 1300 987 leges
1317 921 1378 969 seu
1394 901 1557 971 duriores
1570 908 1632 971 sen'
1651 901 1816 977 leniores.

68 999 239 1073 scelerum
268 1016 428 1091 poenas,
466 998 578 1090 Appii
609 998 816 1081 libidinosi,
854 1000 1059 1073 Decemviri
1210 992 1347 1070 Multae
1361 1024 1509 1092 maguae
1528 1024 1652 1072 causae
1674 1005 1839 1086 luerunt,
1864 1028 1929 1077 cur
1951 1021 1985 1081 et
2008 1032 2095 1080 con-

66 1124 199 1187 necem,
224 1099 422 1187 satiemini,
447 1098 624 1172 Catilinae
637 1113 672 1172 et
688 1100 956 1174 coniuratorum
973 1126 1057 1195 sup·
1106 1098 1228 1171 stituta
1249 1101 1296 1173 sit
1313 1103 1437 1193 politia
1451 1102 1609 1174 Mosaica
1628 1119 1662 1176 et
1676 1121 1794 1198 postea
1811 1107 1937 1181 deleta.
1989 1108 2095 1183 Nunc

65 1204 190 1298 plicia,
211 1201 378 1274 consilia
400 1203 681 1274 moderatissima
702 1204 743 1273 iu
765 1204 931 1276 sedandis
954 1205 1057 1275 bellis
1106 1203 1232 1272 rudera
1260 1217 1296 1275 et
1323 1204 1457 1275 cineres
1481 1221 1514 1278 et
1544 1203 1683 1301 ἐρείπια
1712 1209 1750 1278 iu
1776 1209 1848 1278 illis
1859 1211 1957 1282 'locis
1980 1236 2093 1285 annos

64 1305 242 1389 civilibus,
268 1299 479 1399 ἀμνηστίαν
493 1305 661 1376 sancitam
676 1299 1057 1400 aThrasybnloAthc·
1104 1303 1203 1373 mille
1226 1306 1503 1399 quadringentos
1530 1309 1723 1398 octoginta,
1764 1311 2006 1383 testimonium
2033 1314 2091 1383 di·

64 1408 136 1491 nis,
162 1418 201 1478 et
214 1403 355 1478 Romae
371 1432 390 1475 a
405 1405 558 1493 Senatu,
571 1419 665 1500 post
681 1404 905 1479 interiectum
923 1406 1055 1479 lulium
1104 1419 1210 1496 cunt,
1236 1406 1315 1476 aliis
1335 1409 1498 1498 gentibus
1516 1433 1589 1479 non
1606 1412 1834 1481 necessariam
1850 1435 1925 1483 esse
1939 1415 2092 1485 sormam
2235 1444 2238 1451 ·

62 1506 268 1591 Caesarem,
292 1521 334 1579 ut
347 1509 510 1600 publicae
524 1532 627 1580 caum
650 1508 783 1600 singuli
800 1510 845 1580 dc
867 1533 932 1582 suo
954 1512 1056 1582 cede·
1104 1507 1180 1577 cius
1201 1508 1358 1599 politiae.
1420 1507 1497 1580 lmo
1520 1536 1565 1582 ne
1590 1525 1674 1583 tuuc
1697 1514 1841 1608 quidem
1858 1509 2016 1586 Ecclesia
2035 1516 2092 1587 illi

62 1624 159 1692 rent,
183 1613 331 1679 modum
347 1633 548 1686 usurarum.
1103 1609 1248 1700 politiae
1263 1623 1400 1683 tautum
1426 1611 1560 1682 inclusa
1584 1629 1668 1685 erat.
1724 1610 1849 1707 loseph
1873 1615 1911 1684 in
1927 1612 2091 1712 Aegypto
2130 1650 2138 1665 ·

162 1710 304 1782 Harum
331 1735 450 1783 rerum
479 1713 642 1783 omnium
670 1711 924 1800 consideratio,
964 1734 1055 1807 quac
1103 1734 1157 1780 res
1178 1712 1353 1782 iudicabat
1368 1711 1550 1809 Aegyptiis
1570 1715 1718 1806 legibus.
1770 1713 1898 1787 Daniel
1917 1718 1955 1787 in
1971 1717 2092 1789 Persia

64 1815 140 1886 sine
160 1812 278 1904 legum
300 1812 491 1884 collatione
512 1815 588 1885 lieri
613 1839 687 1885 non
708 1826 840 1907 potest,
865 1818 909 1888 de
932 1813 1054 1883 multis
1103 1810 1263 1885 Persicis.
1322 1815 1609 1906 Nabugdonosor
1631 1817 1669 1886 in
1690 1814 1875 1913 Babylone
1891 1816 2090 1914 Babyloni-

64 1916 201 2008 magnis
215 1914 322 1985 rebus
334 1937 401 1985 nos
413 1916 682 1988 commonefacit
701 1918 740 1987 in
764 1929 836 1989 tota
855 1917 946 2003 vita,
969 1936 1053 1986 nos-
1101 1913 1164 1985 cis.
1215 1909 1410 1986 Nahamam
1428 1918 1466 1987 in
1475 1918 1578 2012 Syria
1587 1917 1752 2014 Syriacis.
1801 1917 2092 1995 Corneliuchn·

64 2042 131 2113 qne
143 2019 189 2088 ad
206 2016 382 2088 iusticiam
400 2030 434 2090 et
446 2019 656 2090 modestiam
674 2017 795 2090 flectit.
1101 2017 1196 2086 turio
1212 2014 1388 2089 Romanis
1402 2019 1537 2109 legibus
1552 2019 1723 2112 praesidia
1740 2019 1843 2091 rexit.

160 2117 234 2192 Sed
265 2118 401 2191 indocti
435 2120 541 2193 multi
569 2134 604 2194 et
637 2119 790 2191 ludricis
820 2118 1052 2212 opinionibus
1202 2116 1271 2190 Sed
1290 2113 1376 2190 haec
1393 2122 1641 2216 tota'quaestio
1656 2122 1743 2193 alibi
1767 2143 1869 2216 saepe
1889 2122 2090 2195 luculenter

63 2220 241 2300 lascinati,
267 2221 390 2293 dicunt
405 2222 523 2315 potius
537 2220 648 2295 Moisi
673 2222 765 2313 leges
786 2221 825 2290 iu
849 2222 968 2292 sorum
992 2242 1051 2290 rc·
1099 2219 1268 2311 explicata
1284 2234 1353 2307 est,
1381 2246 1452 2316 quo
1470 2224 1581 2314 magis
1596 2225 1800 2295 detestanda
1824 2236 1875 2295 est
1894 2225 2089 2296 multorum

64 2325 242 2393 vocandas
271 2345 362 2393 esse:
403 2323 466 2394 alii
496 2322 713 2396 indoctiores
753 2323 879 2395 dicunt
915 2346 1049 2394 novum
1099 2344 1174 2390 non
1204 2322 1320 2392 solum
1349 2324 1509 2409 inscitia,
1541 2325 1600 2395 sed
1633 2326 1738 2395 etiam
1764 2325 1993 2419 perversitas,
2026 2324 2091 2419 qui

62 2425 115 2496 ius
130 2448 174 2496 ex
190 2422 388 2515 Evangelio
405 2426 608 2497 cudendum
623 2448 706 2496 esse.
1099 2446 1302 2517 quanquam
1325 2426 1508 2519 perspicue
1528 2427 1689 2498 refutati:
1726 2439 1844 2498 tamen
1871 2428 2090 2521 lucerenon

157 2524 422 2598 Hosfanaticos
438 2529 575 2599 furores
590 2527 686 2599 scitis
700 2550 803 2619 saepe
826 2527 897 2597 iam
920 2524 1049 2596 firmis-
1098 2525 1285 2611 desinunt,
1311 2551 1462 2621 cumque
1477 2552 1541 2598 nec
1555 2525 1808 2618 Evangelium,
1831 2551 1896 2598 nec
1920 2528 1976 2598 sui
1998 2527 2089 2599 iuris

60 2629 158 2699 simis
171 2642 207 2700 ct
221 2629 415 2721 perspicuis
430 2629 646 2720 argumentis
661 2630 829 2700 retentos
842 2652 927 2700 esse.
976 2627 1047 2701 Sed
1098 2627 1214 2698 fontes
1236 2628 1453 2720 intelligant,
1478 2631 1584 2701 stulte
1605 2645 1638 2701 et
1660 2630 1768 2722 impie
1787 2630 1825 2700 in
1848 2652 1961 2700 uuum
1982 2623 2089 2700 chaus

59 2730 144 2827 quia
163 2754 241 2801 non
268 2732 480 2821 praemoniti
502 2732 605 2802 facile
627 2733 817 2803 turbantur
835 2744 870 2803 et
891 2729 1049 2803 novitate
1098 2740 1288 2823 utrumque
1320 2733 1564 2816 confundunt,
1615 2745 1649 2803 ct
1680 2732 1818 2822 lingunt
1856 2731 2088 2801 deliramenta

57 2832 377 2925 emporiticae,
402 2832 560 2905 iuniores
583 2833 764 2906 interdurn
781 2834 826 2903 de
849 2828 907 2902 his
924 2833 1048 2925 dispu-
1097 2852 1263 2922 prorsus,
1305 2846 1347 2904 ut
1376 2833 1524 2915 dicitur,
1564 2829 1649 2905 οὔτε
1678 2837 1767 2933 γῆς,
1804 2831 1890 2906 οὔτε
1922 2828 2088 2927 οὐρανοῦ

57 2934 253 3007 tationibns
272 2936 611 3006 commonefaciendi
633 2949 728 3011 sunt.
787 2933 958 3006 Videmus
979 2931 1046 3004 hoc
1096 2926 1301 3025 ἁπτόμενα.
1352 2932 1538 3027 Sapienter
1552 2935 1792 3009 discernamus
1806 2958 1933 3027 genera
1952 2932 2088 3004 doctri-

56 3037 232 3120 accidere,
256 3049 298 3110 nt
311 3032 362 3121 hi,
386 3037 449 3132 qui
464 3061 538 3109 non
552 3051 637 3110 sunt
651 3063 671 3109 a
686 3037 818 3109 teneris
832 3049 925 3108 recte
940 3036 1044 3107 insti·
1096 3056 1246 3120 narum,
1278 3048 1313 3107 et
1332 3047 1374 3106 ut
1397 3034 1528 3107 Paulus
1553 3038 1740 3130 praecipit,
1775 3051 1869 3109 recte
1892 3036 2089 3131 partiamur

56 3138 122 3211 tuti
138 3141 187 3209 de
199 3139 405 3209 discrimine
420 3140 517 3212 vitae
534 3140 699 3233 politicae
710 3155 745 3211 ct
758 3139 919 3211 iustitiae
933 3154 1046 3210 aeter·
1096 3158 1294 3206 samonem
1309 3136 1484 3223 divinum,
1498 3138 1760 3209 cousideremns
1772 3137 1961 3210 discrimen
1976 3149 2089 3207 aeter·

56 3264 139 3327 nae,
165 3263 212 3310 ne
226 3240 365 3332 possint
381 3243 526 3336 quidem
540 3241 670 3316 sanari.
710 3235 1046 3330 Fontesigitnrha-
1097 3236 1337 3309 naeiusticiac
1353 3253 1388 3308 et
1405 3240 1587 3332 politicae,
1613 3241 1779 3310 luceatiu
1795 3238 1968 3310 cordesol
1985 3238 2089 3308 iusti-

55 3366 132 3413 rum
148 3342 408 3415 refutationum
422 3344 566 3414 tenendi
586 3355 688 3428 sunt,
713 3342 777 3436 qui
793 3341 1045 3433 amplissimam
1096 3338 1187 3422 ciac,
1219 3339 1313 3408 lilius
1325 3336 1413 3423 Dei,
1441 3354 1475 3411 et
1489 3342 1635 3410 ardeant
1652 3353 1792 3431 pectora
1807 3364 1889 3411 vera
1904 3337 2087 3428 agnitione

56 3443 257 3518 doctrinam
271 3446 475 3528 continent,
501 3446 625 3516 utilem
641 3457 675 3515 ct
691 3447 736 3514 sd
752 3444 969 3535 agnitionem
978 3440 1046 3513 Dei
1096 3453 1130 3510 et
1149 3440 1371 3529 invocatione
1384 3439 1471 3527 Dei,
1496 3454 1531 3511 et
1554 3441 1702 3512 aliarum
1728 3442 1901 3514 virtutum
1922 3441 2086 3514 flammis.

55 3549 155 3619 etad
181 3548 418 3617 reverentiam
439 3547 578 3640 politici
602 3545 751 3617 ordinis.
809 3542 1044 3636 Evangelium
1096 3539 1144 3613 Et
1167 3542 1205 3611 in
1231 3556 1374 3615 externa
1396 3568 1437 3614 ac
1458 3541 1554 3614 civili
1576 3544 1831 3615 consuetudine
1852 3543 2087 3614 ostendantur

54 3651 98 3720 de
119 3649 412 3721 reconciliatione
435 3650 520 3735 Dei,
553 3662 587 3721 ct
608 3652 654 3719 de
675 3660 816 3719 aeterna
841 3647 979 3719 iusticia
1005 3647 1044 3715 in
1096 3643 1292 3729 invocatio,
1319 3644 1512 3730 fortitudo,
1536 3645 1719 3735 diligentia
1735 3645 1910 3717 societatis
1923 3646 2087 3718 tuendae.

54 3750 185 3822 nostris
207 3751 374 3822 cordibus
398 3752 647 3837 concionatur,
678 3773 768 3844 quae
789 3749 882 3821 tilius
897 3748 965 3821 Dei
987 3772 1044 3818 rc·
1097 3743 1178 3819 Non
1193 3744 1367 3818 Titanum
1384 3770 1504 3827 more,
1530 3747 1663 3816 bellum
1680 3747 1779 3817 coelo
1796 3760 1857 3819 aut
1873 3746 2010 3837 legibus
2027 3744 2085 3814 in·

54 3849 388 3925 trahitexacternis
404 3853 547 3945 poenis,
570 3876 650 3923 cum
667 3853 737 3922 fide
755 3854 800 3922 ad
817 3876 898 3923 eum
915 3851 1043 3923 consu·
1094 3849 1241 3921 seratur.
1291 3846 1340 3920 Ut
1353 3860 1470 3919 autem
1487 3846 1634 3918 Titanes
1649 3848 1862 3920 fulminibus
1877 3845 2085 3918 coelestibus

56 3956 186 4044 gimns,
212 3968 248 4026 et
264 3957 374 4026 donat
391 3978 483 4026 nova
497 3956 576 4026 luce
590 3966 623 4025 et
631 3952 769 4046 Spiritu
784 3968 906 4026 sancto
921 3976 1044 4024 accen·
1095 3948 1256 4042 dissipati
1271 3963 1306 4021 et
1320 3948 1495 4021 interlecti
1507 3962 1607 4021 sunt:
1639 3950 1688 4021 ita
1705 3950 1849 4020 tandem
1867 3948 2011 4021 fanatici
2030 3947 2086 4017 itti

57 4058 293 4127 denteveram
309 4054 377 4127 Dei
391 4057 653 4129 invocationem
668 4069 702 4128 et
720 4056 809 4127 alios
834 4068 952 4128 motus
975 4054 1044 4146 legi
1095 4047 1214 4123 hostes
1228 4050 1345 4142 legum
1369 4046 1559 4122 horrendis
1579 4052 1748 4145 exemplis
1767 4074 1787 4120 a
1804 4048 1882 4121 Deo
1905 4052 2083 4121 dolentur.

53 4155 122 4229 Dei
132 4173 373 4249 congnteutes.
403 4156 539 4230 interea
556 4159 594 4228 iu
607 4159 679 4230 vita
696 4158 792 4228 civili
809 4156 893 4230 sinit
907 4180 973 4227 uos
986 4156 1043 4227 uti
1094 4154 1169 4225 Vos
1195 4152 1305 4244 igitur
1330 4153 1489 4225 iuniores
1510 4149 1685 4224 adhortor
1710 4153 1885 4246 primum,
1916 4166 1958 4224 ut
1994 4147 2086 4241 grati

52 4261 187 4350 legibus
204 4261 452 4353 imperiorum,
479 4261 516 4329 iu
533 4260 664 4354 quibus
680 4260 846 4333 vivimus.
893 4257 1043 4350 Colligi-
1094 4255 1292 4347 agnoscatis
1329 4254 1541 4327 beneficium
1577 4251 1663 4339 Dei,
1710 4256 1806 4350 quod
1841 4254 2084 4343 incorruptam

49 4376 108 4433 tur
125 4364 223 4433 enim
241 4356 327 4433 haec
344 4376 485 4433 aeterna
504 4359 661 4432 Ecclesia
686 4361 724 4430 in
745 4342 861 4431 variis⁰
874 4359 1042 4454 imperio·
1094 4357 1292 4429 doctrinam
1307 4370 1342 4429 et
1358 4357 1402 4428 de
1414 4352 1514 4449 Deo,
1540 4370 1575 4428 et
1598 4356 1642 4427 de
1663 4352 1730 4427 hac
1746 4356 1844 4427 civili
1868 4357 1939 4426 vita
1961 4353 2086 4424 audia-

49 4488 126 4536 mm
143 4464 246 4549 iocis,
266 4488 419 4557 qnorum
434 4488 480 4533 ne
495 4477 608 4556 potest
623 4463 767 4557 quidem
783 4465 905 4535 eadem
921 4465 1042 4534 loren·
1093 4461 1157 4546 tis,
1187 4460 1317 4531 deinde
1333 4471 1375 4530 ut
1391 4460 1546 4530 studiose
1572 4461 1686 4530 sontes
1707 4459 1950 4529 doctrinarum
1971 4454 2087 4526 disca·

49 4566 94 4637 sis
108 4567 332 4638 consuetudo
349 4568 387 4635 in
404 4567 571 4636 omnibus
587 4566 744 4657 negociis
758 4586 844 4640 esse.
880 4562 974 4637 Satis
989 4578 1042 4636 est
1093 4562 1149 4648 tia,
1175 4576 1210 4635 et
1224 4575 1360 4633 vestrae
1373 4560 1497 4632 salutis
1511 4583 1626 4646 causa,
1651 4573 1685 4631 et
1701 4573 1845 4653 propter
1858 4580 2083 4630 communem

50 4670 140 4762 leges
163 4668 332 4763 politicas
352 4668 559 4763 ubicunque
582 4690 777 4759 congruere
799 4670 844 4738 ad
869 4663 961 4738 hanc
984 4690 1042 4737 re-
1092 4664 1291 4735 utilitatem.
1325 4660 1418 4734 Nam
1431 4658 1518 4734 haec
1532 4662 1659 4735 militia
1674 4662 1876 4733 docentium
1892 4673 1928 4731 et
1943 4659 2084 4731 discen·

49 4774 178 4863 gulam,
204 4785 245 4843 ut
260 4769 333 4841 siut
349 4766 478 4840 honori
494 4771 589 4840 bono
604 4770 716 4863 operi,
740 4782 774 4841 et
789 4770 917 4842 terrori
934 4770 1040 4855 malo,
1093 4767 1183 4838 tium
1205 4766 1251 4837 ad
1275 4766 1409 4838 multos
1423 4766 1588 4858 pertinet.
1640 4762 1729 4835 Vult
1746 4761 1842 4834 Deus
1863 4757 1959 4830 hunc
1983 4759 2083 4828 ordi-

48 4888 87 4946 nt
101 4873 238 4945 Paulus
258 4871 396 4967 inquit,
421 4867 489 4943 hoc
509 4885 580 4952 est,
607 4894 804 4962 congruere
824 4874 869 4941 ad
887 4870 1041 4943 Decalo-
1092 4892 1173 4939 nem
1189 4866 1372 4939 custodem
1386 4889 1461 4937 esse
1477 4889 1580 4937 verae
1598 4865 1781 4937 doctrinas
1804 4863 1842 4934 in
1864 4884 1991 4953 genere
2012 4854 2083 4929 hn-

48 4998 141 5067 gnm.
206 4972 248 5047 ln
277 4972 426 5046 caeteris
455 4974 563 5046 rebus
585 4975 631 5044 de
659 4972 789 5067 quibus
810 4970 1040 5064 Magistratus
1091 4994 1210 5051 mano,
1236 4992 1337 5064 quae,
1363 4968 1500 5040 etiamsi
1516 4966 1621 5037 multi
1635 4965 1755 5057 magni
1771 4966 1908 5035 littores
1922 4984 2085 5052 grassan-

48 5081 201 5150 condere
228 5079 321 5167 leges
351 5090 482 5169 potest,
514 5076 784 5147 similitudinem
812 5076 929 5165 legum
954 5098 1039 5157 csse,
1090 5087 1150 5144 tur
1166 5072 1202 5141 in
1220 5072 1311 5158 vita,
1335 5082 1454 5143 taraen
1469 5068 1592 5140 multis
1607 5063 1815 5138 hominihus
1837 5062 2000 5135 salutaris
2020 5075 2084 5136 est.

48 5202 269 5277 nequaqnam
283 5177 519 5250 necessarium
535 5192 600 5252 est.
650 5174 724 5249 Lex
740 5172 900 5248 Musaica
920 5178 1037 5269 primo
1091 5171 1143 5246 Ac
1158 5187 1199 5246 ut
1213 5194 1353 5266 semper
1363 5168 1461 5243 Deus
1476 5171 1632 5266 aliquam
1648 5164 1842 5240 Ecclesiam
1857 5164 2009 5254 colligit,
2034 5163 2083 5233 ita

49 5284 165 5373 genito
186 5283 277 5352 duas
298 5294 415 5374 partes
440 5274 666 5352 haereditatis
684 5278 913 5352 attribuebat.
961 5274 1039 5350 No-
1089 5289 1206 5348 servat
1218 5273 1340 5369 aliqua
1355 5270 1534 5346 Ecclesiae
1550 5267 1727 5365 hospitia,
1747 5291 1836 5365 quae
1851 5262 2009 5338 honestis
2030 5266 2084 5335 le·

49 5398 137 5458 strae
145 5386 243 5476 leges
256 5396 398 5457 servant
411 5379 660 5478 aequalitatem
673 5375 942 5466 arithmeticam,
956 5394 1040 5453 tan·
1089 5380 1193 5471 gibus
1216 5388 1251 5450 et
1275 5376 1418 5449 iudiciis
1439 5387 1622 5467 reguntur.
1677 5369 1840 5467 Cumque
1861 5367 1901 5440 in
1930 5383 2084 5461 utraque
