4680 6038
149 203 225 283 aas
399 190 608 275 sumana
631 192 709 272 ru.
734 186 853 272 Man
877 184 947 266 an
969 184 1098 269 mar.
1123 184 1269 269 auor.
1292 184 1364 266 ur
1385 185 1583 268 annos.
1607 186 1930 271 saecularia
2102 168 2186 275 aso'

153 373 286 446 civium
303 367 469 463 rapiunt,
491 381 525 440 ct
541 360 678 437 Thebis
695 362 876 458 expellunt
892 384 981 456 quos
999 360 1149 438 volunt·
1195 384 1278 433 mor
1307 374 1554 454 processerunt
1576 359 1742 436 Thebani
1774 365 1815 435 in
1840 362 2084 456 Laconicam,
2118 366 2174 438 aad

154 474 241 548 ldeo
264 469 454 564 Pelopidas
481 483 518 541 et
541 464 831 562 Epaminondas,
873 463 992 535 etalii
1013 464 1146 550 exules,
1194 461 1468 536 Lacedaemonii
1483 463 1649 538 nunciata
1665 467 1764 537 clade
1777 467 1891 539 multa
1911 467 2076 559 graviter
2092 465 2175 540 feca-

156 577 298 648 foedere
322 574 412 645 clam
434 574 548 658 facto,
581 591 708 662 magna
732 565 922 662 prudentia
942 577 978 636 et
997 565 1145 638 fortitu·
1195 578 1300 652 runt,
1340 580 1377 638 et
1399 567 1534 660 profuit
1557 563 1643 639 haec
1665 565 1820 658 Agesilai
1841 569 2048 642 moderatio
2068 569 2116 641 ad
2133 569 2182 641 ls-

158 679 244 749 dine
259 678 466 766 irrumpunt
483 672 523 743 in
538 694 675 759 arcem,
699 684 736 742 et
756 669 906 741 eliciunt
927 667 1012 738 iude
1028 666 1145 740 Laco-
1198 666 1367 739 uiendam
1388 669 1585 741 tristiciam.
1639 667 1815 742 Usitatum
1831 671 1902 744 fuit
1918 670 2022 765 apud
2039 668 2182 764 spuu-

159 780 280 850 uicum
296 775 536 871 praesidinm,
561 774 697 867 aliquot
713 770 800 842 viris
815 769 1023 844 interfectis.
1197 791 1283 854 nos,
1307 770 1426 863 utqui
1442 795 1484 841 ex
1498 770 1572 841 acie
1587 771 1750 862 fugerant
1765 773 2018 845 iudicarentur
2029 772 2181 861 infimas

262 877 444 952 Dederant
468 890 587 949 autem
609 869 804 966 hospitium
826 867 1010 943 Thebanis
1034 868 1147 942 exuli·
1197 870 1259 966 qui
1276 871 1421 964 quidem
1437 873 1483 944 ab
1496 873 1575 944 aliis
1591 873 1727 944 civibus
1742 875 2047 948 discernebantur
2061 876 2181 947 vestitu

160 985 229 1054 bus
246 975 500 1063 Athenienses,
525 977 637 1071 quiet
655 989 775 1069 postea
798 996 858 1046 eoa
878 975 1003 1044 iuvant
1024 984 1148 1043 contra
1197 987 1230 1043 et
1253 973 1382 1060 barba,
1415 997 1457 1045 ac
1476 973 1605 1045 licebat
1626 975 1770 1049 cuilibet
1793 990 2089 1070 praetereuntem
2113 1000 2182 1048 rer-

162 1081 335 1155 exercitus
367 1079 574 1155 Laconicus.
653 1077 818 1150 Tandem
858 1098 920 1146 rex
953 1074 1149 1166 Spartanus
1201 1075 1344 1162 berare,
1367 1099 1434 1145 nec
1447 1074 1576 1147 licebat
1594 1075 1644 1146 eis
1664 1101 1791 1149 uxores
1810 1081 1953 1152 ducere.
2010 1075 2109 1151 Cu·
2126 1102 2182 1151 aa·

162 1183 412 1277 Cleombpotus
442 1205 522 1253 cum
545 1179 700 1251 exercitu
720 1179 760 1248 iu
784 1175 967 1250 Boeotiam
990 1175 1150 1263 veniens,
1199 1189 1269 1249 tem
1294 1177 1399 1248 multi
1421 1177 1563 1249 nobiles
1588 1191 1623 1249 et
1645 1179 1754 1252 fortes
1771 1181 1840 1252 viri
1865 1204 1909 1252 ex
1932 1181 2024 1272 fuga
2046 1181 2183 1252 domn

163 1311 239 1358 uon
253 1285 378 1378 procul
396 1284 442 1356 ab
465 1281 617 1377 oppido,
649 1281 708 1352 cui
720 1274 885 1350 Leuctra
907 1300 1040 1349 nomeu
1063 1291 1151 1364 erat,
1172 1240 1176 1379 l
1199 1278 1403 1364 rediissent,
1429 1293 1464 1351 et
1477 1293 1592 1351 essent
1613 1279 1675 1374 qui
1698 1281 1866 1354 usitatum
1890 1307 2038 1354 rnorem
2057 1282 2103 1353 de
2124 1276 2183 1368 his

164 1411 246 1460 cum
281 1381 466 1457 Thebanis
501 1384 661 1456 dimicat.
737 1379 794 1452 lbi
835 1379 1029 1454 interfectis
1068 1401 1150 1470 rege
1200 1381 1262 1474 qui
1279 1381 1460 1471 fugerant,
1486 1382 1619 1452 servari
1635 1383 1783 1470 vellent,
1807 1383 1955 1457 accessit
1976 1385 2028 1456 ad
2048 1384 2182 1455 condo

30 1558 35 1569 ,
163 1486 393 1560 Cleombroto
408 1502 444 1560 et
456 1485 557 1556 mille
564 1481 768 1577 Spartanis,
794 1506 947 1578 quorum
962 1481 1151 1575 praecipua
1174 1544 1176 1585 Ι
1202 1506 1284 1552 nem
1298 1480 1501 1572 Agesilaus,
1527 1497 1562 1555 et
1583 1483 1702 1569 iussit,
1714 1498 1767 1556 .ut
1788 1485 1948 1560 sinerent
1962 1487 2065 1578 leges
2078 1509 2119 1556 eo
2130 1486 2180 1556 die

67 1614 73 1625 ·
165 1603 241 1661 erat
256 1589 444 1675 nobilitas,
476 1601 511 1659 et
533 1584 681 1680 dilapsis
702 1609 826 1657 eornm
850 1582 972 1669 sociis,
998 1583 1151 1655 victores
1174 1588 1177 1651 ἓ
1201 1584 1376 1665 dormire,
1404 1586 1488 1679 quia
1515 1585 1697 1657 calamitas
1719 1586 1921 1677 accidisset,
1952 1613 2036 1659 non
2052 1588 2180 1679 ignaria

164 1693 315 1763 fuerunt
330 1685 511 1762 Thebani.
1200 1685 1352 1781 civium,
1389 1689 1449 1756 sed
1472 1685 1661 1780 iniquitate
1689 1689 1863 1760 fortunae.
1930 1687 1980 1761 ln
2008 1703 2178 1781 posterum

267 1791 323 1865 Ac
350 1791 470 1861 locum
497 1801 616 1862 tantm
645 1787 754 1858 cladis
773 1786 889 1860 voluit
910 1784 1008 1859 Deus
1027 1801 1151 1860 testem
1201 1801 1317 1860 autem
1336 1789 1382 1858 ab
1400 1811 1441 1858 eo
1455 1788 1514 1858 die
1528 1789 1621 1879 leges
1636 1791 1825 1861 servandas
1840 1814 1928 1863 esse.
1985 1791 2067 1864 Hac
2083 1789 2177 1864 aaa·

168 1917 231 1964 seu
247 1889 460 1963 monitorem
482 1892 621 1961 esseda
644 1913 706 1960 sua
732 1889 797 1964 ira.
854 1887 945 1959 Nam
967 1890 1150 1985 aliquanto
1200 1882 1281 1985 κείᾳ
1299 1911 1459 1961 revarms
1474 1889 1568 1962 cives
1584 1890 1731 1962 infamia
1747 1892 1927 1969 liberavit.

166 2007 249 2065 ΜΘ
269 2016 424 2085 mm
447 1991 593 2087 ΨΜ
616 2015 658 2062 ²¹
680 1989 854 2110 Spffrlffl
875 1990 1063 2066 'mbilim‘
1082 1987 1152 2062 ¹¹⁰·
1300 2021 1391 2095 Cum
1423 2025 1532 2117 igitur
1560 2028 1760 2101 mitteretur
1788 2024 2059 2117 Archidamus,
2096 2028 2176 2100 ilius

168 2095 342 2188 ⁵Pll²¹liter
369 2092 503 2185 ⁸¹⁶⁰Pll
532 2094 572 2163 5¹¹
592 2091 753 2164 Lentim
779 2117 799 2163 ³
822 2091 992 2180 3⁰⁰d³⁸⁰2
1032 2107 1153 2187 P⁰⁸¹‘³a
1199 2123 1353 2216 Agesilai
1376 2150 1455 2197 cum
1478 2129 1632 2201 exercitu
1647 2128 1822 2202 Laconico
1838 2131 1878 2200 in
1893 2129 2106 2217 Boeotiam,
2128 2155 2178 2201 ac·

168 2198 355 2268 redeuntes
369 2196 513 2267 absente
534 2207 652 2288 patre,
677 2194 768 2264 filias
789 2196 864 2264 eius
887 2195 992 2280 duas,
1021 2197 1059 2265 vi
1076 2210 1151 2269 stu·
1200 2240 1342 2298 emunt
1357 2223 1523 2301 Thebani
1540 2229 1699 2302 monem
1719 2227 1896 2304 Pheteum
1918 2258 1966 2305 ex
1992 2229 2176 2312 The&

169 2312 307 2390 pratas,
326 2296 544 2369 interficiunt
562 2295 650 2369 etin
665 2308 810 2386 puteum
826 2295 1011 2371 abiiciunt.
1047 2297 1153 2369 Pater
1174 2276 1177 2347 l
1200 2329 1301 2400 capu,
1318 2342 1415 2401 mm
1438 2346 1512 2404 m,
1536 2331 1649 2404 virtus
1671 2347 1706 2406 e,
1730 2335 1919 2421 modus,
1948 2349 1993 2407 m
2012 2336 2175 2408 mim

1200 2444 1299 2501 retur
1315 2432 1353 2501 iu
1367 2431 1490 2505 Asiam
1510 2433 1719 2507 traiecturus
1739 2457 1829 2522 esse,
1854 2450 1894 2508 ut
1917 2437 2061 2508 bellum
2074 2435 2176 2507 Persis

1201 2533 1362 2608 inferret.
1414 2531 1448 2604 ls
1465 2559 1545 2605 eum
1561 2537 1712 2608 venisset
1727 2538 1771 2607 ad
1788 2532 2005 2625 Thebanos,
2029 2533 2174 2610 hortator

1200 2635 1268 2705 fuit
1289 2635 1357 2720 eis,
1383 2659 1428 2706 ne
1450 2636 1661 2710 dimicarent
1683 2663 1761 2711 cum
1779 2638 2097 2727 Lacedaemoniis,
2125 2638 2178 2735 qui

1200 2736 1329 2808 irritati
1343 2760 1439 2809 nranc
1454 2751 1488 2810 et
1503 2739 1676 2810 cautiores
1693 2754 1726 2812 at
1739 2741 1914 2812 firmiores
1931 2743 2051 2815 futuri
2066 2755 2176 2815 esseut.

389 2904 435 2922 ,,
645 2901 655 2922 ,
771 2901 783 2925 ,
1049 2903 1059 2922 ,
1126 2902 1135 2921 ,
1198 2834 1247 2908 Et
1261 2861 1341 2908 cum
1356 2840 1516 2934 utrisque
1530 2841 1746 2913 dissuaderet
1765 2844 1965 2934 praelium,
1992 2844 2127 2937 perfecit
2141 2854 2176 2914 ut

270 2902 362 2977 cum
387 2917 497 2995 '⁸¹¹⁰‘
517 2900 614 2974 Μ’
643 2927 682 2972 ¹¹¹
706 2927 748 2974 ²⁰
769 2927 847 2996 ¹9⁸⁰
870 2905 948 2977 ¹⁰⁰⁰
972 2916 1152 2997 mmmm
1200 2939 1304 3011 certis
1333 2941 1599 3013 conditionibus
1628 2966 1750 3036 pacem
1778 2945 1952 3018 facerent.
2028 2944 2076 3018 lta
2105 2945 2174 3015 sine

168 3005 483 3125 Ltcedaefftosslffis
505 3004 567 3099 (1¹¹5
579 3003 923 3123 ³⁰0¹‚0flffiveifisslum
936 3008 1062 3125 fufml’
1086 3030 1151 3124 Ψ·
1201 3041 1337 3132 praelio
1353 3041 1627 3114 Lacedaemonii
1642 3047 1787 3117 domum
1802 3047 2012 3123 redierunt.
2062 3041 2112 3120 Et
2124 3044 2179 3116 la-

168 3107 236 3178 lurt
251 3103 414 3178 hommes
429 3118 463 3178 et
476 3108 520 3176 de
535 3107 780 3197 magnitudine
794 3121 987 3200 perpetrata
1001 3109 1152 3192 sceleris,
1200 3143 1298 3214 sonis
1315 3145 1421 3215 verb,
1434 3160 1661 3218 mmmm,
1675 3148 1768 3240 ,pud
1784 3143 2092 3244 xenophontem,
2121 3147 2181 3220 so.

168 3211 271 3328 ‘Ad‘
297 3208 429 3279 iudicio
455 3207 580 3279 divino
603 3211 878 3329 commoneberit
928 3208 1150 3329 Denuuciata
1199 3244 1249 3316 pet
1269 3241 1368 3317 neu⁸
1391 3270 1433 3317 ex
1454 3247 1573 3341 parvi,
1593 3271 1739 3342 magnos
1757 3250 1891 3338 fatere,
1931 3267 1968 3326 et
1991 3277 2040 3325 ex
2060 3249 2181 3344 ψ

166 3311 235 3381 fust
248 3324 351 3381 antea
365 3332 480 3402 poena
495 3310 658 3394 oraculo,
690 3312 786 3403 quod
809 3326 932 3384 recitat
948 3310 1152 3383 Pausanias.
1199 3370 1340 3438 parm·
1718 3378 1720 3386 ,

167 3408 210 3482 ld
225 3405 281 3482 his
296 3412 454 3483 versibus
471 3412 629 3482 reddidi:

167 3547 298 3614 Leuctra
313 3552 391 3613 mihi
407 3563 476 3613 sunt
492 3571 598 3629 curae,
626 3564 655 3612 et
668 3573 749 3613 mors
764 3554 951 3633 tristissima,
976 3566 1081 3636 gnatae

218 3650 346 3715 Oooisao
360 3649 481 3715 Soedaai
498 3673 557 3735 qua
571 3655 685 3734 periere
702 3654 788 3717 duae.

169 3753 231 3816 Ilio
248 3769 335 3817 atrox
349 3757 399 3816 liet
414 3775 534 3837 pugna,
561 3767 591 3815 ot
606 3757 777 3816 saevissima
792 3756 907 3832 caedes,

217 3856 330 3920 Fatalis
345 3857 466 3942 qnando
485 3859 600 3920 venerit
615 3859 669 3918 illa
685 3856 760 3920 dies.

171 3954 274 4040 Quam
288 3965 371 4043 prins
387 3959 468 4022 haud
486 3962 648 4045 quisquam
663 3962 763 4040 norit,
789 3978 880 4042 quam
895 3956 1008 4025 Dorica
1022 3964 1119 4046 pubes

217 4061 350 4126 Amittat
365 4064 475 4142 robur,
501 4064 692 4147 militiaeque
709 4062 810 4124 duces.

167 2399 297 2470 deinde
312 2397 476 2492 Spartam
500 2398 678 2491 profectus
699 2422 740 2469 ac
762 2410 905 2489 petens,
931 2398 1072 2470 sceleris
1086 2423 1152 2470 au·
1174 2359 1177 2511 l

167 2514 263 2573 tores
292 2500 436 2592 puniri,
482 2499 619 2570 densus
648 2512 710 2570 est.
789 2496 837 2569 Et
864 2514 1057 2571 narrantur
1083 2501 1151 2571 alia

169 2602 328 2694 exempla
346 2599 565 2672 crudelitatis
580 2613 613 2670 et
634 2597 847 2684 libidinum,
872 2600 1002 2694 quibus
1021 2601 1060 2672 in
1084 2602 1153 2670 im-

169 2702 270 2795 perio
287 2700 455 2794 Spartani
470 2713 503 2771 et
521 2702 610 2770 iram
625 2696 692 2771 Dei
709 2699 914 2788 irritarunt,
939 2717 972 2774 et
987 2704 1160 2777 volunta·-

169 2817 221 2874 tes
235 2803 418 2876 civitatum
434 2825 454 2871 a
470 2825 506 2872 se
523 2802 738 2878 alienarunt.

1301 3479 1372 3553 Hic
1382 3479 1485 3554 lason
1503 3485 1648 3555 domum
1665 3511 1825 3560 reversus
1839 3490 1975 3562 fraude
1990 3489 2183 3562 interfectus

1200 3596 1262 3657 est.
1313 3581 1477 3679 Cumque
1501 3586 1541 3655 in
1570 3583 1754 3660 Thessalia
1778 3605 1904 3662 contra
1928 3607 2109 3688 tyrannos
2125 3590 2182 3660 ali-

1199 3708 1288 3779 quae
1303 3684 1462 3757 civitates
1477 3710 1497 3758 a
1511 3683 1694 3760 Thebanis
1707 3693 1879 3764 auxilium
1897 3707 2089 3786 peterent,
2108 3714 2178 3784 pro-

1198 3788 1310 3858 fectus
1327 3811 1369 3858 eo
1383 3785 1591 3880 Pelopidas,
1616 3805 1735 3885 postea
1757 3817 1778 3864 a
1801 3807 1961 3887 tyranno
1987 3795 2179 3868 Alexandro

1199 3882 1336 3958 Phereo
1358 3904 1480 3982 captus
1500 3904 1569 3977 est,
1611 3892 1712 3965 cuius
1731 3907 1828 3965 tanta
1847 3895 1922 3967 fuit
1946 3896 2122 3978 saevicia,
2149 3906 2182 3965 u

1199 3985 1364 4061 homines
1379 3992 1479 4063 vivos
1500 3992 1657 4066 insueret
1678 4018 1844 4067 ursorum
1868 3998 2058 4088 pellibus,
2084 4011 2116 4069 et
2134 4018 2181 4067 ca·

1199 4114 1262 4161 nes
1276 4106 1399 4163 eontra
1413 4117 1471 4164 eos
1487 4093 1659 4166 incitaret.
1702 4097 1809 4170 Acin
1827 4097 1946 4191 prima
1965 4100 2180 4193 expeditione

267 4191 374 4262 Facta
390 4205 571 4263 astantem
588 4214 705 4285 pugna
721 4188 927 4264 Leuctrica:
1200 4187 1422 4279 Thessalica,
1461 4219 1541 4265 cum
1565 4194 1773 4290 Pelopidam
1798 4200 1926 4271 fraude
1950 4217 2103 4297 captum
2120 4219 2181 4271 esst

165 4289 273 4362 Anno
290 4289 493 4364 Artaxerxis
508 4293 570 4366 82.
1198 4288 1466 4386 Epaminondas
1488 4297 1646 4383 audiret,
1667 4302 1844 4392 profectus
1859 4326 1905 4373 eo
1922 4328 2015 4376 eum
2030 4302 2181 4383 exercita.

166 4391 274 4462 Anno
298 4392 360 4466 29.
388 4405 468 4485 post
496 4417 651 4485 pugnam
671 4389 850 4490 Lysandri
870 4392 916 4462 ad
940 4385 1056 4482 Aegos
1080 4389 1167 4464 Po·-
1197 4408 1338 4466 tantum
1355 4396 1502 4468 incussit
1517 4397 1726 4471 Alexandro
1747 4415 1940 4487 terrorem,
1971 4418 2018 4476 ut
2030 4406 2179 4475 redderet

217 4507 342 4568 tamus.
1197 4494 1266 4588 ipsi
1282 4495 1402 4567 vivatur
1425 4512 1459 4569 et
1481 4499 1697 4572 incolumem
1716 4501 1940 4593 Pelopidam.
1998 4502 2056 4579 lta
2069 4507 2136 4577 fide
2152 4513 2181 4573 at

167 4589 276 4668 lnitio
293 4593 379 4666 anni
395 4594 543 4665 secundi
559 4588 787 4689 Olympiadis
807 4593 1020 4666 centesimae
1039 4607 1073 4666 et
1095 4617 1150 4664 se·
1197 4597 1328 4668 virtute
1349 4599 1452 4668 amici
1474 4598 1663 4690 Pelopidas
1688 4615 1771 4672 tarne
1794 4618 1959 4676 servatus
1984 4621 2055 4682 est.
2118 4604 2179 4679 Sd

216 4701 371 4785 eundae,
397 4697 455 4766 die
470 4695 598 4791 quinto
616 4694 725 4772 lunii.
1196 4714 1317 4790 postea
1335 4722 1495 4772 reversus
1512 4701 1551 4768 in
1566 4697 1787 4791 Thessaliam
1804 4702 2023 4798 Pelopidas,
2058 4709 2100 4779 in
2118 4707 2180 4776 seia

164 4794 273 4870 Anno
306 4813 387 4871 aute
424 4797 568 4870 initium
602 4796 703 4887 regni
737 4793 934 4869 Alexandri
968 4794 1147 4869 tricesimo
1196 4798 1372 4871 dimicans
1396 4825 1415 4870 a
1440 4799 1584 4897 tyranni
1599 4805 1754 4875 exercitu
1769 4806 1982 4879 interfectus
1998 4827 2065 4886 est.
2116 4806 2179 4903 Ty·

66 4986 73 4997 ι
214 4914 331 4988 sexto,
358 4899 629 4994 quodomnium
644 4897 856 4991 scriptorum
878 4919 1052 4969 consensu
1073 4898 1149 4967 col·
1195 4922 1330 4971 rannus
1360 4925 1444 4973 vero
1473 4915 1594 4995 postea
1621 4904 1723 4973 domi
1751 4930 1771 4976 a
1803 4907 1973 4998 coniugis
2009 4912 2178 4993 fratrilnt

214 5003 352 5073 locatur
367 5002 406 5070 in
421 5024 557 5073 aunum
577 5000 733 5092 primum
749 4989 978 5095 Olympiadis
995 4999 1146 5070 ceuteai·
1194 4998 1286 5072 faces
1301 5017 1442 5075 tenente
1458 5005 1626 5094 coniuge,
1659 5006 1838 5078 dormiens
1853 5012 2066 5085 trucidatus
2080 5026 2140 5085 est·

214 5124 292 5171 mae
308 5111 343 5170 et
356 5102 575 5174 undecimae.

1295 5135 1434 5211 luteres
1451 5139 1537 5210 dum
1552 5135 1717 5210 Thebani
1732 5142 1895 5231 occupati
1917 5161 2011 5220 suut
2036 5150 2176 5223 motibus

261 5231 339 5306 ltai
354 5243 470 5304 autem
486 5228 656 5323 usquead
670 5225 893 5299 Leuctricam
913 5234 1050 5297 cladem
1074 5256 1146 5298 nn-
1193 5231 1425 5316 Thessalicis,
1463 5249 1498 5305 et
1526 5237 1594 5328 ipsi
1625 5252 1659 5311 et
1687 5238 1990 5330 Lacedaemonii,
2035 5267 2074 5324 ea
2102 5253 2175 5322 ,ttae

160 5352 342 5408 merantur
362 5332 449 5406 anni
469 5331 692 5424 principatus
712 5326 899 5421 Spartani,
925 5341 1045 5401 tamen
1068 5353 1142 5401 non
1192 5330 1349 5405 civitates
1365 5338 1577 5423 ostendunt,
1603 5360 1640 5410 se
1652 5365 1772 5432 pacem
1784 5341 2006 5424 Antalcidae
2021 5356 2173 5427 nansia
