4680 6038
131 248 204 323 tot
886 240 1390 323 puorosrrronrs.
1471 194 1480 207 ’
1819 224 1822 231 ’
2080 258 2156 334 402

131 441 266 490 novum
296 413 497 502 bominem,
529 417 593 511 qui
619 416 813 487 secundum
834 412 950 488 Deum
979 433 1115 491 creatus
1167 431 1254 490 nent
1266 442 1400 490 nomen
1416 419 1550 512 peccati
1563 421 1730 514 originis,
1750 437 1868 496 tamen
1884 440 2002 516 postea
2017 429 2152 514 dicunt,

131 536 184 595 est
199 520 238 590 in
252 519 390 591 iusticia
405 534 439 593 et
454 521 636 590 sanctitate
651 542 744 593 vera.
786 515 1115 594 Geue1.:Facia-
1166 515 1259 589 hanc
1275 533 1439 592 naturam
1455 516 1642 594 hominum
1659 549 1759 614 posse
1776 528 1844 618 legi
1862 525 1930 599 Dei
1945 529 2153 613 satisfacere,

130 645 211 694 mus
235 617 418 693 hominem
440 623 484 691 ad
506 621 693 711 imaginem
712 634 745 691 et
761 620 1030 693 similitudinem
1049 648 1115 693 no·
1167 633 1202 691 et
1237 622 1313 711 lege
1347 622 1475 694 iustam
1515 647 1600 696 esse.
1666 625 1824 717 Fingnut
1861 630 1943 700 item
1976 632 2050 722 lege
2079 657 2153 702 non

131 739 252 798 stram.
302 720 398 814 Ergo
416 725 455 795 fit
468 723 601 795 mentio
617 725 660 792 de
675 746 713 792 ea
731 722 900 812 imagine,
926 747 1015 817 quae
1030 748 1115 794 con·
1167 723 1330 794 damnari
1360 739 1541 816 peccatum
1573 726 1739 818 originis,
1786 732 1868 824 quia
1902 733 1957 801 lex
1988 734 2154 826 loquatur

131 826 226 918 gruit
248 826 294 896 ad
314 825 468 917 singulas
490 847 676 918 personas,
700 848 790 918 quae
811 837 862 895 est
883 825 1030 913 mentis,
1051 851 1115 896 vo-
1166 836 1305 898 tantum
1322 826 1367 896 de
1384 828 1600 913 actionibus,
1632 853 1707 898 non
1725 832 1768 898 de
1786 832 1921 903 iusticia
1939 835 1994 902 vel
2012 835 2153 904 iniusti-

131 927 296 1009 luntatis,
330 927 521 1020 sapientiae
550 939 584 997 et
613 926 772 997 iusticias
800 925 1016 1014 similitudo,
1049 951 1116 1000 uec
1167 926 1221 997 cia
1252 927 1430 1019 originali.
1488 927 1559 999 Sed
1596 926 1681 1000 baec
1710 932 1939 1005 deliramenta
1970 935 2153 1006 manifeste

131 1045 251 1103 tamen
275 1024 366 1099 mibi
386 1028 547 1120 displicet
566 1027 658 1113 dici,
687 1041 801 1100 totum
823 1023 938 1099 Adam
959 1042 1115 1102 creatum
1166 1026 1368 1102 refutantur
1390 1031 1485 1101 dicto
1508 1029 1611 1100 Pauli
1628 1029 1735 1104 Rom.
1754 1030 1788 1107 7.
1814 1059 1893 1105 cum
1918 1036 2002 1107 citat
2026 1061 2066 1106 ex
2081 1034 2154 1108 De-

131 1152 205 1201 essc
218 1131 263 1201 ad
279 1124 509 1226 archetypum
523 1129 636 1202 filium
648 1125 735 1214 Dei,
760 1128 822 1225 qui
838 1143 889 1202 est
904 1130 1116 1204 substantia-
1165 1130 1304 1222 calogo:
1329 1129 1411 1203 Non
1430 1131 1671 1223 concupisces,
1698 1150 1731 1206 et
1747 1135 1909 1206 adfirmat
1924 1137 1974 1207 ibi
1991 1139 2153 1207 damnari

131 1232 175 1303 lis
189 1232 306 1322 imago
319 1233 452 1304 aeterni
467 1233 594 1325 patris,
619 1245 654 1305 et
667 1225 743 1306 e'rat
755 1245 974 1305 assumturus
987 1229 1113 1306 huma:
1167 1226 1235 1303 boc
1248 1233 1400 1316 malurn,
1426 1236 1521 1329 quod
1536 1257 1632 1305 nunc
1645 1235 1872 1307 nominamus
1884 1238 2055 1328 originale
2070 1262 2152 1331 pec-

131 1356 214 1405 nam
231 1346 407 1406 naturam.
1165 1349 1292 1407 cotum.

234 1432 319 1510 Vll.
354 1433 473 1508 Adam
494 1449 528 1507 et
540 1433 641 1506 Hera
664 1434 772 1529 lapsi,
797 1450 838 1509 ut
853 1437 975 1513 recitat
990 1461 1116 1510 narra·
1267 1434 1353 1512 Xll.
1387 1434 1616 1527 Voluntatem
1641 1451 1676 1509 et
1699 1437 1870 1509 iudicium
1889 1436 1957 1509 Dei
1981 1465 2021 1511 ex
2043 1442 2152 1510 verbo

131 1536 182 1609 tio
210 1536 251 1605 in
274 1534 424 1625 Genesi,
457 1549 690 1631 peccaverunt
719 1538 821 1609 abusi
851 1562 914 1612 sua
941 1541 1115 1627 libertate,
1167 1537 1279 1631 ipsius
1297 1537 1560 1630 cognoscimus,
1584 1538 1664 1609 ideo
1689 1564 1768 1609 cum
1793 1541 1976 1634 quaeritur
1998 1542 2084 1636 quid
2108 1543 2153 1612 sit

131 1659 207 1708 non
230 1640 342 1710 coacti
363 1641 586 1726 necessitate,
611 1663 676 1710 nec
698 1640 797 1711 Deus
817 1643 886 1713 fuit
910 1665 1013 1713 causa
1039 1643 1115 1713 eius
1166 1655 1366 1733 peccatum,
1396 1640 1605 1732 inspiciatur
1627 1642 1773 1710 verbum
1791 1639 1876 1727 Dei,
1901 1643 1989 1715 sicut
2011 1657 2045 1713 et
2058 1641 2153 1714 Pau·

131 1738 268 1833 lapsus,
292 1743 353 1813 sed
374 1757 553 1834 peccatum
576 1739 788 1829 aDiabolo,
804 1758 846 1815 'et
870 1745 916 1815 ab
936 1744 1007 1814 illis
1030 1745 1132 1845 ipsis!
1167 1743 1223 1811 lus
1244 1742 1390 1812 deducit
1413 1764 1479 1811 nos
1502 1741 1545 1811 ad
1571 1743 1739 1828 verbum,
1764 1743 1948 1837 inquiens,
1972 1740 2079 1818 Rom.
2095 1744 2150 1814 bn

131 1833 340 1915 bominibus
368 1856 486 1915 ortum
513 1857 574 1917 est.
625 1842 725 1915 Sicut
745 1842 878 1916 Paulus
900 1845 1018 1938 inquit
1038 1844 1121 1918 tto-¹
1168 1842 1237 1912 Per
1259 1844 1369 1933 legem
1393 1843 1527 1933 agnitio
1549 1844 1693 1933 peccati.
1752 1840 1801 1914 Et
1827 1841 2002 1915 lohannes
2025 1845 2155 1937 inquit,

131 1964 229 2016 man.
250 1940 304 2017 δη
333 1943 403 2017 Per
430 1970 543 2016 unum
565 1940 746 2015 hominem
767 1959 946 2038 peccatum
969 1949 1117 2019 intravit
1170 1945 1189 2015 1
1211 1940 1336 2015 lobon.
1352 1945 1404 2015 dn
1430 1943 1618 2015 Peccatum
1641 1958 1690 2016 est
1711 1945 1880 2039 quiddam
1897 1968 2059 2040 pugnans
2073 1970 2153 2017 cum

131 2040 171 2113 in
203 2046 395 2129 mundum,
428 2047 464 2117 id
493 2060 563 2133 est,
594 2047 632 2115 in
663 2062 774 2136 genus
802 2043 1010 2122 humanum.
1068 2046 1117 2119 Et
1166 2046 1241 2137 lege
1259 2044 1337 2117 Dei.
1387 2041 1436 2115 Et
1453 2044 1628 2116 Dominus
1644 2047 1761 2141 inquit
1776 2042 1903 2122 Ioban.
1920 2048 1971 2118 fn:
1997 2046 2152 2138 Spiritus

131 2140 337 2218 2Coriutb.
356 2151 434 2221 11.:
460 2147 614 2238 Serpens
636 2143 749 2217 Evam
775 2148 912 2239 decepit
932 2171 995 2218 sua
1020 2161 1118 2221 astu-
1169 2160 1308 2217 sanctus
1337 2160 1460 2236 arguet
1488 2149 1663 2219 mundum
1694 2149 1738 2217 de
1762 2163 1924 2239 peccato,
1958 2152 2053 2241 qnod
2078 2171 2153 2217 non

131 2244 193 2319 tis.
242 2243 292 2321 Et
313 2272 517 2320 execramur
531 2248 670 2321 Stoicos
684 2261 720 2320 et
735 2244 965 2320 Manichacus
979 2251 1117 2321 furores
1168 2250 1317 2320 credunt
1334 2249 1372 2316 in
1388 2271 1455 2318 me.

132 2344 175 2419 de
189 2350 413 2422 necessitate.
1271 2347 1371 2422 Xlll.
1409 2344 1542 2420 Verum
1572 2362 1643 2434 est,
1674 2363 1854 2441 peccatum
1884 2372 1957 2419 esse
1983 2349 2153 2444 quiddam

232 2447 334 2522 Vlll.
375 2450 429 2523 De
456 2452 640 2543 spiritibus
665 2451 770 2523 etiam
793 2451 964 2538 dicimus,
998 2449 1118 2524 aDeo
1169 2452 1371 2542 discrepans
1392 2473 1411 2519 a
1433 2451 1603 2542 sapientia
1628 2463 1662 2521 et
1680 2452 1862 2522 voluntate
1879 2446 1966 2537 Dei,
1990 2452 2052 2520 sed
2069 2445 2154 2521 haec

136 2570 256 2623 mes
278 2552 423 2643 spiritus
446 2553 682 2643 intelligentes
702 2566 836 2661 epotos
852 2576 927 2624 esse
943 2555 1020 2624 sine
1035 2577 1118 2647 pec·
1168 2554 1245 2646 ipsa
1273 2551 1444 2644 sapientia
1472 2564 1507 2621 et
1529 2551 1693 2621 voluntas
1716 2549 1782 2622 Dei
1804 2551 1841 2619 in
1863 2552 1972 2621 verbo
1995 2574 2155 2644 expressa

136 2662 237 2725 esto,
278 2651 350 2724 Sed
378 2649 462 2736 hos,
496 2656 559 2749 qui
586 2653 819 2726 nominantur
840 2652 1003 2742 Diaboli,
1034 2679 1118 2726 suae
1170 2667 1231 2727 est.
1284 2651 1369 2724 ldeo
1391 2675 1470 2723 cum
1487 2655 1532 2723 de
1547 2653 1609 2721 illa
1623 2653 1874 2744 depravatione
1890 2653 1929 2720 in
1946 2652 2156 2723 nobisdici-

135 2752 325 2837 voluntis
344 2756 507 2828 libertate
522 2778 698 2847 peccasse,
725 2780 799 2827 non
816 2757 1119 2829 coactosnecessi-
1169 2769 1249 2843 tur,
1272 2756 1332 2826 fiat
1354 2754 1496 2826 collatio
1518 2756 1563 2825 ad
1580 2755 1727 2824 verbnm
1741 2752 1821 2827 Dei.
1871 2752 1954 2823 Non
1969 2754 2071 2823 estin
2088 2749 2156 2823 bo-

135 2862 223 2942 nte,
245 2877 311 2926 nec
326 2853 421 2929 Deus
434 2857 503 2928 fuit
519 2881 619 2929 causa
636 2858 712 2928 eius
728 2857 867 2950 lapsus,
892 2861 954 2930 sed
970 2861 1016 2930 ab
1034 2854 1117 2951 ipsis
1169 2859 1267 2928 mine
1295 2880 1370 2928 non
1400 2871 1522 2927 renato
1553 2855 1708 2926 assensio
1733 2855 1833 2925 firma
1851 2855 1895 2924 de
1919 2855 2052 2926 iudicio
2077 2851 2157 2938 Dei,

131 2952 296 3035 ¹llisbolis
315 2974 434 3033 ortum
454 2973 505 3029 est
528 2982 649 3030 eorum
673 2973 872 3050 peccatum,
897 2974 938 3032 ut
959 2984 1119 3053 expresse
1170 2985 1245 3031 non
1267 2972 1318 3031 est
1340 2958 1475 3050 agnitio
1498 2957 1563 3026 filii
1579 2953 1664 3039 Dei,
1689 2981 1763 3026 non
1786 2969 1868 3027 sunt
1891 2956 2000 3026 timor
2019 2968 2052 3026 et
2067 2955 2158 3025 dile·

132 3056 287 3132 affirmas
312 3056 506 3147 Dominus,
540 3055 663 3134 lohan.
686 3063 736 3134 8.:
773 3058 864 3133 Cum
895 3063 1119 3133 mendacium
1171 3064 1241 3134 ctio
1270 3057 1357 3146 Dei,
1396 3083 1461 3129 nee
1487 3059 1689 3129 obedientia
1719 3081 1918 3148 congruens
1947 3059 1992 3127 ad
2023 3073 2158 3128 caetera

131 3154 312 3255 loquitur,
347 3185 387 3231 ex
416 3163 570 3256 propriis
601 3161 779 3257 loquitur,
810 3176 845 3234 et
870 3176 922 3233 est
944 3165 1119 3235 mendacii
1171 3177 1354 3258 praecepta
1375 3160 1552 3248 Decalogi.
1634 3156 1730 3228 Haec
1759 3158 1902 3229 collatio
1933 3170 2026 3228 recte
2054 3159 2157 3234 facta,

131 3272 249 3355 peter.
311 3257 359 3335 Et
386 3263 426 3332 in
448 3265 595 3357 epistola
618 3262 744 3335 ludac:
778 3258 935 3354 Angelos
960 3265 1120 3358 quinon
1171 3263 1327 3336 ostendit
1354 3261 1459 3355 quale
1490 3273 1522 3329 et
1551 3270 1723 3351 quantum
1754 3259 1888 3326 malum
1910 3259 1954 3327 sit
1978 3271 2157 3351 peccatum

131 3363 360 3437 retinuerunt
378 3365 551 3456 originem
575 3388 693 3446 suam,
719 3378 754 3438 et
769 3365 990 3460 reliquerunt
1004 3368 1122 3438 domi·
1172 3364 1340 3456 originis,
1372 3365 1416 3432 de
1446 3385 1518 3455 quo
1548 3359 1634 3455 dicit
1656 3358 1788 3430 Paulus
1809 3355 1916 3430 Rom.
1941 3358 1993 3429 8.:
2027 3356 2158 3430 Sensus

131 3464 258 3539 tilium
280 3467 475 3560 proprium.
527 3463 576 3541 Et
590 3464 683 3539 Psal.
699 3465 753 3538 5.:
777 3465 859 3539 Non
875 3464 973 3539 Deus
997 3469 1121 3541 volens
1172 3468 1288 3539 carnis
1302 3463 1492 3534 inimicicia
1506 3474 1557 3533 est
1571 3461 1738 3530 adversus
1752 3458 1885 3540 Deum,
1911 3473 1944 3530 et
1959 3461 2065 3530 simul
2080 3483 2160 3529 mo·

131 3566 359 3665 iniquitatem
377 3583 418 3643 tu
432 3592 481 3644 es.
1172 3583 1233 3641 net
1255 3580 1385 3661 quanta
1407 3566 1469 3634 lux
1487 3575 1522 3635 et
1539 3574 1712 3656 quantum
1728 3562 1835 3630 decus
1849 3560 1972 3631 fuisset
1984 3555 2159 3631 humanae

237 3665 302 3745 IX.
334 3668 448 3743 Primi
470 3682 632 3764 parentes
654 3670 745 3764 lapsi
767 3671 818 3740 rei
843 3672 989 3744 fuerunt
1009 3686 1122 3745 aeter·
1172 3684 1337 3752 naturae,
1368 3667 1398 3737 si
1426 3665 1630 3736 retinuisset
1658 3661 1916 3750 integritatem,
1951 3674 1984 3733 et
2006 3675 2159 3755 quantus

132 3792 206 3845 me
224 3771 317 3860 irae,
342 3786 378 3846 et
399 3773 594 3844 amiserunt
612 3773 729 3845 lucem
747 3786 782 3844 et
796 3774 1042 3845 rectitudinem
1058 3799 1123 3843 vo·
1173 3774 1291 3866 lapsus
1308 3768 1419 3840 'fuerit
1442 3767 1593 3838 abiicere
1605 3759 1691 3834 baec
1708 3764 1801 3833 bona
1817 3787 1882 3856 pro
1900 3787 1936 3835 se
1953 3776 1987 3834 et
2003 3786 2067 3854 pro
2085 3777 2160 3835 tota

132 3872 287 3945 luntatis
304 3888 340 3947 et
360 3875 495 3957 cordis,
521 3889 555 3945 et
571 3875 752 3946 desierunt
768 3898 842 3947 esse
858 3875 1028 3968 templum
1043 3870 1123 3962 Dei,
1172 3872 1387 3968 posteritate.

135 3991 174 4049 et
193 3988 337 4068 propter
355 3977 512 4067 ipsorum
534 3977 672 4069 lapsum
691 3989 764 4046 tota
780 3977 963 4070 posteritas
978 3998 1122 4047 nascens
1275 3969 1374 4045 xlv.
1401 3968 1474 4042 Lex
1481 3962 1557 4038 Deo
1571 3979 1623 4036 est
1638 3964 1809 4055 sapientia
1823 3978 1964 4035 aeterna
1978 3979 2015 4068 'et
2029 3966 2161 4035 immu-

133 4099 181 4151 ex
208 4078 459 4150 commixtione
483 4079 589 4147 maris
611 4092 646 4149 et
666 4077 842 4149 foeminae
866 4079 979 4150 adfert
1001 4102 1123 4170 pecca-
1175 4075 1295 4148 tabilis
1317 4072 1357 4143 in
1373 4071 1466 4151 Deo,
1492 4069 1645 4139 revelata
1664 4065 1701 4134 in
1716 4065 1879 4136 doctrina
1895 4065 2002 4156 legis,
2023 4065 2161 4158 praeci-

134 4192 216 4253 tum
230 4176 398 4270 originis,
422 4195 464 4253 ut
479 4181 714 4274 appellatione
725 4179 856 4253 usitata
870 4193 1023 4255 utamur.
1175 4179 1276 4272 piens
1306 4174 1427 4268 quales
1454 4194 1529 4240 non
1554 4191 1646 4251 esse,
1678 4180 1713 4238 et
1736 4189 1826 4260 quae
1848 4167 1980 4252 facere,
2013 4180 2161 4260 atquae

239 4277 285 4354 X.
318 4280 503 4354 Peccatum
516 4270 693 4372 originale
703 4295 753 4352 est
766 4305 884 4353 carere
900 4281 1036 4353 iusticia
1051 4280 1125 4351 ori·
1175 4279 1338 4352 omittere
1370 4285 1548 4365 oporteat,
1589 4292 1650 4338 seu
1681 4268 1865 4359 postulans
1894 4269 2160 4359 congruentiam

136 4380 271 4473 ginali,
295 4383 331 4452 id
349 4398 416 4463 est,
441 4376 520 4454 lnce
536 4384 575 4452 in
590 4398 708 4454 mente
722 4397 756 4453 et
770 4384 986 4454 rectitudine
995 4382 1125 4452 volun·
1176 4404 1256 4453 cum
1285 4375 1457 4468 sapientia
1486 4383 1521 4443 et
1548 4369 1730 4440 voluntate
1752 4364 1841 4454 Dei,
1872 4390 1963 4462 quae
1991 4371 2029 4438 in
2052 4370 2160 4441 verbo

136 4480 434 4570 nosceremus,
466 4497 500 4555 et
522 4484 778 4575 gubernatione
801 4485 924 4557 divina
946 4485 983 4552 in
1008 4484 1126 4571 nobis,
1177 4502 1336 4574 expressa
1353 4490 1423 4562 est,
1447 4487 1480 4545 et
1497 4470 1709 4565 promittens
1724 4471 1818 4541 bona
1833 4470 2101 4555 obedientibus,
2127 4484 2162 4541 et

138 4597 288 4678 propter
319 4609 424 4680 quam
465 4587 768 4678 depravationem,
807 4609 897 4680 quae
927 4599 1043 4656 secuta
1074 4600 1126 4657 est
1176 4588 1349 4656 damnans
1369 4597 1507 4659 omnes,
1533 4572 1596 4665 qui
1616 4594 1691 4640 non
1707 4566 1840 4642 babent
1856 4565 1948 4641 banc
1963 4592 2162 4660 congruen-

138 4686 280 4781 lcpsum
307 4688 505 4780 primorum
534 4700 740 4778 parentum,
769 4699 805 4757 et
831 4700 975 4779 propter
1002 4710 1125 4757 eorum
1176 4687 1281 4764 tiam,
1306 4690 1463 4775 quaeest
1480 4671 1857 4790 perfectaobedientia.
2061 4769 2070 4787 ·
2125 4768 2133 4785 ·

139 4786 281 4891 [Quum
304 4801 488 4859 nascentes
510 4788 560 4859 rei
583 4802 665 4861 sunt
689 4789 762 4859 irae
777 4789 1051 4869 aeternae,.nisi
1067 4791 1127 4861 fiat
1278 4779 1358 4853 XV.
1390 4776 1470 4850 Etsi
1490 4776 1545 4844 lex
1567 4789 1639 4846 erat
1662 4773 1793 4843 ¹¹0¹¹t¹¹
1817 4785 1964 4840 mlum
1986 4767 2106 4838 tddssss
2123 4793 2161 4836 ¹¹¹

137 4882 302 4962 simiasio
317 4904 462 4984 propter
473 4889 585 4959 filium
592 4886 673 4976 Dei,
697 4891 742 4960 dc
755 4914 825 4984 qua
839 4891 1114 4983 posteadicetur.
1178 4885 1373 4966 creatione,
1398 4892 1432 4950 et
1453 4889 1533 4969 post
1553 4875 1691 4965 lapsum
1708 4871 1878 4942 manserit
1893 4871 1931 4988 in
1946 4882 2072 4939 natura
2089 4863 2161 4987 ho-

244 4991 306 5067 Xl.
347 4989 565 5062 Damnamns
584 4988 792 5082 Pelagianos
812 5005 846 5063 et
869 4986 1129 5083 Anabaptistas,
1178 4987 1306 5070 minis,
1330 4998 1449 5056 tamen
1470 4977 1717 5073 quiapropter
1737 4975 2028 5063 depravationem
2051 4970 2162 5059 calago

140 5108 179 5165 et
197 5092 351 5179 slmiles,
377 5094 438 5188 qui
462 5113 606 5185 prorsus
627 5106 757 5184 negant
778 5093 892 5162 ullum
915 5115 987 5162 esse
1006 5118 1128 5185 pecea-
1178 5111 1304 5180 magna
1319 5097 1371 5156 est
1385 5084 1422 5153 in
1436 5079 1630 5163 mentibus,
1653 5076 1734 5194 ideo
1748 5069 1846 5192 Deus
1859 5095 1936 5142 eam
1951 5085 1986 5141 et
2001 5092 2087 5140 voce
2102 5091 2164 5139 sua

140 5208 221 5269 tum
237 5195 407 5286 originis,
432 5209 466 5265 et
483 5195 622 5282 fingunt
634 5207 796 5265 naturam
811 5189 968 5265 hominis
983 5219 1055 5266 esse
1071 5197 1129 5265 in·
1178 5186 1434 5284 promulgavit,
1466 5197 1506 5254 ¹¹¹
1526 5192 1618 5249 ‘¹¹²²
1640 5189 1882 5248 ¹²⁸¹¹¹¹¹⁰¹¹¹¹¹¹¹¹
1908 5192 2058 5259 “duem
2083 5192 2166 5263 Pet·

141 5310 291 5389 tagram,
314 5310 346 5367 et
361 5320 460 5388 posse
475 5295 543 5386 legi
551 5291 620 5363 Dei
633 5295 840 5380 satisfacere,
860 5308 894 5367 et
907 5295 983 5365 beri
1000 5298 1129 5369 iustam
1179 5305 1315 5375 catum,
1340 5299 1374 5359 et
1395 5299 1513 5379 postea
1536 5282 1665 5352 docens
1687 5277 1797 5348 iustos
1818 5271 1940 5367 quales
1963 5273 2081 5343 cultus
2100 5294 2166 5362 ap·

141 5397 233 5491 lege.
283 5396 502 5471 Damnamus
523 5413 558 5469 et
573 5391 792 5483 Monacbos,
816 5397 877 5491 qui
894 5396 1029 5469 etiamsi
1044 5399 1130 5471 reti-
1180 5392 1320 5487 probet.

202 5503 385 5571 thaam
408 5502 511 5572 Orn.
536 5501 620 5568 Vos.
633 5497 713 5567 XII.
1575 5479 1659 5554 ·26
