4680 6038
150 197 223 277 stt
530 186 688 267 nect.
723 183 800 264 DE
837 183 1192 264 ntscltttstttn
1230 182 1787 271 LEGUMPOLIT.·110.
2099 186 2174 269 161

152 393 257 453 nam,
289 379 335 438 ut·
357 361 520 434 nominat
537 359 686 448 Daniel,
719 363 797 435 vult
818 359 971 450 intelligi
993 380 1059 430 nos
1079 381 1139 428 re·
1187 358 1316 450 gratias
1332 358 1444 450 agite,
1467 359 1565 453 quod
1580 354 1674 430 bane
1689 370 1789 431 snam
1802 361 1920 433 lucem
1935 360 2042 435 vobis
2054 360 2178 449 doust,

153 470 338 545 conciliari
356 482 389 538 et
404 467 542 559 placere
555 462 632 536 Deo
646 464 715 534 fide
730 477 876 557 propter
896 460 1139 544 mediatorem,
1188 463 1286 554 quod
1302 462 1421 532 munit
1439 483 1502 531 vos
1519 475 1642 534 contra
1656 462 1842 534 seditiosas
1858 479 1893 536 et
1908 465 2083 536 fanaticas
2095 463 2176 555 opi-

153 597 230 644 non
254 583 399 664 propter
425 582 543 639 nostra
567 569 675 650 facta,
707 578 769 637 ant
790 565 873 634 illos
892 577 1027 654 gestus,
1061 561 1140 633 vult
1188 563 1326 636 niones.
1384 561 1515 634 Curate
1535 563 1661 644 etiam,
1692 577 1734 636 ut
1756 578 1909 661 utroque
1930 589 2062 657 genere
2081 577 2175 636 reste

154 698 222 747 nos
245 692 451 762 agnoscere,
477 669 578 757 diligi
601 691 665 738 nos
685 668 723 735 in
742 665 891 745 dilecto,
915 665 1011 758 quod
1028 663 1140 753 signi-
1189 663 1357 745 utamini,
1389 677 1503 735 amate
1528 663 1621 754 leges
1639 665 1817 756 politicas,
1844 681 1879 740 et
1899 681 2107 739 reverenter
2127 666 2177 737 eis

155 776 317 847 licantins
334 770 469 844 Graece
484 766 791 850 dieituraPaulo‚
822 790 890 837 nos
905 789 979 836 esse
993 787 1140 860 κεχαρι-
1191 767 1448 859 obtemperate,
1488 764 1664 837 memores
1688 760 1797 838 buius
1816 770 1918 841 dicti:
1951 767 2104 840 Necesse
2124 781 2176 840 rsl

155 872 344 969 τωμένους
360 873 401 945 ἐν
415 867 722 969 τῷήγαπημίνῳζ
735 871 773 939 id
789 884 851 955 est,
866 867 1140 959 permisericor·
1190 868 1335 938 obedire
1355 880 1501 959 propter
1521 868 1784 940 conscientiam.
1843 869 1944 943 Laeti
1968 871 2077 942 etiam
2101 867 2177 941 Deo

155 980 252 1048 diam
269 978 407 1067 placere
423 980 566 1064 propter
581 972 715 1057 lilium,
741 970 804 1065 qui
826 983 955 1040 natura
968 968 1140 1058 diligitur.
1190 969 1320 1059 gratias
1336 969 1451 1059 agite,
1491 970 1587 1061 quod
1609 969 1648 1038 in
1672 965 1868 1061 Evangelio
1891 973 2053 1044 ostendit
2074 992 2176 1042 veros

154 1078 247 1150 Vult
266 1077 435 1165 intelligi,
459 1073 575 1145 Deum
592 1096 667 1142 sese
682 1074 788 1143 nobis
803 1071 1082 1156 communicare,
1106 1081 1142 1140 et
1191 1071 1326 1156 cultus,
1351 1083 1386 1140 et
1408 1070 1570 1142 libertate
1589 1070 1641 1141 sic
1662 1072 1832 1157 utamini,
1857 1088 1898 1146 nt
1921 1088 2081 1146 crescant
2103 1072 2178 1143 veri

154 1204 222 1250 nos
236 1180 312 1248 lieri
328 1177 458 1269 templa
472 1174 559 1261 Dei,
582 1199 663 1245 cum
681 1175 776 1245 lilius
793 1167 902 1272 λόγος
923 1171 1057 1242 aeterni
1078 1194 1142 1263 pa·
1191 1172 1305 1244 cultos
1337 1172 1377 1241 in
1403 1172 1625 1264 pectoribus,
1665 1195 1749 1243 eura
1780 1174 1957 1261 discendi,
1995 1175 2177 1247 invocatio

154 1282 221 1353 tris
244 1281 401 1351 ostendit
429 1270 538 1369 patris
562 1275 862 1361 misericordiam,
896 1287 931 1345 et
960 1273 1071 1345 effuso
1103 1272 1142 1341 in
1191 1273 1277 1359 Dei,
1308 1273 1450 1344 dolores
1472 1286 1618 1364 propter
1639 1287 1759 1345 nostra
1784 1277 1932 1362 delicta,
1970 1275 2178 1362 consolatio,

153 1404 222 1453 nos
235 1380 374 1474 Spiritu
389 1391 510 1450 sancto
525 1379 767 1448 accenduntur
782 1375 959 1447 invocatio
975 1371 1060 1458 Dei,
1086 1373 1143 1443 di·
1193 1378 1261 1446 lide
1276 1375 1452 1467 accipiens
1467 1375 1728 1462 remissionem,
1752 1376 1895 1449 dileetio
1912 1377 1980 1451 Dei
2001 1392 2040 1451 et
2051 1375 2179 1451 Eucle-

153 1485 281 1568 lectio,
306 1482 415 1553 etalii
431 1494 548 1550 motus
566 1481 672 1564 tales,
698 1478 814 1574 qualis
830 1492 881 1548 est
901 1478 974 1569 ipse
987 1474 1142 1568 Spiritus
1192 1478 1275 1563 siae,
1299 1477 1458 1555 studium
1470 1476 1692 1561 concordiae,
1716 1478 1866 1564 castitas,
1880 1494 1915 1550 et
1928 1495 2090 1552 caeterae
2103 1478 2178 1550 vir·

155 1598 308 1658 sanctus.
364 1581 449 1651 Vult
466 1577 664 1666 sciriDeus,
689 1581 780 1650 velle
796 1604 832 1650 se
846 1579 937 1663 coli,
962 1579 1052 1648 sicut
1069 1579 1142 1667 ipse
1193 1593 1299 1659 tutes,
1325 1602 1415 1673 quae
1431 1592 1515 1649 sunt
1528 1593 1562 1650 et
1576 1602 1682 1670 opera
1696 1575 1785 1665 Dei,
1808 1593 1844 1652 et
1856 1582 2061 1655 testimonis
2073 1602 2180 1675 prse-

154 1686 351 1778 praecepit,
378 1708 451 1751 nou
468 1684 596 1753 ritibus
610 1683 813 1771 excogitatis
836 1695 958 1750 nostro
982 1679 1161 1749 consilio..
1192 1680 1326 1753 sentiae
1343 1677 1411 1750 nei
1430 1680 1471 1749 in
1494 1680 1606 1751 vobis.
1663 1677 1718 1750 Ac
1734 1704 1958 1777 nequaquam
1981 1684 2180 1755 existimate

154 1787 293 1859 Harum
308 1787 541 1855 maximarum
558 1806 675 1852 rerum
691 1785 852 1854 doctriua
865 1782 1043 1865 obruitur,
1060 1804 1142 1850 cum
1194 1784 1392 1854 libertatem
1406 1804 1479 1852 esse
1496 1781 1573 1855 sine
1585 1782 1687 1852 lreno
1705 1805 1828 1869 ruere,
1852 1809 1925 1878 qno
1938 1809 2062 1857 caecae
2077 1784 2182 1878 cupi-

155 1891 384 1960 abducuutur
407 1887 502 1955 oculi
522 1899 557 1954 et
575 1899 709 1956 mentes
729 1886 774 1955 ad
798 1886 860 1954 illa
889 1886 985 1952 varia
1009 1896 1143 1975 specta·
1192 1886 1320 1956 ditates
1335 1884 1547 1976 impellunt,
1570 1885 1690 1957 vivere
1703 1884 1780 1955 sinc
1797 1910 1882 1957 cura
1898 1888 2081 1974 discendi,
2103 1886 2181 1959 sins

156 1991 236 2062 cula
262 1989 531 2066 sacrificiorum,
561 1987 796 2072 ieiuniorum,
820 1984 1024 2056 Platonicae
1045 2008 1144 2053 com·
1193 1987 1405 2075 cogitatione
1419 1988 1463 2057 dc
1478 1988 1578 2072 Deo,
1600 1986 1678 2055 sine
1698 1986 1936 2061 invocatione.
1987 1987 2181 2080 Quidni·

154 2090 407 2161 municatiouis
431 2104 466 2159 et
489 2089 628 2158 similia.
688 2087 770 2176 Quo
801 2087 896 2156 enim
918 2085 1144 2177 progreditur
1194 2113 1262 2159 nus
1283 2088 1450 2178 congruit
1479 2091 1523 2158 ad
1549 2088 1787 2178 evangelicam
1811 2088 2032 2178 libertatem,
2071 2110 2181 2186 quam

155 2189 492 2272 bumanaaudacia,
518 2213 597 2259 cum
614 2188 870 2278 fingitcultus?
911 2186 1143 2258 Mactationcs
1193 2214 1259 2259 nec
1278 2189 1387 2274 scire,
1428 2212 1494 2260 nec
1513 2191 1661 2260 recitare
1682 2191 1837 2284 symboli
1859 2193 1990 2265 verba?
2051 2192 2181 2264 Tale·

154 2289 342 2365 bominum
385 2293 533 2361 usitatae
574 2291 719 2361 suerunt
760 2290 928 2359 omnibus
967 2289 1141 2379 gentibus.
1194 2316 1277 2362 vero
1299 2315 1373 2361 esse
1395 2293 1589 2363 multorum
1614 2292 1886 2382 negligentiam,
1910 2319 2017 2386 saepe
2040 2293 2181 2387 experi-

153 2391 294 2465 Omitto
312 2393 380 2461 alia
397 2392 528 2472 multa,
556 2415 645 2482 quae
664 2393 861 2461 verecunde
876 2390 949 2460 dici
966 2414 1039 2459 non
1060 2411 1144 2481 pos-
1193 2417 1286 2467 mur.
1329 2390 1423 2463 Usus
1436 2393 1556 2463 lumen
1573 2407 1625 2464 est
1639 2394 1802 2464 omnium
1817 2396 2078 2468 doctrinarum.
2120 2394 2181 2467 sic

156 2509 252 2566 sunt.
303 2492 424 2583 Quare
445 2489 542 2561 Dens
565 2514 630 2561 nos
655 2492 700 2560 ad
723 2516 822 2561 snam
845 2515 967 2561 vocem
990 2503 1143 2575 revocat,
1192 2494 1303 2583 igitur
1331 2495 1460 2565 rectius
1488 2494 1693 2585 intelligetis
1722 2509 1757 2567 et
1787 2491 1881 2569 hanc
1907 2498 2111 2570 doctrinam
2135 2497 2180 2566 de

154 2620 231 2667 non
254 2595 331 2665 vult
357 2597 517 2664 doctores
549 2592 588 2662 in
618 2589 774 2662 Ecclesia
799 2594 930 2663 addere
949 2592 1017 2662 alia
1041 2615 1143 2682 prae·
1194 2595 1399 2665 discrimine
1419 2597 1535 2686 legum
1561 2597 1785 2688 politicarum
1806 2614 1843 2673 ct
1864 2596 2078 2691 Evangelii,
2102 2619 2182 2672 rum

155 2712 256 2790 cepta
272 2708 333 2766 aut
345 2697 522 2784 dogmata,
545 2693 623 2764 vult
637 2693 742 2764 etiam
759 2695 931 2783 intelligi,
956 2694 1054 2763 aliud
1070 2715 1142 2762 esse
1194 2712 1346 2791 utroque
1359 2719 1486 2787 genere
1500 2712 1593 2768 recte
1606 2699 1769 2770 utemini.
1821 2698 1930 2790 Quod
1944 2715 1985 2775 ut
1999 2702 2181 2785 faciamus,

155 2798 349 2890 imperium
381 2795 589 2888 politicum,
628 2793 726 2865 aliud
758 2796 996 2867 ministerium
1022 2790 1143 2864 Evan-
1195 2817 1228 2872 te
1246 2799 1358 2868 lilium
1368 2796 1454 2885 Dei,
1476 2797 1672 2870 Dominum
1687 2813 1849 2871 nostrum
1858 2800 1974 2875 lesum
1983 2797 2183 2886 Christum,

156 2900 262 2992 gelii,
288 2899 326 2967 in
351 2923 423 2992 quo
448 2897 568 2966 efficax
592 2909 644 2966 est
667 2896 742 2987 ipse
765 2897 860 2968 filius
879 2894 946 2968 Dei
972 2889 1080 2995 λόγος
1103 2897 1141 2964 in
1194 2903 1378 2972 custodem
1394 2897 1592 2986 Ecclesiae,
1618 2898 1700 2996 (qui
1716 2927 1799 2973 cum
1814 2927 1964 2976 massam
1982 2905 2101 2976 nostri
2122 2925 2183 2996 gs·

153 3000 346 3076 mentibus.
396 2997 566 3071 Doctores
598 3011 737 3070 tantum
756 3013 857 3073 sunt
888 3020 1021 3088 organa
1047 2998 1143 3068 vocis
1195 3003 1291 3072 neris
1305 3004 1561 3094 adsumpseris,
1586 3016 1621 3074 et
1635 3027 1702 3095 pro
1718 3004 1824 3074 nobis
1838 3005 2014 3078 lactuosis
2028 3005 2182 3090 victims,

158 3104 315 3178 divinae.
1194 3105 1352 3176 ostendis
1377 3117 1410 3174 te
1434 3104 1614 3175 verissime
1635 3106 1739 3176 adfici
1760 3130 1845 3177 cura
1868 3105 2003 3204 nostri)
2024 3132 2112 3190 oro,
2142 3120 2183 3179 ot

259 3204 398 3277 Videtis
415 3204 639 3296 gravissimas
657 3228 778 3277 causas
794 3226 877 3289 esse,
903 3225 1013 3297 quare
1027 3225 1143 3295 neque
1195 3222 1334 3298 pectora
1350 3221 1470 3278 nostra
1485 3209 1677 3295 gubernes,
1702 3221 1738 3279 et
1756 3208 1864 3281 facias
1882 3234 1948 3282 nos
1969 3233 2054 3281 vasa
2076 3209 2182 3281 miw

155 3307 264 3380 condi
285 3331 401 3401 neque
420 3307 530 3399 recipi
554 3330 666 3377 novos
693 3303 918 3380 cultusDcos
941 3304 1038 3375 velit.
1089 3303 1143 3372 Ac
1195 3309 1384 3394 ricordiae,
1410 3321 1445 3379 et
1461 3330 1592 3398 organa
1609 3308 1774 3380 salutaria
1796 3325 1831 3381 et
1850 3313 1956 3383 nobis
1972 3324 2009 3383 et
2030 3311 2180 3384 univer·

154 3423 271 3482 totum
298 3404 366 3479 hoc
398 3409 589 3478 discrimen
614 3408 846 3498 imperiorum
883 3419 917 3475 et
949 3404 1143 3495 evangelici
1193 3435 1251 3482 eae
1265 3404 1455 3484 Ecclesiae,

153 3509 345 3579 ministerii
362 3510 516 3600 conspici
536 3508 685 3578 maxime
701 3508 936 3578 necessarium
954 3521 1022 3589 est,
1046 3505 1141 3598 quod
1296 3508 1392 3581 Haec
1410 3535 1546 3582 mecum
1565 3536 1708 3606 quoque
1724 3515 1859 3604 precari
1883 3539 1946 3587 vos
1968 3540 2100 3589 omnes
2120 3519 2179 3590 de·

156 3634 236 3681 cum
254 3610 456 3698 ignoratur,
482 3623 680 3703 sequnntur
703 3623 738 3681 et
758 3608 911 3679 fanatica
934 3606 1077 3691 deliria,
1109 3618 1143 3675 et
1194 3626 1266 3694 cet,
1292 3613 1503 3702 cogitantes,
1528 3637 1594 3684 nos
1610 3629 1777 3708 tanquam
1791 3612 1939 3688 chorum
1962 3621 2062 3710 apud
2085 3643 2179 3693 nm-

156 3711 315 3782 seditiosi
331 3711 511 3781 clamores.
562 3708 729 3780 Vidimus
749 3712 899 3794 multos,
920 3709 1082 3802 quicum
1103 3707 1142 3776 in
1194 3738 1292 3785 mum
1315 3716 1531 3786 sacerdotem
1555 3730 1717 3786 nostrum
1736 3717 1849 3787 filium
1874 3716 1942 3789 Dei
1964 3735 2080 3804 stare,
2118 3746 2178 3812 pe-

155 3835 270 3881 nnum
294 3806 401 3880 chaos
426 3811 684 3881 confunderent
706 3810 885 3903 politicam
916 3807 1141 3903 gubernatio·
1193 3829 1325 3888 tentem
1342 3816 1388 3886 ab
1401 3829 1542 3886 aeterno
1566 3833 1680 3908 patre,
1704 3832 1745 3890 ut
1767 3820 1904 3913 aliquas
1926 3820 2179 3917 reliquiasEe·

156 3934 239 3982 nem
266 3923 300 3980 et
322 3908 577 4002 Evangelium,
603 3911 811 3984 reficiebant
831 3910 1014 3984 Romanas
1037 3911 1142 4000 leget,
1193 3919 1318 3990 clesiae
1333 3930 1464 3999 servet,
1492 3919 1683 4015 etquidem
1700 3920 1738 3989 iu
1756 3915 1823 3991 boc
1838 3923 1915 4015 ipso
1931 3939 2035 3996 coetu
2052 3938 2179 4011 servet,

156 4027 193 4085 et
223 4013 389 4082 dicebant
418 4036 454 4083 se
485 4014 676 4104 scripturos
705 4037 778 4084 esse
809 4036 918 4084 novas
945 4009 1140 4101 Evangelio
1193 4021 1258 4093 ubi
1272 4020 1389 4092 studia
1407 4033 1492 4092 sunt
1506 4022 1565 4114 pia
1581 4045 1684 4092 verae
1698 4023 1891 4095 doetrinae.
1942 4022 2041 4100 Dixi,

158 4127 403 4204 congruentes.
477 4112 525 4183 lli
557 4138 622 4183 nec
651 4115 806 4185 officium
838 4139 903 4184 nec
932 4114 1140 4204 dignitatem
2130 4114 2139 4128 “

157 4216 424 4305 magistratuum
451 4217 714 4305 intelligebant,
748 4240 838 4310 quos
858 4215 955 4286 Deus
977 4212 1043 4287 bac
1065 4215 1140 4306 ipsa
2008 4284 2013 4291 .

154 4329 328 4407 potestate
349 4318 516 4400 armavit,
554 4319 731 4388 condendi
749 4319 861 4409 leges,
901 4318 1030 4387 rationi
1054 4340 1137 4386 con·
1191 4308 1258 4384 No.
1279 4305 1363 4386 151.
2014 4342 2068 4389 aa.
2085 4321 2179 4388 1151.

157 4430 340 4505 gruentes‚
365 4418 410 4485 ad
426 4417 665 4503 defensionem
682 4414 850 4493 honestae
867 4419 1053 4489 societatis.
1092 4417 1140 4491 At
1198 4406 1371 4437 Μ
2000 4410 2173 4449 '‘⁴“

156 4511 394 4608 Evangelium
415 4518 460 4587 de
483 4517 556 4587 filio
576 4519 666 4605 Dei,
697 4523 743 4591 de
765 4521 1071 4606 reconciliatione,
1097 4522 1140 4588 de
1349 4513 1427 4602 De
1458 4514 1696 4626 dignitate
1723 4518 1868 4607 studii
1894 4518 2020 4608 iuris,

156 4619 381 4691 restitutione
403 4619 496 4690 vitae
515 4632 699 4706 aeternae,
730 4636 765 4693 et
787 4624 833 4692 de
854 4622 1051 4715 praesentia
1073 4619 1141 4691 Dei
1259 4655 1291 4710 1„
1305 4654 1537 4712 „1ngoeng
1549 4655 1582 4711 T.
1596 4655 1642 4714 pv·
1665 4659 1811 4731 mag,
1859 4658 1978 4720 Μαι
1989 4659 2022 4720 Τ.
2037 4660 2086 4720 w·
2136 4662 2179 4720 ω.

154 4718 199 4791 in
224 4721 330 4792 nobis
352 4721 594 4792 concionatur.
661 4719 714 4794 Ac
738 4736 778 4794 ut
801 4723 856 4793 illi
879 4724 966 4793 novi
986 4721 1139 4814 Lycurgi
1296 4723 1385 4806 nciam
1405 4723 1550 4795 separaum
1587 4725 1687 4796 rodite,
1711 4697 1837 4812 'witebi’
1850 4730 1978 4788 1⁵⁶⁶·1l
2021 4728 2069 4789 Gt·
2084 4679 2177 4789 ⁶th

156 4820 339 4894 seditiosas
352 4822 540 4913 opiniones
554 4839 739 4912 spargunt,
764 4824 814 4895 ita
830 4825 891 4894 alii
907 4823 1141 4916 superstitiosi
1294 4791 1363 4849 ΜΗ·
1379 4792 1447 4849 ⁵¹⁸¹·
1465 4793 1520 4846 ΝΟ·
1532 4792 1567 4846 ⁴⁷
1586 4834 1593 4850 ‘
1631 4794 1795 4853 ¹”'“¹¹’¹¹¹¹¹
1809 4799 1872 4855 ⁵¹⁶³

156 4921 297 5012 fingunt
316 4924 545 5012 perfectiones
559 4946 650 5008 esse,
673 4926 907 5010 coelibatum,
933 4925 1139 4996 discrimina
1191 4922 1321 4993 Oratio
1346 4918 1393 4991 de
1420 4917 1612 5015 (lignitate
1634 4921 1756 4996 studii
1789 4929 1911 5020 iuris3
1954 4930 2128 5002 rectem
2153 4951 2178 5002 st

156 5022 712 5117 ciborum,etcynicosmores.
761 5025 976 5114 Quarecum
994 5024 1142 5096 Deibe-
1193 5025 1389 5119 Georgs'o
1423 5024 1663 5114 croesum,
1707 5034 2033 5097 sedeserdverbum
2062 5037 2178 5116 usn,

155 5122 284 5194 ncficio
305 5121 344 5190 in
368 5117 435 5192 hac
455 5120 595 5209 schola,
635 5149 739 5219 saepe
768 5128 879 5219 repeti
906 5141 942 5200 et
968 5126 1140 5198 illustrari
1192 5151 1282 5214 qnam
1298 5127 1429 5192 eTono
1444 5125 1470 5193 1.
1494 5126 1633 5198 Doctum.
1649 5135 1712 5194 iam
1727 5135 1864 5200 dedimus
1878 5158 1969 5219 snpra
1980 5158 2062 5200 anno
2080 5139 2176 5205 tots.

157 5221 348 5293 discrimen
360 5222 477 5313 legum
491 5225 715 5315 politicarum
730 5241 765 5300 et
773 5222 960 5319 Evangelii
974 5228 1139 5310 audiatis,
1190 5230 1324 5310 Nudo,
1349 5234 1608 5296 nbiinsoribitmr
1632 5232 1973 5316 respuentque».
2024 5237 2177 5305 Videatur

155 5317 250 5396 hanc
264 5324 460 5398 doctrinam
477 5328 708 5403 neeessariam
730 5344 825 5406 recte
842 5331 984 5420 discite,
1009 5342 1045 5403 et
1059 5325 1137 5400 Deo
1189 5338 1283 5417 igttm
1296 5331 1433 5404 butam.
1446 5331 1508 5407 llo.
1521 5335 1576 5400 7⁵.
