4680 6038
256 235 306 308 48

254 406 324 478 fuit
346 402 536 482 autoritas,
577 425 683 496 quam
711 422 932 493 nequaquam
957 399 1149 469 voluerunt
1175 420 1248 465 esse

255 507 434 579 infinitam
457 519 517 575 aut
537 504 778 600 tyrannicam,
805 504 864 572 sed
890 498 1146 572 honestissimis
1160 500 1248 589 legi·

256 613 323 683 hus
353 623 388 682 et
419 606 561 677 iudiciis
592 605 679 698 regi.
738 601 792 674 Ac
814 616 939 673 notum
966 619 1016 676 est
1041 598 1249 672 honestissi-

255 736 334 786 mos
351 733 536 781 consessus
557 734 630 779 esse
650 708 827 788 iudicum,
853 709 970 798 quiex
989 708 1114 775 ordine
1141 728 1243 799 eque-

256 815 341 896 stri,
376 827 411 884 et
444 837 486 882 er
510 812 724 884 Doctoribus
753 808 898 894 defecti,
936 809 1128 902 quotannis
1159 831 1248 900 qua-

257 935 311 991 ter
332 917 375 987 ad
400 915 639 1006 coguitionem
661 911 982 983 controversiarum
1005 912 1114 983 totius
1140 909 1248 981 ditio-

256 1023 314 1092 nis
334 1019 563 1091 conveniunt.

360 1120 502 1210 Quanta
528 1120 566 1188 in
594 1141 679 1212 pace
710 1131 746 1188 et
773 1117 812 1186 in
844 1115 947 1187 hellis
970 1114 1082 1184 viltus
1108 1113 1246 1184 Princi-

258 1249 343 1319 pum
361 1222 485 1302 fuerit,
511 1222 622 1292 multa
635 1223 838 1292 ostendunt.
889 1216 1092 1287 Fridericus
1107 1218 1168 1310 qui
1185 1211 1249 1285 ha-

257 1329 337 1401 buit
356 1328 556 1396 admorsam
583 1346 708 1411 genam
731 1323 881 1414 patriam
907 1318 1065 1391 defendit
1082 1323 1248 1389 adversus

258 1425 457 1507 Bohemos,
484 1421 692 1519 Adolphum
703 1424 991 1507 Nassaviensem,
1015 1435 1048 1490 et
1060 1417 1246 1491 Albertum

259 1530 497 1604 Austriacum.
554 1525 716 1621 Cumque
740 1551 759 1596 a
782 1521 994 1597 Marchione
1018 1521 1246 1593 Brandebur-

258 1634 357 1726 gensi
374 1645 495 1725 captus
510 1644 617 1716 esset,
644 1631 774 1700 virtute
788 1644 821 1701 et
835 1629 902 1698 fide
918 1628 1113 1697 nobilitatis
1130 1627 1168 1694 in
1184 1621 1250 1695 hac

259 1737 404 1828 regione
427 1735 595 1805 liberatus
610 1746 674 1805 est.
719 1729 890 1802 Albertus
902 1754 988 1800 avus
1004 1729 1129 1824 inclyti
1143 1727 1249 1798 Prin-

258 1841 347 1932 cipis
360 1836 469 1908 Ducis
483 1832 657 1906 Electoris
675 1832 862 1913 Mauricii,
889 1831 1249 1923 duobus‘potentissi-

258 1944 326 2013 mis
349 1953 381 2010 et
403 1939 630 2009 ferocissimis
653 1938 795 2027 regibus
819 1936 1000 2027 oppositus
1027 1948 1095 2015 est,
1120 1930 1249 2004 Carolo

260 2043 424 2116 Gibhoso
442 2041 515 2130 regi
538 2038 679 2111 Gallico
708 2054 740 2110 et
757 2038 931 2109 Matthiae
947 2037 1021 2126 regi
1032 2034 1250 2120 Pannoniae,

259 2173 299 2219 ac
315 2148 422 2235 longo
439 2145 533 2213 bello
550 2140 675 2212 Gallos
689 2166 729 2211 ex
747 2140 916 2211 Flandria
931 2139 1052 2223 eiecit,
1079 2152 1197 2230 postea
1215 2152 1250 2209 et

258 2244 435 2320 Mathiam
458 2246 595 2338 depulit
629 2246 674 2314 ab
702 2244 888 2313 obsidione
910 2242 1011 2312 urbis
1033 2239 1251 2326 Austriacae,

157 2390 171 2421 a
257 2352 316 2423 cui
335 2374 465 2419 nomen
491 2361 543 2417 est
564 2347 749 2439 Neapolis,
784 2358 817 2415 et
840 2342 905 2414 hac
928 2367 1047 2437 pugna
1072 2367 1250 2435 repressus

258 2448 435 2536 Mathias,
468 2451 610 2539 longius
636 2450 673 2518 in
699 2446 929 2519 Germaniam
957 2470 1030 2516 non
1047 2469 1250 2537 progressus

258 2570 320 2626 est.
372 2553 534 2646 Cumque
546 2552 732 2621 Albertum
748 2550 941 2619 domestico
959 2549 1052 2618 bello
1068 2549 1250 2640 implicare

259 2671 467 2736 conaretur,
494 2679 532 2724 ac
543 2654 693 2723 misisset
709 2654 746 2720 in
760 2648 1029 2722 hancviciniam
1046 2652 1250 2731 exercitum,

258 2761 390 2831 virtute
413 2755 553 2828 Alberti
577 2772 612 2828 et
631 2769 837 2846 agnatorum
863 2754 976 2844 patria
999 2754 1173 2823 foeliciter
1187 2756 1250 2823 de·

186 2920 189 2924 .
257 2864 357 2933 feusa
375 2876 445 2944 est,
474 2875 507 2931 et
520 2854 637 2929 hostes
654 2858 747 2950 pulsi
766 2872 799 2927 et
815 2856 977 2948 dissipati
994 2871 1097 2939 sunt,
1123 2870 1159 2927 et
1175 2880 1250 2925 non

258 2966 373 3036 solum
396 2959 480 3033 haec
503 2961 653 3059 vicinia,
685 2961 747 3039 sni
771 2961 877 3030 etiam
901 2960 1037 3052 reliqua
1056 2955 1249 3028 Germania

258 3090 387 3158 magno
415 3064 573 3157 periculo
603 3064 841 3135 liberata·cst.
902 3060 1056 3153 Fuitque
1082 3057 1251 3134 Albertus

257 3172 375 3265 quoad
407 3168 493 3237 vixit
524 3166 734 3258 praecipuus
762 3167 833 3234 dux
860 3166 897 3232 in
920 3159 988 3233 hoc
1010 3164 1178 3255 imperio,
1217 3177 1252 3233 et

256 3273 407 3342 maxime
421 3270 635 3340 formidatus
648 3268 802 3339 externis
812 3265 988 3357 Regibus,
1013 3280 1047 3335 et
1061 3267 1251 3336 turbulen-

257 3376 303 3445 tis
317 3372 565 3467 Principibus,
590 3373 682 3440 sicut
702 3365 857 3440 Achilles
879 3370 918 3437 in
939 3366 1077 3438 Graeco
1095 3370 1250 3440 exercitu

257 3478 467 3546 nominatur
481 3475 614 3543 vallum
630 3466 863 3543 Achivorum.

362 3576 507 3646 Possem
543 3575 656 3644 multa
695 3574 889 3664 sapienter,
925 3573 1035 3657 iuste,
1070 3572 1250 3642 moderate

256 3685 346 3753 facta
364 3677 572 3769 Principum
588 3672 694 3746 huius
707 3677 864 3745 familiae
886 3676 1045 3748 recitare.
1097 3673 1168 3745 Sed
1185 3670 1251 3744 hae

258 3786 383 3853 breves
401 3779 753 3850 commemorationes
773 3803 846 3848 non
866 3773 998 3848 habent
1013 3778 1155 3860 lumen,
1181 3776 1251 3845 nisi

258 3888 414 3975 integrae
440 3896 641 3972 temporum
665 3875 832 3951 historiae
846 3896 950 3951 notae
967 3880 1056 3962 sint,
1083 3894 1117 3950 et
1134 3879 1250 3948 consi-

258 3991 422 4069 deretur,
449 3983 564 4078 qualis
586 3982 693 4053 fuerit
719 3984 757 4051 in
780 3984 864 4075 ipsis
881 3982 1108 4074 Principibus
1124 3995 1251 4053 natura

259 4106 295 4163 et
317 4104 483 4182 perpetua
505 4085 670 4155 voluntas
696 4109 775 4176 erga
800 4085 979 4177 Rempub.
1014 4082 1110 4154 'Hoc
1134 4099 1250 4154 tamen

258 4191 427 4264 affirmari
448 4200 582 4281 potest,
607 4183 674 4257 hos
691 4186 876 4280 Principes
902 4213 966 4279 pro
984 4187 1166 4258 excellenti
1188 4209 1250 4256 sua

259 4292 431 4385 sapientia
452 4290 563 4384 magis
586 4289 789 4360 adiunxisse
812 4313 848 4360 se
872 4293 916 4361 ad
939 4291 1190 4381 imperatores,
1217 4304 1251 4361 et

258 4395 446 4467 autoritate
470 4415 532 4461 sua
555 4403 589 4461 et
606 4391 734 4483 opibus
749 4393 859 4482 magis
874 4393 1072 4463 defendisse
1089 4415 1250 4462 commu·

259 4523 341 4569 nem
364 4493 580 4566 Germaniae
600 4494 768 4580 salutem,
794 4520 900 4588 quam
925 4497 1086 4566 fecerunt
1111 4494 1252 4568 caeteri.

258 4598 345 4672 Fuit
370 4599 479 4688 igitur
499 4595 689 4686 singularis
716 4597 964 4669 benevolentia
989 4621 1068 4686 erga
1094 4595 1251 4666 eosFri·

258 4702 367 4774 derici
385 4698 611 4793 Imperatoris
622 4697 878 4786 Barbarossae,
904 4699 1080 4770 Friderici
1096 4697 1252 4791 impera-

256 4801 348 4878 toris
361 4801 537 4887 Secundi,
571 4827 612 4871 ex
635 4801 735 4872 cuius
760 4803 831 4872 filia
850 4819 953 4873 natus
973 4816 1023 4873 est
1040 4801 1252 4885 Fridericus,

184 4987 188 4995 ,
258 4908 321 5002 qui
336 4902 461 4975 habuit
477 4906 676 4974 admorsam
694 4927 838 4994 genam,
862 4932 902 4976 ac
918 4900 1252 4995 deindeRodolphi,

258 5006 724 5095 Henricilrucelhergensis,
749 5005 1026 5097 CaroliQnarti,
1050 5005 1250 5096 Sigismun-

258 5116 315 5197 di,
340 5109 516 5182 Friderici
533 5105 731 5192 Austriaci,
756 5122 789 5178 et
807 5109 1057 5181 Maximiliani.
1110 5106 1250 5177 Horum

258 5211 640 5308 praestantissimorum
687 5233 808 5299 regum
849 5212 1061 5291 amicitiam,
1112 5212 1251 5279 illustre

258 5314 502 5390 testimonium
533 5335 607 5380 esse
638 5315 682 5381 de
707 5314 881 5407 sapientia
905 5328 939 5384 et
966 5315 1099 5383 virtute
1122 5307 1250 5381 horum

257 5418 486 5510 Principum,
519 5415 604 5485 satis
627 5412 780 5506 intelligi
806 5430 933 5508 potest.
984 5416 1057 5486 Nec
1075 5439 1159 5485 vero
1175 5414 1250 5484 fieri

1000 221 1159 300 DECb.
1201 223 1276 298 DE
1310 225 1532 298 MlSNlA.

2230 230 2281 303 ⁴4

1299 412 1429 490 potest,
1456 399 1543 491 quin
1562 397 1646 468 boni
1663 397 1846 490 Principes
1861 393 2015 471 habeant
2032 401 2219 477 adiunctos
2234 404 2288 470 vi-

1300 526 1357 569 ros
1380 501 1553 592 sapientes
1582 516 1616 572 et
1639 503 1752 572 bonos
1775 502 1813 570 in
1837 502 2014 598 consiliis,
2049 519 2084 575 et
2106 505 2194 597 quin
2217 505 2287 575 vita

1300 628 1422 672 eorum
1440 626 1586 674 censura
1597 605 1641 673 sit
1653 606 1848 674 multorum
1864 606 1903 673 in
1917 606 2063 696 populo,
2088 607 2287 679 utdicitur:

1401 709 1454 774 Sir
1471 716 1569 793 agitur
1585 734 1727 791 sensura,
1754 727 1784 774 et
1800 717 1843 775 sio
1858 719 1997 796 exempla
2013 729 2173 798 parantur,

1454 813 1533 877 Cum
1548 817 1641 878 iudex
1657 821 1731 878 alios
1746 817 1829 901 quod
1844 831 1948 879 monet
1965 823 2030 899 ipse
2045 821 2128 880 facit.

1402 908 1565 1004 Cumque
1588 912 1626 980 in
1649 925 1724 982 toto
1748 936 1874 1003 genere
1891 908 2050 984 humano
2064 936 2205 1006 semper
2221 914 2290 982 im-

1299 1025 1394 1081 mota
1413 1014 1680 1102 gubernationis
1695 1039 1818 1084 norma
1836 1038 1908 1085 csse
1922 1017 2066 1101 debeat,
2091 1013 2291 1107 Decalogus

1300 1129 1393 1185 recte
1417 1117 1634 1197 intellectus,
1668 1132 1703 1188 ct
1722 1114 1819 1188 Deus
1835 1115 2083 1208 Magistratum
2107 1117 2193 1189 velit
2217 1141 2291 1188 esse

1301 1242 1443 1298 vocem,
1469 1233 1501 1288 et
1519 1223 1700 1292 custodem
1712 1215 1820 1289 huius
1833 1242 1916 1289 suae
1930 1226 2091 1291 aeternae
2105 1220 2211 1309 legis,
2235 1243 2289 1290 se·

1300 1336 1460 1413 quuntur
1482 1317 1574 1389 hanc
1599 1346 1717 1391 veram
1741 1345 1901 1391 normam
1925 1325 2018 1393 etin
2045 1319 2111 1407 hac
2137 1337 2210 1394 tota
2234 1346 2290 1397 re·

1301 1424 1417 1512 gione.
1471 1422 1699 1512 Magistratus
1722 1425 1942 1516 praecipiunt
1967 1441 2007 1497 ut
2030 1425 2152 1518 populi
2175 1448 2293 1495 mores

1301 1539 1498 1614 congruant
1511 1529 1553 1594 ad
1572 1540 1755 1618 praecepta
1771 1524 1860 1605 Dei,
1885 1543 1920 1597 et
1939 1528 2094 1618 puniunt
2107 1539 2292 1597 contuma-

1301 1651 1368 1697 ces.
1420 1626 1484 1697 Pie
1507 1630 1704 1699 defendunt
1723 1626 1918 1715 Ecclesias,
1946 1654 2086 1699 novera
2103 1626 2171 1699 Dei
2187 1630 2293 1698 invo-

1302 1730 1391 1798 catio
1409 1731 1647 1820 extinguatur,
1675 1745 1707 1800 et
1724 1731 1862 1823 pellunt
1880 1727 2044 1802 homines
2060 1733 2121 1826 qui
2137 1745 2198 1802 aut
2212 1732 2292 1801 ido-

1302 1832 1334 1900 la
1366 1832 1577 1911 defendunt,
1614 1847 1674 1904 aut
1704 1834 1893 1928 cyclopicis
1922 1835 2146 1905 sermonibus
2173 1830 2291 1905 Deum

1302 1935 1516 2004 contumelia
1531 1935 1718 2021 adficiunt,
1740 1948 1800 2005 aut
1816 1938 1912 2007 falsis
1928 1937 2161 2029 opinionibus
2169 1932 2293 2006 Eccle-

1301 2037 1434 2107 siarum
1450 2061 1661 2109 consensum
1680 2040 1835 2109 turbant.
1886 2038 2093 2110 Puniuntur
2107 2040 2292 2110 latrocinia

1302 2154 1336 2210 et
1351 2139 1553 2213 seditiones.
1605 2138 1856 2213 Defenduntur
1868 2141 2025 2232 legitima
2045 2142 2229 2263 goniugia,
2255 2166 2292 2210 ac

1302 2265 1420 2311 severe
1436 2243 1637 2332 puniuntur
1651 2243 1825 2328 adulteri,
1851 2257 1887 2317 et
1903 2244 2136 2315 contaminati
2152 2243 2292 2314 incestis

1302 2344 1525 2418 libidinibus.
1594 2344 1665 2415 Nec
1702 2345 1874 2415 toleratur
1905 2347 2047 2440 publice
2075 2349 2291 2418 consuetudo

1302 2471 1382 2517 cum
1405 2447 1498 2532 ulla,
1524 2471 1602 2516 cum
1624 2473 1692 2542 qua
1716 2472 1791 2516 non
1814 2461 1865 2518 est
1888 2452 2012 2520 foedus
2027 2449 2212 2539 coniugale
2224 2445 2291 2518 Ec·

1302 2550 1428 2619 clesiae
1443 2549 1646 2620 testimonio
1660 2550 1804 2622 factum.
1857 2550 2064 2622 Puniuntur
2078 2565 2111 2622 et
2123 2554 2238 2635 fures,
2260 2564 2292 2620 et

1303 2651 1365 2720 alii
1390 2652 1452 2744 qui
1473 2653 1577 2720 iidem
1602 2666 1785 2744 pactorum
1810 2654 1848 2722 in
1868 2656 2107 2725 contractibus
2130 2678 2206 2723 non
2222 2676 2292 2722 ser·

1303 2770 1396 2824 vant.
1449 2751 1544 2843 Quia
1561 2779 1644 2824 vero
1662 2744 1809 2825 naturae
1826 2751 2013 2827 hominum
2028 2757 2186 2846 placidae
2202 2768 2293 2837 sunt,

1302 2859 1397 2928 etad
1415 2857 1631 2945 agnitionem
1657 2872 1690 2929 et
1714 2858 1975 2929 invocationem
1998 2856 2088 2944 Dei,
2114 2859 2211 2930 etad
2228 2859 2292 2929 bo·

1303 2982 1368 3028 nos
1384 2982 1501 3028 mores
1515 2983 1600 3030 voce
1616 2956 1813 3044 Ecclesiae,
1839 2975 1872 3032 et
1887 2961 2075 3053 disciplina
2092 2962 2294 3042 domestica,

1303 3076 1336 3132 et
1352 3062 1519 3152 exemplis
1539 3085 1732 3151 poenarum
1749 3063 1970 3156 publicarum
1987 3063 2204 3146 adsuetiunt,
2226 3064 2294 3132 mi-

1303 3187 1370 3234 nus
1386 3178 1421 3234 et
1437 3167 1678 3235 contumaciae
1694 3180 1727 3235 et
1743 3166 1924 3236 scelerum.
1972 3162 2037 3237 Est
2053 3179 2172 3236 autem
2188 3167 2294 3236 disci·

1304 3267 1404 3358 plina
1418 3268 1607 3339 domestica
1627 3269 1666 3336 in
1681 3269 1832 3340 urbibus
1854 3294 1894 3338 eo
1910 3269 2055 3354 melior,
2082 3268 2166 3362 quia
2182 3268 2296 3360 pluri-

1303 3369 1354 3437 mi
1368 3370 1461 3439 cives
1477 3383 1516 3440 ut
1531 3393 1707 3464 nusquam
1732 3371 1998 3463 alibi,‚norunt
2019 3384 2201 3464 utcunque
2217 3371 2296 3440 lite·

1303 3496 1378 3556 ras,
1403 3485 1436 3541 et
1453 3473 1551 3541 domi
1568 3496 1684 3543 sacros
1699 3474 1812 3544 libros
1827 3475 1969 3563 legunt,
1996 3486 2030 3544 et
2044 3474 2137 3543 filios
2153 3496 2193 3543 ac
2207 3473 2296 3543 filias

1304 3574 1424 3643 doceri
1441 3574 1560 3645 literas
1577 3589 1719 3661 curant,
1745 3588 1780 3646 et
1792 3599 1922 3665 magno
1944 3577 2062 3648 studio
2078 3598 2163 3647 suos
2178 3577 2222 3645 ad
2239 3598 2296 3645 re-

1304 3675 1499 3746 verentiam
1538 3678 1672 3767 publici
1703 3677 1894 3748 ministerii
1932 3678 2147 3769 evangelici,
2184 3693 2218 3750 et
2252 3679 2295 3747 ad

1303 3779 1379 3870 pias
1402 3779 1627 3870 precationes
1646 3780 1901 3855 adsuefaciunt.
1954 3780 2097 3875 Ubique
2120 3781 2159 3848 in
2173 3781 2297 3870 singu-

1303 3883 1420 3951 lorum
1451 3881 1684 3951 mediocrium
1709 3883 1840 3955 civium
1874 3884 2040 3962 aedibus,
2075 3885 2167 3953 inter
2189 3906 2297 3953 orna·

1303 3997 1422 4053 menta
1445 3985 1631 4077 praecipua
1656 3986 1926 4079 conspiciuntur
1947 3986 2032 4055 libri
2049 3986 2158 4070 sacri,
2186 3981 2298 4055 histo·

1304 4087 1376 4155 riae
1406 4082 1713 4172 monarchiarum,
1746 4089 1903 4180 picturae
1939 4088 2160 4160 continentes
2192 4110 2299 4176 argu-

1304 4202 1422 4259 menta
1445 4191 1548 4260 utilia
1571 4194 1615 4259 ad
1634 4191 2012 4262 commonefactionem
2027 4203 2167 4282 sumpta
2184 4214 2225 4261 ex
2242 4187 2298 4258 hi·

1304 4291 1434 4363 storiis.
1488 4291 1631 4385 Ubique
1654 4292 1801 4364 recitant
1824 4294 1925 4385 pueri
1940 4317 2061 4378 mane,
2089 4293 2182 4363 etad
2196 4316 2298 4360 men-

1304 4417 1376 4463 sam
1388 4417 1508 4484 preces
1521 4410 1554 4465 et
1565 4395 1639 4484 pias
1654 4395 1864 4474 sententias,
1891 4410 1925 4465 et
1940 4398 2196 4479 admonentur,
2222 4397 2298 4466 sin·

1304 4496 1403 4586 gulas
1418 4496 1569 4566 familias
1591 4498 1719 4566 debere
1744 4511 1818 4567 es'se
1833 4494 2009 4567 Ecclesias
2023 4513 2055 4568 et
2072 4497 2201 4589 templa
2218 4494 2298 4575 Dei,

1304 4598 1342 4667 in
1364 4597 1495 4692 quibus
1516 4599 1602 4669 velit
1616 4596 1713 4669 Deus
1738 4595 1917 4679 habitare,
1944 4614 1977 4669 et
1994 4600 2044 4670 sic
2066 4600 2141 4670 heri
2157 4623 2217 4669 eas
2232 4603 2298 4669 do·

1305 4694 1436 4770 micitia
1458 4698 1525 4770 Dei
1551 4714 1584 4771 et
1607 4698 1801 4785 Ecclesias,
1834 4703 1872 4769 in
1894 4703 2024 4794 quibus
2046 4716 2140 4773 certo
2163 4697 2298 4773 habitet

1304 4800 1419 4886 Deus,
1454 4827 1541 4896 quas
1564 4817 1697 4886 servet,
1731 4817 1906 4896 protegat,
1941 4819 1975 4874 et
2001 4807 2193 4895 gubernet,
2218 4830 2297 4875 cnm

1305 4906 1446 4976 discunt
1477 4906 1632 4975 familiae
1662 4903 1850 4997 Evangelii
1882 4909 2103 4990 doctrinam,
2143 4920 2177 4976 et
2207 4924 2298 4977 recte

1304 5006 1420 5078 Deum
1444 5008 1612 5077 invocant
1634 5009 1763 5078 fiducia
1786 5007 2016 5094 Mediatoris,
2048 5024 2082 5079 et
2107 5033 2222 5079 mores
2241 5034 2298 5078 re·

1304 5124 1392 5198 gunt
1407 5112 1503 5180 iuxta
1529 5110 1688 5181 divinam
1706 5110 1925 5195 doctrinam,
1952 5136 2058 5204 seque
2078 5113 2121 5180 ad
2138 5136 2297 5182 commu-

1304 5235 1386 5281 nem
1403 5208 1688 5281 veraeEcclesiae
1703 5214 1901 5283 societatem
1918 5217 2134 5304 adiungunt,
2162 5227 2195 5283 et
2211 5239 2299 5284 con-

1304 5317 1540 5385 servationem
1570 5315 1705 5405 publici
1742 5315 1930 5388 ministerii
1969 5316 2161 5406 evangelici
2195 5320 2298 5390 adin·

1304 5432 1401 5491 vant.
1455 5415 1496 5487 ln
1522 5417 1583 5487 tali
1606 5430 1708 5487 coetu
1732 5421 1853 5488 adesse
1877 5415 1992 5488 Deum
2011 5432 2246 5511 protectorem
2265 5438 2298 5492 et
