4680 6038
156 194 232 273 668

266 367 327 438 18.
360 364 526 438 Secunda
546 359 855 432 commonefactio:
881 354 1077 457 Postquam
1093 385 1154 433 co·

152 472 295 566 gitasti,
320 468 407 563 quid
423 467 585 550 invoces,
611 476 645 535 et
662 485 788 557 quem,
807 474 844 533 et
862 462 927 533 ubi
941 465 1154 556 patefactum

160 569 376 668 alloquaris,
407 570 446 639 in
463 566 537 638 illis
553 566 640 659 ipsis
661 564 957 657 patefactionibus
972 567 1078 639 etiam
1093 590 1155 637 co-

161 678 348 769 gitandum
364 687 435 760 est,
460 670 640 765 quomodo
656 665 744 738 velit
764 667 835 738 coli
849 664 966 753 Deus,
993 680 1027 741 et
1050 693 1098 741 an
1122 683 1157 743 et

163 803 227 849 cur
247 778 332 848 velit
348 775 526 848 exaudire.
577 768 792 842 Mandatum
812 769 922 860 igitur
942 772 988 841 de
1008 771 1157 845 invoca-

162 883 262 952 tione
279 877 540 952 severissimum
554 872 621 947 tibi
635 871 839 967 proponito.
891 871 981 945 Item
1002 874 1156 968 promis.

164 1007 295 1054 aiones.

270 1101 329 1171 19.
360 1094 484 1167 Tertia
501 1095 812 1167 commonefactio:
833 1092 926 1168 Cum
939 1120 1077 1190 semper
1092 1097 1157 1167 ob-

166 1202 299 1276 strcbat
328 1199 578 1270 accedentibus
601 1200 647 1269 ad
668 1194 786 1269 Deum
809 1197 1003 1289 indignitas
1026 1212 1158 1285 nostra,

165 1326 305 1378 necesse
325 1301 429 1371 estin
447 1302 546 1371 omni
562 1299 784 1393 precatione,
809 1301 1007 1373 doctrinam
1030 1300 1158 1395 poeni-

166 1407 297 1480 tentiae
315 1417 349 1474 et
364 1403 643 1473 consolationem
659 1403 819 1493 cogitari.
869 1399 943 1474 Cor
956 1415 1159 1497 expavescat

167 1508 349 1601 agnitione
371 1505 496 1574 iudicii
513 1519 547 1577 et
563 1505 637 1575 irae
653 1503 721 1576 Dei
744 1507 913 1576 adversus
935 1519 1092 1599 peccata,
1125 1518 1159 1576 et

167 1632 290 1682 rursus
305 1607 460 1696 erigatur
475 1607 616 1679 ardenti
635 1607 705 1677 fide
727 1630 768 1678 ac
789 1609 918 1678 fiducia
940 1608 1158 1687 mediatoris,

168 1728 203 1786 et
223 1724 376 1796 statuas,
415 1722 449 1779 te
477 1721 572 1781 certo
596 1709 708 1802 recipi
735 1712 844 1800 gratis
872 1722 1018 1805 propter
1043 1710 1158 1780 filium

167 1815 252 1898 Dei,
286 1835 362 1881 non
389 1824 537 1903 propter
563 1812 744 1903 propriam
769 1811 977 1903 dignitatem
997 1826 1061 1884 aut
1081 1826 1159 1883 tuas

169 1918 335 1999 virtutes,
359 1925 421 1984 aut
436 1925 515 1985 tuas
531 1914 700 1989 actiones.
755 1911 831 1984 Nec
855 1913 951 1986 lucta
972 1910 1060 1985 baec
1082 1915 1159 1984 sine

169 2018 261 2088 veris
277 2014 466 2106 gemitibus
482 2014 559 2085 beri
576 2029 702 2109 potest.
753 2013 901 2088 Necesse
917 2028 969 2087 est
983 2017 1080 2087 enim
1095 2018 1161 2087 ad·

169 2120 255 2189 ferri
272 2119 318 2188 ad
333 2114 449 2188 Deum
471 2118 743 2189 conversionem
764 2132 801 2190 et
821 2119 946 2199 fidem,
980 2142 1046 2189 nec
1067 2119 1161 2190 valet

169 2220 347 2292 invocatio
368 2219 555 2292 retinentis
578 2220 801 2313 propositum
824 2221 987 2292 violandi
1012 2223 1161 2292 manda·

169 2339 246 2396 tum
268 2319 337 2395 Dei
356 2334 482 2394 eontra
512 2322 778 2396 conscientiam.
844 2320 899 2396 De
926 2319 983 2394 bis
1012 2323 1159 2396 dicitur:

170 2424 376 2496 Peccatores
391 2421 487 2495 Deus
502 2447 578 2493 non
596 2425 751 2500 exaudit.

271 2543 334 2614 20.
368 2540 439 2614 Sed
456 2544 495 2612 in
511 2543 744 2613 conversione
760 2544 915 2636 primum
930 2561 964 2618 et
979 2546 1089 2640 petito
1103 2570 1161 2617 re-

170 2644 391 2728 missionem,
417 2657 452 2715 et
467 2657 600 2714 statuas
615 2656 711 2716 certo
726 2646 794 2718 tibi
809 2670 884 2717 eam
899 2648 1039 2735 donari,
1063 2650 1160 2721 iuxta

171 2747 280 2817 illud:
308 2744 425 2817 lustus
441 2746 510 2815 fide
525 2768 587 2818 sua
601 2746 708 2819 vivet.
739 2745 842 2821 ltem:
871 2746 965 2821 Vivo
982 2773 1058 2842 ego,
1074 2753 1162 2823 dicit

170 2846 368 2934 Dominus,
397 2849 485 2918 nolo
509 2862 663 2920 mortem
684 2851 899 2943 peccatoris,
932 2855 993 2923 sed
1011 2868 1052 2925 ut
1073 2879 1160 2925 con-

171 2964 330 3022 vertatur
351 2963 385 3021 et
405 2951 513 3021 vivat.
572 2949 671 3023 Scias
693 2959 812 3024 a'utem
834 2965 930 3024 certo
952 2957 1161 3030 mandatum

171 3050 240 3124 Dei
256 3075 341 3136 esso,
366 3064 407 3121 ut
421 3051 649 3143 promissioni
664 3054 796 3143 gratiae
812 3057 945 3142 credas,
970 3081 1061 3152 quae
1079 3061 1160 3154 qui-

172 3154 252 3223 dem
274 3168 310 3227 et
326 3149 355 3243 ³)
379 3155 579 3226 iuramento
603 3168 638 3226 et
656 3156 828 3246 sanguine
856 3156 922 3225 tilii
953 3161 1160 3232 confirmata

173 3269 234 3325 est.
285 3252 425 3328 Deinde
446 3256 533 3326 fides
556 3257 662 3327 etiam
684 3271 813 3329 statuat
834 3260 994 3330 exaudiri
1016 3263 1159 3354 petitio-

171 3381 254 3427 nem
276 3359 453 3428 bonorum
476 3359 734 3449 corporalium,
762 3374 796 3433 et
814 3384 1000 3455 nunquam
1022 3365 1159 3436 irritam

171 3482 264 3547 esse,
302 3461 440 3532 etiamsi
468 3460 667 3552 corporalia
692 3461 785 3532 bona
811 3486 886 3532 non
906 3466 1030 3535 eodem
1050 3469 1160 3538 modo

172 3563 323 3647 dantur,
356 3576 391 3633 et
411 3559 509 3633 Deus
531 3563 608 3635 vult
629 3559 821 3634 Ecclesiam
844 3566 942 3635 cruci
965 3566 1160 3640 subiectam

173 3684 258 3737 esse.
307 3662 390 3735 Non
404 3678 455 3735 est
471 3677 589 3736 tamen
612 3665 712 3735 irrita
731 3667 877 3759 petitio,
910 3671 1047 3739 sedvel
1069 3670 1161 3741 libe-

172 3764 346 3835 rationem
374 3768 431 3838 vel
461 3766 720 3854 mitigationem
749 3770 934 3860 impetrat,
968 3771 1066 3842 iuxta
1097 3773 1159 3844 illa

173 3867 282 3936 dicta:
316 3865 432 3959 Prope
454 3883 505 3940 est
524 3867 702 3939 Dominus
722 3870 889 3940 omnibus
908 3871 1160 3946 invocantibus

134 4044 142 4055 ‚
171 3992 271 4054 eum,
295 3972 461 4041 omnibus
475 3971 724 4041 invocantibus
741 3995 823 4042 eum
842 3973 879 4040 in
901 3974 1061 4047 veritate.
1111 3973 1160 4049 Et

170 4067 300 4143 Mattb.
315 4075 393 4146 2l.:
420 4069 555 4142 Omnia
573 4094 663 4164 quae
682 4073 801 4163 petitis
817 4073 855 4142 in
878 4075 1057 4170 oratione,
1083 4102 1160 4149 cre-

169 4175 291 4253 dentes
306 4174 497 4265 accipietis.

270 4293 333 4361 21.
362 4290 555 4363 Credentes
572 4291 700 4386 inquit.
735 4290 842 4363 Fides
859 4309 977 4367 autem
993 4299 1159 4369 nomina-

170 4391 233 4460 tim
249 4393 339 4482 petit
352 4406 387 4463 et
403 4393 529 4484 accipit
547 4393 883 4471 reconciliationem.
935 4396 1005 4469 Sed
1027 4402 1071 4471 de
1093 4402 1159 4473 bo-

169 4493 227 4561 nis
259 4495 503 4585 corporalibus
536 4496 622 4586 petit
657 4496 696 4566 in
731 4520 859 4586 genere
887 4500 1158 4592 mitigationem,

170 4594 253 4686 quia
265 4595 331 4667 scit
339 4593 535 4667 Ecclesiam
550 4610 714 4689 oportere
729 4600 923 4672 subiectam
943 4626 1016 4674 esse
1033 4607 1140 4680 cruci.
1209 4649 1218 4666 ·

270 4714 332 4788 22.
371 4711 427 4785 Sit
448 4726 565 4783 autem
590 4725 624 4784 et
647 4737 725 4807 spes
751 4716 917 4789 adiuncta
946 4719 1047 4807 fidei,
1086 4747 1157 4817 qua

170 4825 390 4906 expectemus
405 4814 460 4884 vel
476 4815 745 4900 liberationem,
769 4820 827 4888 vel
842 4821 1100 4911 mitigationem
1117 4823 1156 4894 in

170 4907 237 4985 hac
252 4914 342 5002 vita,
368 4917 473 4988 etiam
495 4943 575 4989 eum
595 4943 715 4990 morae
737 4919 922 5011 longitudo
944 4923 1157 5015 languelacit

169 5017 351 5103 animum,
382 5013 525 5090 Abacuc
540 5022 590 5093 2:
625 5019 666 5093 Si

169 5140 266 5206 eum,
293 5121 376 5214 quia
391 5122 536 5192 veniens
548 5122 665 5195 veniet
692 5137 726 5195 et
749 5147 824 5194 non
847 5128 1012 5200 tradabit.
1063 5127 1154 5202 ltem

162 5287 386 5306 ——d

202 5377 230 5442 S>
245 5389 273 5434 et
291 5381 415 5439 excidite
430 5392 500 5439 textu
515 5385 599 5444 Peuc.

930 157 1428 263 nrsruramouus'

2120 188 2193 266 664

1207 352 1348 429 luditb:
1376 355 1450 447 Qui
1465 357 1547 429 estis
1561 379 1645 443 vos,
1669 356 1733 452 qni
1748 357 1892 430 tentatis
1905 353 2044 446 Deum,
2068 362 2194 432 eonsti-

1209 461 1327 532 tuistis
1344 456 1421 529 Deo
1436 474 1575 553 tempus
1590 473 1655 532 etc.

1310 563 1375 635 23.
1407 557 1488 633 Etsi
1503 586 1578 633 non
1593 562 1791 636 liberamur
1805 565 1844 634 in
1860 559 1929 637 hac
1945 564 2019 636 vita
2034 574 2079 635 ut
2093 562 2195 635 velle-

1207 687 1304 751 mus,
1335 678 1455 738 tamen
1479 666 1628 737 retineri
1648 679 1790 759 oportet
1811 667 1936 750 fidem,
1961 665 2196 750 dilectionem,

1208 780 1243 838 et
1258 791 1357 858 spem
1375 768 1469 839 vitae
1483 783 1658 854 aeternae,
1679 769 1777 841 iuxta
1794 769 1930 842 dictum
1941 766 2023 840 lob:
2050 763 2196 839 Etiamsi

1208 870 1344 941 occidet
1359 894 1430 956 me,
1456 883 1576 943 tamen
1590 873 1737 965 sperabo
1755 872 1795 941 in
1810 895 1905 943 eum.
1930 869 2070 942 Verum
2082 883 2193 942 umen

1210 973 1285 1042 vias
1301 995 1396 1043 meas
1413 996 1531 1043 coram
1549 997 1591 1044 eo
1613 997 1779 1064 arguam,
1805 974 1931 1067 etipse
1954 974 2022 1045 erit
2048 972 2194 1043 salvator

1210 1097 1329 1160 meus,
1354 1073 1427 1146 Nec
1444 1075 1594 1148 intrabit
1608 1101 1726 1148 coram
1743 1100 1786 1147 eo
1803 1077 1900 1149 ullus
1915 1071 2117 1170 hypocrita.

1312 1175 1376 1253 24.
1409 1175 1546 1267 Quarta
1570 1179 1862 1250 commonefactio
1884 1191 1958 1265 est,
1993 1191 2036 1248 ut
2060 1199 2118 1247 res
2138 1199 2193 1269 pe·

1211 1280 1337 1350 tendas
1352 1281 1563 1371 cogitemus,
1586 1282 1719 1354 scilicet
1732 1283 1828 1353 bona
1842 1280 2040 1353 necessaria
2054 1277 2194 1351 univer·

1210 1402 1268 1452 sae
1283 1380 1479 1467 Ecclesiae,
1506 1397 1540 1455 et
1556 1385 1660 1454 nobis
1677 1385 1863 1478 privatim,
1888 1396 1923 1455 et
1941 1381 2079 1455 nostris
2097 1381 2194 1453 fami·

1209 1482 1268 1554 liis
1284 1485 1482 1577 spiritualia
1498 1500 1532 1558 et
1546 1488 1753 1579 corporalia,
1779 1486 1968 1582 quiaDeus
1983 1485 2095 1557 etiam
2107 1484 2194 1555 bone

1210 1587 1406 1679 corporalia
1419 1589 1601 1680 promisit,
1627 1602 1664 1661 et
1678 1589 1756 1661 vult
1775 1613 1797 1662 a
1817 1612 1854 1660 se
1876 1588 1951 1682 peti
1971 1600 2123 1680 propter
2140 1580 2195 1657 bo

1210 1702 1364 1782 quatuor
1383 1712 1523 1777 causas,
1555 1714 1706 1787 quarum
1730 1692 1847 1785 prima
1868 1705 1938 1777 est,
1972 1702 2016 1761 ut
2034 1709 2194 1779 agnosca·

1212 1814 1293 1861 mus
1307 1815 1381 1862 non
1396 1794 1572 1863 dominari
1595 1817 1715 1864 casum
1738 1795 1778 1862 in
1799 1788 1856 1862 bis
1874 1792 1998 1879 bonis,
2030 1792 2096 1863 sed
2119 1784 2194 1859 baec

1213 1893 1321 1962 etiam
1336 1895 1484 1965 consilio
1502 1895 1569 1967 Dei
1584 1896 1770 1981 distribui,
1795 1895 1887 1966 utin
1901 1891 2047 1965 Psalmo
2062 1891 2196 1973 dicitur,

1211 2005 1251 2064 ut
1267 1996 1341 2068 alat
1360 2018 1420 2067 eos
1443 1998 1481 2066 in
1503 1997 1616 2078 same,
1642 2010 1678 2069 et
1690 1994 1807 2069 Deum
1829 2019 1955 2067 eorum
1975 1994 2193 2067 conditorem

1212 2117 1298 2169 esse.
1335 2097 1502 2171 Secunda
1516 2113 1557 2172 ut
1569 2100 1656 2172 fides
1669 2112 1872 2171 exerceatur
1885 2098 2061 2191 petitione
2074 2091 2196 2167 borum

1211 2198 1402 2272 bonorum.
1454 2199 1598 2288 Tertia,
1623 2216 1665 2274 ut
1683 2201 1941 2294 promissiones
1960 2198 2196 2293 corporalium

1212 2300 1389 2374 bonomm
1418 2305 1490 2377 sint
1522 2304 1880 2379 commonefactiones
1898 2301 2196 2395 de.promissione

1211 2405 1354 2491 gratiae.
1405 2410 1602 2480 Servantur
1624 2408 1721 2479 enim
1742 2427 1912 2499 corpora,
1935 2405 2111 2489 familiae,
2133 2426 2195 2495 po·

1212 2504 1327 2593 litiae,
1355 2521 1399 2579 ut
1422 2509 1609 2600 colligatur
1628 2523 1769 2584 aeterna
1785 2506 1958 2582 Ecclesia.
2005 2502 2053 2579 Et
2071 2506 2112 2575 in
2129 2525 2189 2596 pe-

1211 2605 1338 2680 titione
1377 2613 1615 2704 corporalium
1656 2614 1835 2683 bonorum
1881 2631 2022 2702 semper
2057 2627 2194 2677 neceas

1212 2725 1264 2783 est
1289 2713 1490 2805 praelucere
1512 2714 1638 2800 fidem,
1674 2738 1765 2808 quae
1793 2710 1925 2804 accipit
1944 2708 2191 2783 remissionem.

1215 2812 1370 2902 Quarta,
1396 2810 1464 2887 hae
1488 2815 1586 2908 ipsae
1606 2815 1853 2909 promissionis
1874 2812 2123 2907 corporalium
2138 2809 2190 2879 bo·

1212 2940 1342 2985 norum
1366 2931 1540 2990 testantur
1561 2915 1680 2990 Deum
1713 2919 1752 2988 in
1780 2911 1848 2987 hac
1877 2916 1953 2989 vita
1980 2926 2187 2987 servatum
2230 2990 2232 2999 ,

1212 3040 1285 3088 esse
1305 3013 1512 3093 Ecclesiam.
1558 3019 1682 3116 ltaque
1712 3043 1786 3090 non
1808 3019 1926 3090 solum
1956 3030 2084 3090 nostra
2106 3034 2184 3086 cust

1211 3133 1395 3212 petantur,
1419 3125 1480 3194 sed
1495 3134 1530 3194 et
1541 3137 1688 3217 propter
1703 3143 1930 3194 communem
1942 3114 2183 3191 Ecclesiscos·

1212 3223 1420 3299 cessitatem.

1312 3323 1374 3396 25.
1412 3325 1469 3398 Sit
1491 3326 1600 3417 igitur
1622 3323 1801 3397 invocatio
1822 3347 1898 3394 non
1924 3322 2051 3394 ociosa
2068 3320 2181 3416 ,tono

1211 3420 1337 3523 topia,
1363 3429 1424 3498 sed
1445 3428 1712 3499 commonefacti
1735 3426 1941 3517 ingentibus
1963 3424 2116 3497 miseriis
2131 3445 2181 3493 so·

1210 3526 1292 3596 stris
1313 3542 1472 3621 petamus
1493 3552 1550 3600 res
1572 3529 1801 3613 necessarias,
1841 3542 1875 3599 et
1906 3546 2059 3617 mamus
2078 3525 2179 3619 μίν

1209 3624 1286 3698 Deo
1303 3654 1367 3721 pro
1382 3633 1578 3720 beneficiis,
1600 3633 1691 3702 sicut
1699 3630 1833 3702 Paulus
1848 3623 1937 3700 baec
1950 3629 2100 3701 nomine
2110 3648 2176 3697 oon·

1210 3731 1326 3821 iungit
1355 3727 1511 3826 δεήσεις,
1551 3729 1779 3831 προσευχὰς,
1820 3722 2018 3818 ἐντεύξεις,
2061 3727 2179 3823 sigw-

1211 3829 1323 3914 στίας.
1391 3834 1493 3926 Quae
1520 3839 1650 3929 opinor
1679 3838 1728 3907 ita
1759 3849 1853 3906 recte
1875 3833 2058 3921 discerni,
2086 3828 2181 3919 abab

1210 3928 1350 4028 δεήσεις
1388 3940 1671 4031 deprecationes,
1719 3952 1761 4011 ut
1793 3936 1887 4007 mala
1923 3926 2183 4027 avertantur').

1209 4035 1414 4132 προσευχαί
1434 4054 1515 4110 vota
1538 4056 1578 4113 ut
1603 4044 1697 4112 bona
1717 4042 1868 4122 dentur,
1889 4030 2073 4119 ἐντεύξεις
2090 4036 2185 4106 iuter·

1209 4140 1418 4231 pellationes
1434 4165 1497 4232 pro
1514 4144 1611 4229 aliis,
1636 4136 1853 4238 ἐυχαριστία
1875 4140 2078 4230 gratiarum
2097 4136 2186 4219 actis,
2227 4110 2232 4237 l

1209 4256 1363 4335 quaeest
1376 4243 1548 4315 confessio
1563 4243 1640 4316 Deo
1656 4246 1794 4328 debita,
1819 4265 1889 4336 qua
1909 4242 2053 4314 testaris
2073 4253 2110 4313 te
2125 4262 2187 4311 nou
2230 4240 2232 4291 ῑ

1209 4366 1310 4425 casu,
1351 4369 1426 4415 non
1449 4345 1535 4416 solis
1559 4342 1726 4418 humanis
1749 4344 1908 4418 consiliis
1931 4356 1996 4416 aut
2017 4340 2188 4436 praeci&
2230 4340 2232 4419 ἔ

1209 4458 1385 4516 servatum
1411 4469 1506 4529 esse,
1531 4450 1594 4520 sed
1608 4446 1725 4522 Deum
1748 4471 1831 4519 vere
1851 4444 1966 4532 luisse,
1980 4459 2145 4519 autorem
2161 4454 2190 4514 st
2230 4460 2232 4511 ε

1207 4549 1480 4637 gubernatorem
1501 4550 1688 4638 beneficii,
1713 4564 1748 4623 et
1769 4545 1836 4621 hac
1861 4547 2190 4621 commemoratione

1206 4672 1323 4742 ipsum
1345 4651 1518 4740 celebras,
1544 4666 1579 4725 et
1600 4668 1635 4727 te
1657 4654 1775 4745 ipsum
1800 4654 1924 4739 doces,
1955 4651 2069 4723 valde
2091 4649 2189 4723 motu

1205 4752 1363 4824 accidere
1378 4748 1518 4825 homini
1533 4755 1791 4828 inextricabilia
1803 4750 1963 4827 humano
1977 4752 2189 4841 consilicis

1206 4852 1337 4948 quibus
1365 4859 1600 4948 praesentiam
1622 4855 1692 4929 Dei
1713 4872 1749 4930 et
1767 4857 1948 4927 mirandas
1969 4855 2189 4928 liberatione

939 5024 948 5042 ‚
1206 4957 1418 5048 experimur,
1442 4961 1539 5031 iuxta
1553 4961 1663 5030 illud:
1688 4957 1781 5032 Cum
1795 4958 1974 5030 nescimus
1985 4959 2189 5054 quidagn-

688 5044 823 5092 moram
843 5023 982 5110 fecerit,
1014 5042 1154 5118 expecta
1204 5059 1291 5129 dum
1304 5060 1368 5146 sit,

1394 5063 1439 5132 ad
1456 5074 1490 5134 te
1506 5059 1603 5135 Deus
1619 5062 1717 5134 oculi
1732 5063 1846 5135 nostri
1867 5062 2074 5149 tolluntur,
2104 5085 2143 5133 ac
2160 5072 2187 5129 te

1238 5306 1266 5374 4)
1284 5305 1368 5360 Peos.
1382 5302 1468 5359 edidit
1481 5313 1558 5359 sunt.

1238 5390 1266 5461 b)
1285 5389 1369 5449 reno
1382 5389 1515 5447 mendose
1527 5399 1701 5447 evertamur.
