4680 6038
155 161 230 237 839

159 331 377 417 Alexander,
411 350 448 399 se
476 326 628 398 ducibus
644 322 718 397 suis
740 320 949 397 relicturum
971 348 1044 399 esse
1068 350 1145 400 ma-

161 458 268 527 gnam
282 430 413 532 ἀγῶνα
427 421 633 527 ἐπιτάφιον.

275 654 343 725 De
371 641 729 724 successoribus
753 641 1032 721 Alexandri.

265 803 367 877 Sicut
379 801 509 874 Daniel
530 824 571 871 ex
589 794 727 872 Graeco
749 820 830 888 rege
848 812 1000 892 quatuor
1012 823 1146 874 cornua

165 907 254 980 oriri
281 904 389 991 vidit,
422 904 471 975 ita
498 901 638 972 accidit.
687 899 854 972 Lacerata
878 912 929 971 est
952 902 1048 972 enim
1072 904 1147 974 eins

165 1002 369 1080 monarchia
388 1006 426 1075 in
444 1004 630 1098 praecipua
648 1013 682 1072 et
697 1002 847 1072 maxima
860 1025 967 1093 regna
983 1017 1147 1099 quatuor.

52 1154 56 1163 -
164 1107 243 1181 Etsi
271 1107 384 1194 enim,
416 1120 456 1176 ut
483 1107 539 1190 fia,
571 1104 639 1174 alia
660 1127 767 1195 parva
788 1125 896 1193 regna
915 1103 1010 1176 inter
1030 1119 1148 1178 tantos

164 1209 339 1280 tumultus
367 1222 443 1279 orta
473 1220 575 1290 suut,
606 1218 724 1275 tamen
754 1205 982 1275 cultissimam
1012 1222 1146 1299 partem

164 1311 302 1404 generis
340 1305 489 1380 hnmani
518 1318 670 1401 quatuor
701 1329 807 1396 regna
838 1309 1017 1400 complexa
1048 1324 1146 1382 sunt:

163 1415 363 1506 Aegyptus,
409 1409 532 1506 Syria,
569 1406 693 1478 Minor
728 1406 814 1478 Asia
852 1420 887 1479 et
927 1407 1148 1482 Macedonia.

165 1512 380 1607 Quanquam
409 1526 527 1582 autem
553 1509 673 1579 variae
703 1508 795 1579 vices
822 1521 856 1581 et
886 1511 925 1579 in
952 1507 1009 1581 his
1031 1515 1148 1604 regnis

164 1618 330 1700 luerunt,
355 1629 474 1685 tamen
491 1611 712 1683 Ptolemaeus
733 1625 767 1681 et
784 1610 858 1680 eius
875 1614 1060 1705 posteritas
1077 1612 1149 1685 Ae-

164 1731 309 1812 gyptum
327 1714 493 1797 retinuit,
516 1735 628 1806 usque
644 1715 686 1781 ad
699 1710 828 1782 lulium
839 1711 1033 1791 Caesarem,
1085 1716 1149 1788 Se.

163 1819 286 1889 leucus
309 1831 343 1888 et
366 1817 440 1886 eius
459 1815 642 1899 posteritas
658 1814 808 1909 Syriam.
860 1813 1063 1904 Antigonus
1079 1819 1149 1886 ini-

164 1919 215 1988 tio
241 1917 420 1989 Minorem
441 1913 562 1986 Asiam
585 1915 711 1988 tenuit.
769 1911 959 2008 Antipater
981 1917 1149 1989 Macedo-

163 2020 274 2092 niam.
326 2018 449 2089 Postea
473 2017 587 2086 deleta
607 2013 787 2107 Antipatri
811 2018 1013 2108 posteritate
1029 2020 1150 2091 Mace-

164 2121 309 2190 doniam
330 2131 519 2190 tenuerunt
535 2117 663 2209 posteri
674 2114 865 2207 Antigoni,
889 2121 1000 2190 donec
1015 2119 1150 2194 Rome-

163 2224 202 2292 nl
217 2246 292 2292 eam
309 2232 586 2313 occupaverunt,
612 2241 692 2309 rege
707 2217 835 2289 Perseo
850 2234 962 2312 capto.

265 2341 430 2409 Fuerunt
444 2350 561 2407 autem
577 2335 671 2407 inter
686 2329 751 2405 hos
766 2336 860 2428 ipsos
875 2339 981 2408 duces
995 2336 1149 2412 Alexan-

164 2443 221 2513 dri
243 2441 360 2512 statim
383 2451 463 2530 post
485 2437 561 2506 eius
583 2450 733 2507 mortem
751 2437 908 2527 ingentia
924 2441 1037 2527 bella,
1063 2447 1149 2514 dum

163 2542 316 2637 quilibet
346 2542 443 2611 solus
472 2533 679 2607 monarchia
709 2560 745 2609 se
776 2540 973 2632 potiturum
998 2566 1071 2615 esse
1090 2571 1150 2616 co·

162 2647 259 2735 gitat.

264 2758 386 2830 Prima
425 2757 632 2829 deliberatio
669 2770 746 2849 post
775 2771 923 2831 mortem
955 2760 1149 2841 Alexandri

163 2859 250 2933 haec
282 2860 368 2945 suit,
407 2872 447 2929 ut
474 2859 583 2928 frater
613 2855 827 2946 Alexandri,
867 2857 1043 2951 Are'deus,
1087 2897 1148 2942 rex

164 2976 269 3050 esset,
290 2976 325 3032 et
345 2975 384 3032 ut
403 2974 642 3051 expectaretur
660 2957 781 3030 haeres
799 2988 839 3032 ex
854 2959 1035 3053 Roxane,
1062 2997 1148 3042 con-

164 3069 243 3156 iuge
268 3061 473 3134 Alexandri.
533 3059 583 3133 Et
603 3064 685 3156 quia
708 3056 901 3135 Perdiccae
925 3093 1060 3141 summa
1082 3077 1149 3147 fuit

163 3167 355 3251 autoritas,
380 3160 439 3233 hic
460 3165 670 3255 praecipuus
692 3165 799 3235 totius
815 3167 954 3260 imperii
972 3174 1148 3263 guberna-

162 3283 221 3339 tor
241 3281 333 3351 erat,
357 3265 439 3359 quia
456 3265 492 3332 in
510 3261 644 3361 Arideo
662 3278 736 3334 erat
752 3270 880 3339 mentis
896 3295 1007 3343 error.
1058 3277 1147 3370 Spe-

163 3391 245 3440 rans
266 3367 375 3457 igitur
391 3364 591 3450 Perdiccas,
616 3388 652 3434 se
671 3366 823 3457 imperio
846 3373 1044 3461 potiturum
1065 3402 1149 3466 esse,

164 3468 369 3557 coniugium
392 3466 520 3557 petivit
540 3463 764 3557 Cleopatrae,
789 3474 920 3542 sororis
942 3471 1149 3568 Alexandri,

68 3610 73 3619 ·
164 3585 199 3641 et
222 3569 423 3639 Ptolemaeo
443 3567 643 3660 Aegyptum
665 3567 799 3659 eripere
824 3590 970 3647 conatus
993 3595 1054 3650 est.
1106 3581 1147 3654 ld

164 3671 307 3741 initium
333 3669 517 3737 foederum
548 3681 583 3737 et
612 3668 788 3740 bellorum
818 3674 911 3744 inter
941 3680 1046 3752 duces
1069 3684 1148 3757 suit.

165 3771 220 3841 lbi
244 3770 337 3839 enim
353 3767 572 3839 Ptolemaeus
596 3781 629 3838 et
645 3764 833 3864 Antipater
852 3778 1006 3867 primum
1022 3784 1148 3856 soedus

164 3875 259 3943 inter
280 3894 352 3941 sese
376 3871 546 3943 fecerunt.
603 3865 694 3941 Cum
717 3873 825 3962 igitur
844 3875 1028 3952 Perdiccas
1051 3911 1149 3957 exer-

164 3976 273 4045 citum
299 3972 337 4041 in
355 3967 555 4067 Aegyptum
572 3972 745 4060 duxisset,
771 3990 804 4047 et
823 3980 866 4048 ad
879 3978 1068 4077 Memphin
1086 4013 1147 4060 us-

164 4100 232 4169 qne
250 4073 466 4158 accessisset,
491 4096 570 4143 cum
586 4074 800 4148 infoeliciter
815 4099 1021 4176 pugnasset,
1041 4093 1148 4162 asuis

164 4179 342 4268 equitibus
363 4174 569 4245 interfectus
590 4190 653 4250 est.
710 4177 800 4248 Nam
821 4195 855 4252 et
878 4199 980 4258 antea
1003 4189 1041 4259 in
1063 4193 1147 4263 odio

163 4291 237 4345 erat
259 4288 403 4367 propter
424 4275 687 4363 crudelitatem,
711 4295 744 4350 et
758 4279 980 4358 Ptolemaeus
1004 4308 1147 4382 propter

163 4376 338 4447 ituticiam
360 4388 394 4444 et
415 4375 680 4447 beneficentiam
703 4383 928 4473 diligebatur.
985 4387 1036 4463 lta
1060 4393 1147 4466 Per-

162 4479 294 4561 diccas,
317 4475 379 4568 qui
397 4475 531 4567 primus
545 4476 638 4547 inter
652 4480 757 4553 duces
772 4485 904 4556 bellum
917 4494 1046 4580 movit,
1072 4497 1147 4587 pri-

162 4601 243 4648 mns
272 4576 477 4647 interfectus
502 4589 565 4649 est.
624 4577 846 4658 Adiunxerat
866 4589 936 4659 sibi
958 4590 1146 4689 Antipater

163 4671 377 4762 Craterum,
403 4678 460 4746 cui
482 4679 582 4748 dedit
595 4680 721 4767 liliam,
744 4690 888 4759 nomine
902 4688 1062 4784 Philam,
1084 4725 1146 4769 cu-

162 4781 218 4848 ius
238 4778 307 4849 luit
331 4778 501 4848 excellens
523 4780 646 4855 virtus.
698 4785 758 4856 Sic
779 4790 876 4859 enim
898 4794 943 4862 de
961 4820 1001 4869 ea
1023 4801 1147 4872 scribit

160 4876 354 4949 Diodorus:
385 4875 481 4950 Haec
503 4880 632 4952 marlier
652 4884 782 4960 virtute
799 4893 980 4983 excelluit,
999 4902 1146 4973 seditio-

160 5004 223 5051 nes
240 4980 278 5048 in
296 4979 417 5049 castris
431 4982 587 5068 sedavit,
611 4989 794 5061 sororibus
808 5008 843 5065 et
857 4995 998 5071 filiabus
1011 5026 1147 5096 paupe-

160 5105 240 5153 rum
255 5081 410 5151 militum
427 5082 528 5153 dotes
545 5084 662 5170 dedit,
682 5089 771 5162 falso
788 5114 965 5170 accumtos
981 5098 1146 5177 homines

159 5181 323 5253 liberavit
345 5181 522 5275 perieulis.
575 5184 688 5279 Saepe
709 5206 743 5263 et
765 5197 924 5270 consiliis
938 5202 1013 5276 eius
1026 5208 1064 5277 in
1080 5231 1146 5299 gu·

158 5278 369 5373 hernatione
385 5296 486 5383 pater
499 5307 584 5357 usus
600 5302 662 5361 est.

398 152 609 231 semera
634 151 712 229 eu.
738 150 855 225 olan.
881 151 947 228 ao
974 94 1105 228 uisu
1129 150 1275 234 raon.
1299 151 1369 233 ur
1392 120 1977 261 pernosseneranrta‘
2052 138 2173 243 ‘aa

1356 366 1363 377 ·
1435 335 1620 408 Bellum
1645 340 1932 413 Lamiacum.

1298 459 1495 567 Antipater
1506 480 1543 541 et
1553 456 1731 543 Craterus
1738 466 1890 544 Atticam
1906 466 2173 565 &utentur-

1196 590 1257 643 sus
1272 583 1474 640 moventem
1495 570 1631 643 bellum
1653 574 1820 644 adversus
1832 571 2081 658 Macedones,
2101 596 2175 666 pro-

1197 669 1293 742 ximo
1316 695 1410 741 anno
1434 684 1514 763 post
1536 669 1733 746 Alexandri
1750 688 1907 760 mortem
1929 678 2174 765 codgemntsd

1196 772 1392 844 faciendam
1412 773 1648 862 deditionem,
1680 775 1833 848 exercitu
1854 777 1894 847 in
1920 774 2099 849 viciniam
2119 777 2175 847 etl-

1198 875 1317 951 dueto.
1376 871 1425 946 Ut
1453 875 1548 946 euim
1576 896 1679 970 saepe
1710 891 1815 948 antea
1840 872 2045 949 multitudo
2071 874 2174 949 Attica

1198 978 1378 1046 somnians
1401 990 1553 1049 veterem
1577 980 1774 1051 libertatem
1798 992 1834 1051 et
1849 977 2031 1051 Graeciae
2052 976 2181 1072 prind„

1199 1093 1340 1169 patum,
1365 1081 1575 1151 tumultuata
1597 1095 1663 1152 est:
1690 1082 1738 1153 ita
1756 1095 1841 1152 tunc
1863 1094 2015 1153 mortuo
2032 1078 2174 1153 Alexan·

1200 1184 1266 1250 dro
1281 1203 1424 1274 sperans
1439 1183 1605 1274 repressis
1616 1182 1874 1254 Macedonibus
1889 1204 2021 1253 rursus
2036 1184 2175 1253 saeedo-

1199 1284 1410 1354 minaturam
1425 1307 1498 1354 esse
1507 1280 1688 1371 Graeciae,
1707 1283 1854 1357 Aetolos
1866 1297 1904 1355 et
1917 1297 2060 1376 partem
2074 1278 2174 1353 Thes·

1199 1384 1353 1455 selorum
1378 1385 1445 1454 sibi
1467 1386 1647 1472 adiunxit,
1672 1400 1707 1459 et
1725 1384 1962 1478 Antipatrum
1989 1376 2174 1475 ingram

1200 1486 1239 1555 io
1261 1482 1478 1558 Thessaliam
1500 1488 1601 1572 vicit,
1632 1502 1667 1560 et
1688 1488 1727 1557 in
1752 1489 1877 1559 urbem
1898 1486 2071 1559 Lamiam
2089 1486 2175 1575 luge·

1199 1611 1239 1657 re
1261 1588 1393 1677 co'e'git,
1423 1613 1529 1682 quam
1551 1584 1766 1661 Leosthenes
1792 1591 1864 1659 dux
1886 1587 2039 1660 Atticus
2067 1586 2173 1659 tinxit.

1200 1685 1382 1784 Erantque
1400 1691 1500 1760 initia
1517 1691 1602 1760 belli
1618 1687 1899 1763 Atheniensibus
1927 1688 2073 1761 oelicis.
2113 1686 2173 1761 sea

1201 1815 1280 1860 eum
1304 1794 1376 1861 dtas
1398 1790 1536 1863 Atticus
1557 1789 1772 1864 Leosthenes
1798 1805 1860 1862 ant
1958 1792 2048 1863 hen
2068 1790 2173 1885 Ιηίὀε

1201 1893 1291 1962 ictus
1315 1893 1354 1961 in
1378 1895 1490 1985 capite
1515 1895 1644 1972 uulnus
1667 1894 1872 1987 accepisset,
1904 1902 2171 1986 et'postpaucos

1201 1995 1276 2063 dies
1292 2009 1452 2066 mortuus
1467 2011 1575 2082 esset,
1599 1998 1741 2069 fortuna
1758 2009 1893 2067 mutata
1914 2008 1985 2069 est.
2035 1992 2170 2085 Antipe-

1201 2109 1255 2165 ter
1276 2096 1370 2168 enim
1392 2098 1576 2168 obsidione
1598 2100 1767 2171 liberatus
1788 2112 1853 2170 est.
1904 2093 2075 2190 Cumque
2088 2093 2171 2164 bren‘

1121 2246 1125 2255 -
1202 2211 1281 2290 post
1302 2201 1345 2268 ad
1365 2224 1446 2269 eum
1463 2197 1628 2272 Craterus
1647 2202 1787 2271 firmum
1810 2199 2009 2271 exercitum
2023 2196 2171 2269 adduxis-

1201 2314 1252 2371 set
1276 2323 1318 2370 ex
1336 2299 1445 2391 Asia,
1477 2325 1604 2394 magno
1621 2303 1755 2394 praelio
1777 2301 1864 2372 vicit
1884 2295 2170 2372 Atheniensessd

1201 2392 1429 2484 Crannonem,
1460 2403 1586 2474 urbem
1609 2400 1840 2474 Thessaliae.=
1886 2400 1982 2471 lnde
2000 2399 2173 2492 Antipater

1202 2516 1236 2573 et
1256 2501 1422 2576 Craterus
1445 2507 1635 2577 exercitum
1658 2507 1696 2578 in
1717 2504 1904 2575 Boeotiam
1929 2506 2071 2575 ducunt·
2123 2498 2174 2570 lbi

1200 2606 1394 2701 multitudo
1425 2604 1563 2693 Attica,
1604 2631 1694 2702 quae
1724 2620 1827 2677 autea
1863 2598 2120 2676 Demosthenis
2146 2614 2174 2671 et

1200 2707 1352 2778 aliorum
1386 2707 1627 2800 inquietorum
1666 2709 1812 2780 consilia
1844 2708 2079 2807 probaverat,
2113 2724 2172 2773 ane·

1201 2820 1304 2879 tuens
1329 2809 1569 2896 obsidionem,
1596 2835 1716 2902 pacem
1741 2809 1926 2903 expetivit.

1303 2938 1501 3012 Mittuntur
1528 2964 1610 3031 ergo
1639 2940 1764 3032 legati,
1798 2940 2000 3025 Demades,
2033 2931 2171 3008 Pboeiu

1201 3057 1235 3113 et
1260 3040 1476 3112 Xenocrates
1498 3039 1753 3136 Philosophus,
1787 3043 1849 3136 qui
1875 3064 2026 3133 semper
2049 3036 2173 3111 conside

1199 3144 1287 3214 belli
1311 3144 1608 3236 improbaverant.
1668 3143 1744 3215 Hos
1766 3168 1847 3215 cum
1870 3144 2077 3215 audivisset
2089 3136 2175 3211 Anti-

1200 3259 1320 3338 pater,
1345 3247 1546 3337 respondit,
1572 3270 1696 3316 senon
1718 3246 1820 3317 aliter
1835 3260 2176 3316 concessurum*

1199 3348 1270 3416 nisi
1291 3370 1332 3416 ea
1354 3348 1559 3418 conditione
1581 3373 1617 3419 se
1633 3351 1820 3428 dederent,
1844 3371 1960 3440 quam
1980 3338 2176 3418 Leosthm

1199 3451 1244 3517 ad
1266 3449 1425 3520 Lamiam
1456 3450 1525 3541 ipsi
1556 3450 1712 3534 tulisset,
1744 3464 1785 3520 ut
1805 3472 1872 3520 suo
1897 3448 2056 3520 arbitrio
2075 3443 2175 3533 mit

1200 3552 1499 3645 permitterentur.
1559 3549 1932 3642 cogebatnecesstus
1957 3544 2176 3621 Athenienses

1200 3676 1344 3747 quoquo
1366 3655 1473 3723 modo
1495 3676 1616 3746 pacem
1639 3654 1773 3738 lacere,
1804 3652 2067 3744 permittebant
2081 3646 2175 3737 igitur

1200 3754 1234 3824 ei
1248 3754 1386 3840 omnia,
1412 3768 1453 3825 ut
1467 3769 1634 3826 statueret
1649 3758 1692 3825 de
1706 3756 1757 3825 eis
1768 3754 1948 3849 quicquid
1966 3752 2080 3824 vellet
2114 3744 2173 3817 sea

1200 3851 1383 3948 Antipatri
1405 3858 1600 3929 moderatio
1620 3856 1783 3929 salutaris
1807 3854 1878 3927 luit
1902 3857 2009 3928 urbi.
2057 3847 2173 3923 Praesi-

1200 3958 1301 4027 dium
1327 3955 1599 4029 Macedonicum
1630 3959 1668 4027 in
1695 3959 1784 4030 urbe
1805 3958 2033 4030 collocatum
2059 3961 2172 4037 aaa

1200 4081 1402 4129 eoncessum
1419 4054 1720 4141 Atheniensibus,
1744 4072 1784 4131 ut
1799 4057 1873 4131 suis
1888 4059 2038 4150 legibus
2053 4066 2172 4127 m

1197 4173 1275 4242 tur,
1301 4161 1365 4230 sed
1387 4161 1454 4247 ita,
1479 4174 1520 4233 ut
1542 4186 1617 4232 non
1639 4163 1914 4234 admitterentur
1941 4163 1992 4233 ad
2008 4156 2172 4249 aba*

1199 4274 1256 4332 tus
1281 4263 1480 4345 tenuiores,
1515 4264 1576 4357 qui
1608 4288 1751 4335 censum
1781 4286 1857 4332 non
1885 4259 2090 4335 habebant.
2135 4248 2171 4327 dl

1198 4364 1329 4433 multis·
1336 4364 1473 4434 civibus
1487 4366 1703 4438 turbulentis
1719 4365 1928 4436 volentibus
1944 4352 2170 4471 migrareAf

1198 4465 1328 4555 tipater
1345 4489 1447 4555 agros
1470 4467 1508 4536 in
1525 4463 1679 4537 Thracia
1700 4468 1808 4539 dedit.
1859 4464 2067 4537 Pecuniam
2084 4454 2169 4529 net'e

1198 4566 1287 4637 vitas
1304 4565 1494 4661 Antipatro
1511 4571 1701 4663 penderet,
1725 4568 1934 4661 impetravit
1951 4562 2124 4636 Phocion.

1299 4699 1519 4772 Nominatim
1536 4703 1642 4773 etiam
1663 4703 1789 4793 petivit
1803 4696 2006 4792 Antipater
2028 4688 2166 4770 dett&

1198 4798 1471 4873 Demosthenem
1498 4817 1533 4874 et
1563 4801 1782 4897 Hyperidem
1812 4815 2003 4887 oratores,
2042 4812 2166 4896 quota·

1197 4904 1288 4974 alter
1300 4902 1517 4999 Hyperides,
1543 4917 1622 4996 post
1635 4907 1754 4996 fugam
1777 4904 1817 4973 in
1833 4899 1979 4995 Aegina
1994 4906 2167 4996 esptusee

1197 5019 1326 5076 etcum
1342 5008 1387 5076 ad
1401 5003 1633 5101 Antipatrum
1650 5009 1777 5078 missus
1792 5019 1903 5091 esset,
1924 5006 2065 5097 lingua
2084 5002 2166 5073 ei*

1197 5106 1268 5177 cisa
1284 5121 1356 5189 est,
1382 5122 1502 5199 postea
1518 5108 1714 5180 trucidatus
1728 5121 1791 5179 est·
1829 5102 2166 5178 Demosthenem

1198 5208 1237 5277 in
1257 5209 1338 5298 fuge
1351 5209 1545 5283 secessisset
1566 5211 1605 5278 in
1622 5211 1791 5301 templum
1807 5206 2023 5297 quoddam,
2045 5196 2166 5277 aedis

1197 5310 1243 5381 ab
1258 5303 1616 5401 Antipatro-missus,
1640 5306 1760 5396 egredi
1782 5327 1869 5377 eum
1882 5301 2075 5382 hortatur·
2116 5298 2165 5377 fl
