4680 6038
1451 36 1573 81 ,ν’

166 215 265 291 ton
403 155 613 292 scotera
639 212 718 287 eu.
744 209 862 286 usn
889 206 957 284 ao
982 206 1118 321 mse..
1134 201 1281 287 eaor.
1303 203 1372 285 ar
1397 206 1943 294 samosatensem
2088 224 2187 299 son

216 379 221 387 ’
265 386 509 483 Agnoscamus
531 387 641 479 igitur
659 383 728 458 Dei
749 383 938 471 beneficia,
963 381 1046 454 etei
1071 402 1152 475 gra·
1252 383 1310 452 ltto
1341 387 1541 456 brabantinos
1567 390 1644 457 Dux
1676 399 1792 480 primus
1823 400 1857 461 io
1891 401 1963 462 orbe
1997 400 2188 486 triumphem

162 497 229 566 tias
248 517 393 586 agamus
416 493 567 563 subinde
600 485 810 561 restituendi
839 485 1052 556 mediocrem
1080 497 1151 556 sta·
1252 489 1380 557 blatteus
1403 497 1434 554 in
1459 497 1574 559 mundo
1597 501 1733 582 speciali,
1757 499 2023 567 Christicolarum:

160 611 258 683 turn,
295 598 386 667 sicut
410 608 494 665 tunc
518 584 700 664 Carolum
722 581 952 661 Marullum
982 587 1028 658 ad
1060 586 1152 657 iusta
1252 590 1329 659 Dux
1346 593 1556 685 Domiunsqus
1577 595 1721 680 Ducum,
1747 599 1869 687 Regum
1891 627 2015 692 quoqne
2029 604 2102 673 ttex
2125 607 2189 671 fo„

159 701 254 770 bella
279 696 462 777 excitavit,
496 707 531 766 et
553 693 700 767 consilia
724 707 759 763 et
773 692 936 771 dextram
952 688 1027 759 eius
1050 687 1152 763 rexit.
1447 766 1452 787 .
1609 708 1741 786 spernit,

160 799 316 897 fuitque
336 812 482 893 propter
503 792 571 867 'has
594 795 759 868 victorias
780 790 969 862 mediocris
992 812 1058 881 pax
1075 784 1107 859 E
1253 793 1324 862 Nou
1346 805 1413 864 vult
1435 823 1574 886 regnare,
1598 807 1651 869 sed
1663 804 1799 892 Regibus
1818 812 1946 893 imperat
1964 814 2043 896 ipse.

160 926 269 996 ropae
284 925 398 973 annos
414 900 555 971 circiter
571 913 734 974 mulum·
759 894 989 984 ‘emmim
1010 888 1116 982 pipin
1303 926 1400 1001 llaec
1412 932 1457 1002 de
1469 931 1654 1007 Saracenis
1668 949 1701 1008 et
1714 941 1758 1009 de
1774 937 1893 1012 Caroli
1903 940 2067 1013 Martelli
2077 910 2188 1016 victo·

160 1003 290 1126 C³,‘⁰¹‚⁰
314 1004 470 1123 M²¹3¹f⁰’
494 1015 529 1073 ⁰⁸
548 999 733 1072 L⁰d⁰vi⁰⁰
756 995 834 1070 Ρῑο·
886 992 1024 1114 {imm
1047 992 1150 1063 θύω
1202 1028 1282 1113 riis,
1308 1045 1343 1102 et
1356 1034 1540 1109 excellenti
1556 1037 1685 1113 virtute
1699 1041 1801 1111 nolui
1816 1042 1980 1114 omittere
2021 1044 2110 1138 quia
2127 1040 2187 1115 ha-

159 1132 365 1200 pnncrpum
390 1117 558 1175 virtutem
581 1102 816 1185 celebremus,
841 1121 904 1192 qur
923 1097 1069 1169 fuerunt
1091 1118 1152 1164 or·
1989 1098 2001 1130 ²

332 1209 342 1226 ,
745 1202 754 1220 ,
864 1199 873 1217 ,
1201 1156 1280 1202 rum
1305 1129 1481 1207 tantarum
1505 1162 1625 1210 rerum
1647 1144 2045 1237 consideratio-propter
2060 1146 2186 1218 multas

160 1234 251 1301 gana
275 1207 362 1295 Der,
393 1220 427 1279 et
452 1229 527 1275 non
556 1214 812 1275 contumaciter
842 1224 875 1268 er
897 1209 1151 1290 repugnarunt,

1200 1232 1422 1323 gravissimas
1442 1261 1562 1310 causas
1583 1242 1769 1315 utilissima
1791 1259 1856 1318 est.
1907 1245 2014 1318 Nune
2030 1248 2077 1317 ad
2097 1246 2185 1319 Leo·

162 1313 253 1384 sicut
274 1311 412 1382 faciunt
435 1307 599 1402 tyranni,
626 1306 687 1400 qui
713 1303 872 1374 volentes
892 1297 1052 1371 iusticias
1069 1320 1150 1369 suas
1199 1326 1257 1406 his
1273 1334 1385 1407 Isauri
1402 1353 1617 1431 postremum
1635 1356 1750 1415 aetum
1767 1349 1906 1419 accedo·

160 1415 373 1507 cupiditiam
388 1411 603 1482 anteferunt.
669 1462 671 1469 ¹
1301 1435 1392 1509 Cum
1407 1443 1559 1534 repulsis
1573 1442 1775 1540 aByzantio
1785 1447 1973 1521 Saracenis
1983 1443 2068 1520 Leo
2077 1445 2183 1522 Isau·

263 1564 312 1640 Ut
333 1572 471 1649 autem,
504 1560 584 1656 quis
613 1554 721 1628 suerit
747 1545 909 1624 Carolus
931 1540 1149 1635 Marcellus,
1201 1562 1265 1609 rus
1287 1539 1422 1633 aliquid
1444 1543 1515 1613 ocii
1542 1544 1664 1618 nactus
1686 1561 1792 1633 esset,
1826 1551 1983 1623 edictum
2007 1558 2184 1647 proponit,

161 1670 428 1752 consideretur,
459 1665 641 1734 sciendum
671 1670 724 1728 est
751 1657 789 1725 in
811 1650 958 1725 historia
980 1653 1149 1725 Franciea
1200 1666 1270 1736 (1¹¹⁰
1287 1642 1388 1713 iubet
1404 1644 1515 1715 deleri
1530 1646 1701 1738 imagines
1723 1649 1760 1719 ln
1780 1654 1938 1745 templi&
1966 1654 2057 1725 inde
2074 1659 2183 1727 nomi·

160 1771 320 1843 Maiores
334 1767 472 1840 Domus
489 1759 685 1841 nominari,
711 1759 774 1852 qui
788 1758 934 1826 fuerunt
955 1769 1034 1848 post
1052 1778 1149 1845 reges
1199 1757 1303 1815 ”³¹⁰⁸
1335 1758 1387 1816 ²⁸2
1414 1741 1664 1842 θῗκθνόμαχθςο
1730 1747 1868 1824 Omitto
1895 1754 2059 1840 fabula&
2102 1783 2181 1852 (1⁰³²

160 1873 291 1944 summi
308 1870 561 1957 gubernatores
579 1861 679 1932 aulae
695 1861 750 1929 vel
771 1859 893 1947 regni,
918 1871 958 1929 ut
975 1879 1042 1927 nos
1058 1858 1148 1927 dici.
1198 1859 1345 1917 narrant
1367 1869 1447 1917 eum
1472 1872 1492 1918 a
1514 1848 1653 1921 ludaeis
1672 1851 1858 1926 incitatum
1877 1879 1965 1931 esse.
2019 1857 2119 1930 Haec
2130 1885 2176 1930 res

158 1995 239 2042 mus
261 1963 489 2066 Doffmsillct,
523 1962 577 2032 illi
604 1963 770 2033 dixerunt
795 1959 1016 2056 anfimeiec,
1050 1962 1146 2053 quod
1198 1948 1886 2047 adeoingratafuitRomanoEpiscopo
1903 1956 2089 2050 Gregorio
2100 1959 2181 2031 Ter·

158 2073 281 2144 Lanm
305 2071 441 2140 scribae
458 2065 680 2156 interpretati
697 2075 791 2144 sunt,
818 2063 984 2131 maiorem
999 2059 1147 2137 Domus.
1198 2049 1269 2134 15⁰2
1294 2062 1334 2120 ¹¹¹
1346 2049 1483 2121 fuimffil
1498 2054 1871 2130 excommunicationis
1884 2072 2013 2132 contra
2031 2061 2182 2133 Leonem

158 2172 268 2245 Hisne
300 2172 450 2262 gradum
481 2167 664 2256 dignitatis
694 2164 768 2254 regi
799 2163 999 2255 proximum
1031 2162 1148 2234 tenuit
1197 2148 1359 2222 hamum
1389 2166 1534 2244 ΡῑῠΡῐθΐ
1560 2153 1824 2253 ἒῑκθνθμᾱχῖαἵ
1851 2162 2031 2246 ediderit,
2065 2160 2184 2258 proh?-

160 2275 370 2354 Martellus,
403 2295 483 2341 eum
505 2283 595 2341 esset
614 2264 924 2340 duxBrahantiae.
976 2261 1146 2349 Iuvencus
1195 2252 1314 2324 buerit
1329 2253 1433 2325 ellam
1448 2256 1485 2323 5¹¹
1508 2253 1610 2327 ltalia
1626 2257 1760 2330 tributa
1774 2260 1808 2330 ei
1822 2264 1925 2336 solvi.

159 2399 312 2447 noverca
337 2371 538 2443 Woltruda
568 2384 709 2440 mortuo
734 2367 863 2461 Pipino
894 2382 992 2459 patre
1016 2366 1146 2437 carceri
1297 2350 1395 2426 Haec
1417 2355 1520 2428 initia
1537 2358 1682 2434 luerunt
1697 2362 1994 2438 coniunctionnm
2018 2383 2055 2443 et
2069 2371 2183 2442 forde-

160 2477 306 2547 iuclusit
329 2475 368 2545 in
391 2472 542 2545 Colonia
566 2467 782 2564 Agrippina,
814 2471 898 2539 inde
918 2467 1146 2540 tamendivi-
1186 2454 1565 2545 'rumponllficiorum
1593 2485 1674 2531 cum
1693 2459 1850 2536 Francis.
1908 2463 2029 2540 Erant
2051 2474 2180 2566 alioqui

160 2581 259 2650 nitus
275 2578 395 2651 evasit.
445 2572 667 2666 Recuperata
690 2572 860 2661 dignitate
883 2585 1029 2661 paterna
1048 2594 1146 2639 com·
1195 2581 1324 2647 magno
1345 2559 1383 2626 ln
1415 2560 1499 2630 odio
1524 2558 1652 2633 Graeci
1680 2564 1931 2657 imperatores,
1964 2585 2001 2643 et
2034 2570 2181 2645 Emcbi

159 2680 296 2775 pescuit
318 2677 464 2750 Frisios.
514 2674 653 2745 Deinde
677 2675 714 2742 in
738 2673 932 2765 Aquitania
961 2673 1047 2742 vicit
1068 2668 1145 2742 Eu·
1195 2680 1359 2748 magnam
1384 2663 1627 2734 crudelitatem
1651 2664 1688 2735 in
1705 2666 1807 2769 ltalia
1825 2674 2052 2749 exercebant.
2102 2675 2181 2747 Flo.

159 2785 303 2853 donem.
353 2777 479 2849 Postea
495 2774 656 2849 Francici
671 2775 848 2867 principes
869 2797 1017 2866 regnum
1031 2773 1062 2843 ei
1079 2773 1144 2842 oh·
1195 2762 1319 2831 rebffll
1346 2775 1463 2831 autem
1493 2757 1641 2834 Franci
1666 2790 1741 2837 ⁰⁰¹¹
1764 2771 1879 2842 ‘olum
1909 2777 2091 2864 Ρῡῑθῐὶῑῑί,
2120 2781 2175 2847 w!

159 2884 338 2967 tulerunt,
370 2880 466 2975 qnod
490 2878 644 2969 recipere
665 2877 1143 2966 noluiteontentuspaterua
1194 2861 1407 2980 elhfflfssma
1423 2863 1583 2936 iustitiae
1600 2880 1634 2938 et
1649 2869 1800 2960 pietatis.
1850 2870 1940 2945 Ideo
1962 2878 2116 2948 defensio
2128 2883 2170 2947 ab

160 2985 344 3074 dignitate.
394 2982 533 3053 Deinde
553 2979 746 3051 Saracenos
767 2978 904 3050 inlusos
926 2980 964 3048 in
986 2975 1141 3050 Galliam
1195 2964 1715 3059 οι51)θὸῐῶθῖἷῆῑῑθῑῖθῧΡθῑῖῑῑ*
1738 2985 1808 3059 0⁸¹2
1832 2975 2169 3051 ⁸3⁰¹¹¹11⁵ifflume⁵t

157 3084 297 3174 magnis
319 3082 461 3176 praeliis
482 3080 632 3166 delevit,
657 3080 695 3149 in
716 3081 848 3175 quibus
869 3081 998 3151 auxilia
1016 3072 1144 3154 habuit
1193 3078 1315 3135 (ΟΜΝ
1345 3078 1515 3160 lyranum
1537 3069 1689 3141 Vstlssam
1728 3073 1972 3147 d0s0¹¹⁸30¹¹0¹ss
2008 3104 2175 3176 (Ιῦὸθῑθῑθ,

159 3187 252 3276 regis
266 3185 585 3274 Longohacdorum
599 3180 814 3263 Lutbrandi,
840 3181 1028 3253 Landlridi
1043 3184 1143 3256 ducis
1193 3178 1229 3237 ²1
1248 3167 1418 3261 “fimum
1440 3182 1509 3240 ⁸⁸¹²
1534 3167 1685 3263 9⁸⁰1)ter
1698 3173 1912 3275 iniustitiam
1933 3204 2046 3271 regna
2067 3197 2174 3254 usos-

158 3285 435 3367 Alemanorum,
461 3299 496 3356 et
510 3280 694 3356 Odillonis
710 3285 809 3355 ducis
824 3281 1003 3357 Bavariae.
1191 3269 1367 3343 feruntur·
1417 3268 1522 3341 Tunc
1546 3296 1629 3344 vero
1650 3288 1685 3346 et
1700 3289 1895 3367 praetextus
1914 3282 2103 3374 religionis
2123 3309 2175 3355 ae.

1192 3369 1311 3455 cessit,
1336 3372 1432 3464 quod
1446 3370 1520 3443 Leo
1538 3371 1682 3449 Isaurus
1695 3390 1730 3451 et
1749 3380 1879 3451 deinde
1896 3383 1996 3455 filius
2013 3389 2175 3478 imagines

259 3433 315 3507 Ex
336 3449 389 3508 tot
410 3435 567 3527 gentium
583 3433 854 3506 fortissimarum
878 3435 1021 3507 auxiliis
1034 3436 1141 3510 aesti-
1191 3486 1227 3544 et
1241 3484 1372 3544 Mu„
1390 3473 1565 3550 gepebgnp·

158 3540 248 3613 mari
273 3551 388 3632 potest
407 3561 572 3626 magnum
593 3531 758 3627 Europae
780 3538 976 3630 periculum
999 3537 1140 3610 aSara-

158 3643 255 3715 cenis
277 3641 401 3726 luisse,
431 3637 600 3728 singulari
623 3640 726 3708 etiam
750 3639 921 3731 sapientia
944 3652 997 3713 tot
1019 3657 1140 3730 gentes
1240 3671 1349 3748 Anno
1367 3677 1492 3748 mundi

159 3745 365 3815 coniunctas
388 3764 460 3811 esse
482 3743 524 3811 ad
551 3740 640 3810 tanti
661 3739 745 3810 belli
768 3742 988 3828 societatem,
1012 3742 1138 3836 inquo

137 3857 253 3916 recte
272 3849 316 3914 de
335 3842 502 3915 Martello
524 3842 594 3912 diei
617 3853 747 3931 potest,
772 3859 812 3915 ut
835 3846 880 3914 de
897 3840 1138 3913 Themistocle

159 3948 293 4017 dictum
317 3960 385 4018 est:
411 3942 533 4015 Victos
555 3967 628 4014 esse
649 3945 695 4013 ah
716 3968 758 4014 eo
773 3943 897 4016 Persas
916 3945 1137 4030 fortitudine,

156 4049 270 4120 socios
289 4073 372 4119 vero
388 4047 542 4118 lenitate.
573 4039 661 4126 τοὺς
674 4040 745 4137 μὲν
757 4043 953 4139 πολεμίους
970 4043 1135 4139 ἀνδρεία,

155 4143 284 4231 solede
336 4141 555 4242 συμμάχους
602 4143 870 4246 εὐγνωμοσύνη
924 4148 1137 4242 νικηθῆναι.

157 4250 274 4322 Tanta
290 4252 399 4341 igitur
414 4251 488 4320 eius
504 4250 673 4321 autoritas
694 4250 780 4336 luit,
806 4263 845 4321 ut
861 4274 941 4321 cum
954 4249 1136 4322 Lutbran·

154 4354 222 4423 dus
244 4377 304 4421 rex
327 4351 643 4441 Longohardorum
674 4352 798 4421 urbem
818 4349 973 4424 Romam
994 4352 1136 4422 obside·
1458 4322 1521 4392 ⁰⁰
1537 4342 1563 4394 '⁸
1576 4343 1597 4394 ⁸
1610 4331 1628 4394 l
1643 4345 1668 4396 a
1681 4346 1706 4396 '¹
1721 4331 1737 4396 l
1753 4329 1767 4398 ⁸⁸
1781 4349 1806 4399 '⁸
1819 4325 1900 4401 Νι

154 4468 221 4538 ret,
246 4467 281 4525 et
297 4451 482 4526 Romanus
498 4450 694 4544 Episcopus
708 4453 878 4524 auxilium
894 4465 1043 4545 peteret,
1066 4450 1135 4525 Ca·
1288 4444 1560 4525 Constantinus
1567 4452 1815 4554 Copronymus
1826 4462 1920 4532 lilius
1933 4459 2070 4535 Leonis
2080 4463 2168 4535 lsau-

154 4558 253 4627 rolus
270 4553 457 4626 Martellus
473 4568 610 4626 tantum
626 4555 800 4643 legatione
821 4555 925 4625 missa
942 4554 1136 4647 perfecerit,
1159 4569 1163 4622 t
1186 4554 1238 4639 ri,
1262 4555 1345 4625 vivo
1362 4569 1460 4647 patre
1474 4572 1664 4631 coronatus
1677 4573 1728 4630 est
1749 4583 1769 4630 a
1784 4559 2007 4650 Patriarcha‚
2035 4568 2093 4636 cui
2109 4592 2168 4637 no·

154 4671 196 4729 ut
211 4657 467 4747 Lougobardus
481 4659 527 4728 ab
541 4657 629 4727 urbe
642 4652 757 4726 Roma
774 4657 978 4743 discederet,
999 4680 1039 4726 ac
1054 4681 1134 4726 cum
1186 4679 1266 4725 men
1293 4658 1361 4728 luit
1388 4650 1611 4733 Germanus.
1669 4658 1803 4732 'l'cnuit
1834 4665 2028 4756 imperium
2060 4690 2169 4738 annos

153 4754 331 4851 Episcopo
351 4755 515 4830 Romano
536 4782 656 4852 pacem
682 4758 818 4830 laceret.
870 4757 1003 4828 Tenuit
1019 4773 1135 4849 pater·
1185 4758 1516 4852 trigintaquinque.
1557 4758 1769 4833 Nominatus
1787 4761 2051 4859 Copronymns,
2077 4773 2167 4863 qood

154 4884 237 4931 nam
252 4861 456 4951 dignitatem
473 4885 584 4932 annos
605 4860 730 4949 viginti
747 4882 816 4931 sex.
867 4856 1024 4929 Decessit
1039 4883 1132 4930 anuo
1184 4859 1303 4929 iulans
1320 4860 1360 4930 in
1382 4883 1481 4930 sacro
1504 4861 1669 4953 baptismi
1690 4863 1763 4934 ritu
1785 4865 1823 4933 in
1844 4887 1973 4960 aquam
2002 4870 2168 4961 baptismi

153 4957 285 5033 Christi
302 4964 554 5053 septuagesimo
571 4960 837 5057 quadragesimo
855 4962 991 5053 primo,
1016 4963 1133 5031 unde·
1184 4973 1316 5031 stercus
1341 4985 1382 5031 ex
1402 4975 1526 5031 ventre
1550 4962 1662 5034 eiecit.
1716 4962 1759 5035 ln
1776 4967 1937 5037 delendis
1955 4970 2170 5061 imaginibus

152 5062 245 5132 cimo
267 5062 440 5134 Calendas
457 5062 687 5146 Novembris,
718 5085 791 5131 non
814 5064 926 5133 multo
940 5075 1021 5133 ante
1036 5086 1134 5133 mor·
1185 5063 1397 5155 templorum
1421 5057 1667 5133 vehementior
1693 5067 1762 5137 luit
1781 5079 1897 5158 patre,
1930 5069 2015 5140 ideo
2044 5088 2168 5144 contra

154 5177 222 5234 tem
252 5164 471 5252 imperatoris
492 5165 622 5236 Leonis
639 5161 762 5235 Isauri.
814 5160 980 5253 Sepultus
1005 5177 1132 5235 estau-
1182 5188 1263 5232 eum
1281 5165 1391 5236 factus
1413 5177 1463 5234 est
1482 5165 1674 5257 imperator
1694 5189 1865 5239 consensu
1889 5167 2168 5245 Patriarchaeet

152 5278 221 5335 tem
240 5265 442 5353 interreges
457 5266 645 5337 Francicus
664 5266 701 5333 iu
717 5266 803 5333 nesle
819 5260 1000 5360 Dionysii,
1027 5279 1060 5339 et
1075 5289 1131 5336 se-
1181 5265 1377 5336 nobilitatis
1391 5259 1641 5352 Artabasdun
1665 5291 1770 5363 quem
1785 5271 1921 5359 praelio
1936 5272 2072 5345 victum
2091 5292 2166 5368 post

150 5359 301 5461 pulchro
316 5369 477 5440 additum
493 5383 544 5439 est
559 5363 628 5436 hoc
641 5362 893 5459 Epitaphium:
1180 5366 1365 5437 biennium
1389 5365 1638 5464 Copronymut
1669 5369 1779 5464 cepit,
1813 5383 1849 5443 ct
1875 5370 1947 5466 ipsi
1966 5390 2002 5448 et
2024 5378 2168 5450 duobus

1514 3694 1638 3774 quater
1657 3682 1845 3756 millesimo
1866 3688 2169 3782 septingentesimo

1394 3792 1429 3851 et
1445 3795 1582 3875 quarto.

1239 3877 1347 3951 Anno
1360 3877 1498 4001 Romae
1513 3885 1704 3967 millesimo
1716 3888 2073 3983 quadringentesimo
2090 3901 2170 3970 sice·

1392 4007 1482 4054 samo
1500 3987 1639 4079 quinto.

1240 4083 1345 4155 Anno
1389 4081 1524 4257 Chrispii
1563 4091 1872 4182 septingentesimo
1905 4098 2168 4191 quadragesimo

1391 4209 1496 4258 secun
1524 4214 1559 4265 o.
