4680 6038
147 187 225 268 σοι
856 176 885 254 1.
923 167 1219 254 CHRONlCON
1249 168 1500 252 Gaulotus,
2118 183 2196 262 808

151 363 328 456 gimanus,
345 359 442 454 quod
458 357 580 428 dextra
595 352 740 445 longior
751 351 860 424 luerit
875 376 981 448 quam
992 349 1148 423 sinistra.
1197 346 1262 421 tim
1278 346 1374 420 tristi
1388 349 1558 422 servitute
1571 372 1759 444 oppressae
1771 366 1867 442 snut,
1891 378 1972 428 eum
1986 379 2190 448 grassaren-

148 465 337 539 Laudatur
363 462 438 532 eius
455 458 621 545 bonitas,
654 479 761 551 qnam
788 456 895 527 etiam
926 453 1085 526 ostendit
1107 452 1147 521 in
1197 466 1257 523 tur
1279 466 1470 543 perpetuae
1497 455 1619 525 caedes
1641 455 1681 526 in
1706 456 1876 544 urbibus,
1900 474 1940 532 ut
1957 458 2134 557 Mitylene
2151 479 2188 538 et

150 562 398 642 munificentia
421 561 639 655 amplissima
663 582 744 650 erga
762 554 970 631 Ecclesiam.
1025 555 1146 647 Quare
1196 554 1272 645 ipsa
1295 555 1382 626 urbs
1402 553 1540 643 Attica,
1567 571 1601 629 et
1623 559 1718 631 bella
1733 584 1775 631 ex
1793 562 1898 633 bellis
1912 587 2006 637 nova
2030 567 2184 638 subinde

151 668 278 743 ludaei
290 668 455 751 tradunt,
479 688 559 736 eum
576 662 685 735 luisse
698 660 815 733 lilium
834 658 936 732 Darii
952 672 987 731 et
1003 650 1146 730 Esther.
1196 670 1274 729 orta
1289 670 1384 729 sunt.
2160 734 2167 745 .

151 772 287 846 Fu'erat
308 782 426 842 autem
454 766 646 859 impeditus
673 765 812 836 reditus
835 762 1050 837 ludaeorum
1077 762 1144 832 sub
1297 755 1399 831 Anni
1423 761 1549 853 aloga
1573 763 1701 836 Xerxis
1723 770 1902 863 usquead
1927 770 2072 842 initium
2096 771 2187 844 belli

150 873 329 970 Cambyse
356 885 393 943 et
415 868 525 941 Dario
555 869 628 941 lilio
654 865 858 964 Hystaspis,
888 882 928 939 ut
957 877 1145 937 consents·
1195 859 1489 952 Peloponnesiaci
1503 881 1588 938 sunt
1603 870 1874 964 quinquaginta.
1925 870 2006 944 Hoc
2027 888 2186 966 tempore

149 1000 264 1050 neum
287 988 341 1047 est
361 987 508 1067 propter
529 968 745 1067 Aegyptiace
768 970 873 1042 bella.
925 970 996 1041 seu
1021 980 1144 1061 pacato
1195 966 1346 1037 maxime
1377 967 1501 1040 floruit
1530 967 1701 1059 Graecia,
1741 989 1775 1045 et
1804 976 1993 1066 praecipue
2026 992 2186 1049 creverat

114 1138 117 1143 .
151 1076 328 1166 Oriente,
359 1078 570 1150 Artaxerxes
599 1074 842 1164 Longimanus
859 1072 1044 1145 renovavit
1062 1069 1145 1141 'edi-
1194 1064 1419 1141 Atbenarum
1446 1074 1622 1164 potentia,
1655 1100 1761 1168 quam
1784 1073 2043 1149 Demosthenes
2066 1080 2187 1173 inquit

152 1197 253 1255 ctum
268 1180 375 1277 Cyri,
400 1194 436 1251 et
450 1178 555 1251 iussit
571 1179 691 1268 perlici
706 1177 988 1249 aedificationem
1005 1172 1145 1245 leroso-
1194 1172 1349 1243 tenuisse
1371 1175 1611 1267 principatum
1634 1178 1727 1248 inter
1752 1177 1908 1250 Graecos
1933 1204 2047 1251 annos
2064 1197 2133 1254 tres
2149 1196 2186 1254 et

152 1287 272 1381 lymae
289 1299 322 1354 et
340 1284 476 1376 templi.
528 1282 582 1353 Ac
596 1303 691 1350 enno
712 1294 808 1350 sexto
824 1280 924 1370 regni
939 1274 1144 1350 Artaxerxis
1194 1275 1437 1369 septuaginta,
1464 1301 1656 1349 numerans
1674 1281 1839 1353 videlieet
1856 1306 2003 1354 annosa
2021 1281 2185 1355 Cimonis

151 1387 372 1478 Longimani
389 1384 512 1478 templi
528 1383 725 1454 aedificatio
740 1384 902 1454 absoluta
918 1396 980 1456 est.
1193 1378 1372 1461 victoriis,
1405 1403 1518 1474 usque
1543 1385 1585 1451 ad
1607 1382 1834 1478 Lysandrum
1850 1384 2186 1471 Lacedaemonium,

167 1536 170 1543 ·
256 1488 348 1561 Cum
380 1490 489 1579 igitur
519 1487 616 1579 apud
644 1483 848 1577 Haggaeum
879 1499 913 1556 et
934 1480 1144 1555 Zachariam
1194 1480 1258 1575 qui
1286 1482 1443 1553 obsessas
1474 1479 1635 1556 Athenas
1667 1487 1888 1558 deditionem
1913 1489 2028 1559 lacere
2058 1489 2185 1580 coegit.

152 1591 365 1663 nominatur
400 1589 550 1673 Darius,
596 1587 760 1682 plerique
793 1583 891 1660 hunc
924 1585 1142 1659 Artaxerxen
1193 1580 1283 1656 Erat
1305 1598 1422 1656 autem
1441 1610 1631 1658 commune
1652 1589 1778 1661 foedus
1794 1588 2035 1678 Graecorum,
2059 1591 2185 1688 nequi

151 1694 418 1785 Longimannm
448 1691 670 1780 intelligunt,
712 1691 776 1785 qui
803 1706 839 1764 et
866 1715 962 1762 anno
991 1690 1143 1782 septimo
1194 1687 1274 1756 aliis
1288 1687 1380 1758 bella
1396 1688 1588 1776 inferrent,
1614 1693 1675 1762 sed
1693 1705 1733 1763 ut
1747 1694 2008 1764 controversiae
2020 1717 2185 1766 commn-

152 1798 257 1888 regni
280 1797 336 1867 sui
358 1795 457 1867 misit
480 1792 633 1867 Esdram
654 1818 736 1866 cum
762 1817 889 1887 magna
911 1791 1144 1865 multitudine
1194 1790 1235 1858 ni
1267 1789 1403 1860 iudicio
1431 1792 1696 1867 dirimerentur.
1754 1793 1824 1865 Sed
1858 1795 2062 1869 inciderunt
2090 1799 2185 1869 inter

153 1897 389 1983 ludaeorum,
420 1911 455 1968 et
480 1921 561 1967 cum
584 1897 813 1990 amplissimis
840 1897 946 1968 donis
968 1894 1144 1988 lerosoly-
1194 1890 1421 1982 Megarenses
1443 1906 1478 1965 et
1500 1890 1737 1967 Athenienses
1761 1896 1919 1968 ‹leLuco
1936 1900 2081 1969 incenso
2095 1923 2184 1970 con-

153 2025 272 2086 mam,
298 2003 342 2072 ad
360 2000 629 2072 instaurandam
645 2000 822 2091 politiam.
1195 1996 1391 2081 tentiones,
1426 2009 1572 2091 propter
1597 2023 1702 2092 quem
1726 1994 1844 2069 Attica
1876 2001 2001 2069 civitas
2027 2003 2182 2073 edictum

259 2102 465 2194 Cogitemus
478 2116 616 2184 autem,
642 2126 747 2197 quam
763 2098 919 2173 difficilis
933 2099 1144 2171 instauratio
1194 2099 1379 2190 proposuit
1394 2099 1432 2167 in
1448 2097 1691 2189 Megarenses,
1716 2116 1756 2172 ut
1771 2125 1790 2170 a
1808 2114 1915 2193 portu
1936 2103 2056 2175 Attico
2070 2105 2183 2175 absti-

154 2206 284 2292 l'uerit,
311 2231 392 2277 cum
417 2205 527 2276 vicini
553 2206 657 2276 bellis
680 2228 756 2274 eam
783 2206 958 2296 impedire
971 2225 1145 2273 conaren-
1195 2216 1338 2286 nerent,
1363 2224 1428 2271 nec
1446 2203 1566 2274 lic‘eret
1588 2206 1638 2272 eis
1655 2203 1851 2294 ingrediin
1868 2218 1999 2275 terram
2012 2204 2182 2280 Atticam.
2264 2214 2267 2219 '

154 2321 237 2393 tur,
263 2308 417 2378 etmulti
437 2306 559 2378 ludaei
573 2307 705 2377 reversi
719 2331 759 2377 ex
777 2307 885 2397 longo
909 2305 1016 2377 exilio
1034 2308 1145 2396 legem
1193 2302 1249 2375 De
1264 2298 1331 2374 hac
1346 2303 1480 2374 iniuria
1497 2328 1578 2376 eum
1597 2304 1822 2397 Megarenses
1835 2309 1928 2399 apud
1943 2305 2186 2379 Lacedaemo·

155 2421 193 2478 et
209 2432 325 2479 mores
340 2411 473 2501 patrios
486 2409 591 2482 obliti
605 2423 739 2492 essent,
765 2425 801 2482 et
822 2410 1013 2480 difficulter
1026 2404 1146 2479 Oeco-
1195 2407 1274 2477 nios
1290 2407 1404 2500 questi
1421 2420 1554 2493 essent,
1578 2423 1706 2499 petunt
1727 2407 2018 2496 Lacedaemonii,
2045 2424 2084 2482 nt
2106 2411 2185 2480 edi-

154 2511 295 2581 nomias
319 2513 557 2584 instituerent.
609 2511 680 2584 Sed
697 2507 782 2582 haec
802 2512 1028 2582 incommoda
1043 2510 1146 2579 leniit
1195 2522 1290 2578 ctum
1323 2509 1415 2578 illud
1448 2511 1606 2581 tollatur.
1663 2509 1816 2583 Pericles
1853 2514 2001 2599 fatetur,
2039 2536 2184 2584 causam

153 2607 265 2697 Deus,
286 2614 741 2707 quiArtaxerxisanimnm
756 2616 805 2686 ita
820 2615 1024 2685 llexeratad
1040 2625 1146 2684 tuen·
1194 2611 1307 2702 ipsam
1332 2634 1406 2680 oon
1431 2612 1552 2701 magni
1575 2613 1749 2684 momenti
1775 2636 1867 2696 esse,
1898 2616 1960 2686 sed
1983 2616 2185 2709 exemplum

153 2713 221 2784 dos
250 2728 285 2785 et
309 2717 486 2787 iuvandos
512 2715 678 2802 ludaeos,
710 2729 750 2787 ut
779 2742 854 2788 non
883 2718 1046 2787 videatur
1075 2739 1145 2785 un·
1194 2736 1270 2783 non
1285 2712 1510 2784 tolerandum
1526 2737 1609 2786 esse.
1651 2714 1776 2786 Postea
1791 2713 2189 2791 Lacedaemoniosma·

153 2839 262 2910 qnam
280 2817 318 2885 in
334 2841 461 2911 genere
477 2815 636 2890 humano
653 2819 745 2888 alius
763 2815 957 2890 monarcha
979 2842 1060 2909 erga
1075 2813 1145 2886 Ee-
1195 2817 1271 2887 iora
1292 2816 1529 2909 imperaturos
1553 2840 1649 2905 esse,
1675 2819 1705 2887 si
1729 2842 1826 2889 nunc
1842 2820 1881 2890 in
1897 2843 1936 2889 re
1957 2845 2065 2914 parva
2080 2823 2185 2905 cede7

154 2919 296 2989 clesiam
311 2922 576 2995 munificentior
590 2923 708 2995 luisse.
761 2920 871 2994 Dedit
891 2922 996 2994 etiam
1015 2922 1144 3011 guber·
1194 2931 1284 2989 rent.
1336 2916 1413 2989 llac
1435 2920 1702 3010 exaggeratione
1726 2944 1801 2990 rem
1817 2920 1960 2993 deducit
1976 2924 2021 2993 ad
2038 2916 2186 3010 bellum,

154 3033 298 3092 statores
310 3024 486 3116 sapientes
500 3040 535 3097 et
548 3026 710 3108 loelices,
736 3023 942 3115 Haggaeum
955 3038 990 3094 et
1007 3018 1146 3092 Zacba-
1196 3036 1236 3092 ut
1252 3022 1470 3112 suspiciones
1486 3034 1522 3092 et
1543 3024 1671 3094 astutia
1693 3044 1734 3093 ac
1758 3023 1956 3095 virulentae
1970 3024 2185 3118 interpreta-

146 3122 268 3206 ¹riam,
293 3122 465 3211 Esdram,
490 3123 700 3199 Nehemiam
714 3141 749 3198 et
762 3126 870 3206 alios,
897 3127 1035 3218 luitque
1053 3128 1146 3194 inter
1195 3125 1310 3195 tiones
1321 3147 1423 3217 saepe
1439 3136 1522 3194 suut
1536 3147 1659 3195 canuc
1673 3147 1882 3214 magnorum
1900 3127 2110 3199 bellorum..
2130 3126 2190 3202 lta·

150 3226 363 3321 praecipuos
387 3225 523 3299 Esdrae
549 3230 690 3299 labores
720 3225 1010 3321 propheticorum
1032 3228 1147 3297 libro-
1196 3229 1240 3296 ab
1256 3226 1379 3316 exigua
1392 3247 1495 3297 causa
1517 3226 1652 3297 bellum
1675 3228 1886 3298 diuturnum
1906 3243 1941 3299 et
1956 3230 2097 3299 exitiale
2118 3228 2185 3301 toti

151 3350 237 3400 rum
263 3330 443 3418 collectio,
480 3346 514 3405 et
531 3331 733 3404 studiorum
756 3331 938 3402 doctrinae
956 3330 1147 3417 institutio,
1196 3326 1368 3399 Graeciae
1384 3342 1504 3401 ortum
1519 3342 1583 3415 est,
1609 3330 1701 3401 sicut
1714 3328 1890 3400 Pindarus
1907 3332 2041 3424 inquit:
2069 3331 2192 3404 Parva·

150 3430 240 3524 qnia
268 3429 448 3504 Ecclesiae
479 3436 751 3504 fundamentum
786 3447 837 3506 est
863 3433 1028 3504 doctrina
1061 3457 1146 3525 pro-
1194 3432 1348 3502 scintilla
1368 3455 1470 3524 saepe
1487 3453 1650 3522 magnam
1665 3433 1803 3527 sylvam
1818 3435 2010 3508 comburit.

150 3527 316 3626 phetica,
341 3536 516 3609 divinitus
534 3537 676 3609 tradita.
1298 3533 1465 3606 Secundo
1491 3535 1577 3604 belli
1604 3557 1701 3606 anno
1722 3557 1825 3605 saeva
1848 3550 1883 3609 et
1906 3535 2082 3609 inusitata
2108 3536 2185 3608 lues

165 3668 168 3677 ·
259 3634 369 3709 Anno
384 3640 552 3710 vicesimo
567 3637 792 3725 Artaxerxis,
817 3640 946 3710 missus
963 3651 1015 3709 est
1027 3631 1146 3709 Nehe-
1195 3632 1349 3708 Athenis
1364 3652 1401 3709 et
1415 3637 1455 3706 in
1475 3636 1606 3708 vicinia
1620 3639 1770 3727 grassari
1786 3639 1920 3731 coepit,
1946 3662 2037 3733 quae
2058 3663 2189 3732 corpo-

150 3737 247 3806 naias
263 3763 305 3809 ex
317 3738 503 3837 Babylone
519 3740 791 3837 lerosolymam,
813 3743 876 3837 qui
895 3756 929 3814 et
947 3743 1146 3831 sumptibus
1195 3763 1235 3810 ra
1256 3741 1475 3810 iollammata
1499 3740 1550 3811 sic
1571 3742 1714 3825 urebat,
1745 3753 1787 3812 ut
1807 3743 1966 3813 membra
1989 3743 2185 3834 putrefacta

148 3852 190 3911 et
204 3837 422 3914 authoritate
436 3844 574 3916 adiuvit
592 3846 872 3916 aedificationem
887 3867 1088 3929 murorum,
1111 3856 1147 3915 et
1195 3842 1290 3914 intra
1313 3867 1443 3935 paucos
1465 3842 1541 3913 dies
1561 3844 1786 3929 deciderent,
1814 3844 1855 3912 in
1878 3846 1959 3915 aliis
1981 3846 2112 3936 capita,
2145 3844 2184 3913 in

148 3964 282 4016 usuras
297 3940 502 4039 probibuit,
529 3947 659 4041 quibus
673 3949 797 4041 inopes
818 3947 1147 4041 alocupletiorihus
1196 3946 1276 4015 aliis
1294 3941 1459 4032 brachia,
1483 3944 1524 4018 in
1549 3946 1629 4015 aliis
1651 3947 1775 4036 pedes,
1800 3959 1835 4016 et
1856 3948 2069 4017 accedebant
2084 3948 2187 4017 furo-

150 4039 470 4122 exhauriebantur.
523 4047 577 4121 lta
593 4050 670 4122 Deo
687 4050 833 4123 iuvante
858 4051 1030 4143 paulatim
1053 4063 1147 4122 certa
1196 4072 1272 4134 res,
1298 4049 1337 4116 in
1360 4049 1492 4144 quibus
1513 4048 1575 4118 alii
1596 4071 1671 4118 sese
1693 4048 1901 4139 praecipites
1922 4048 1961 4118 in
1979 4062 2103 4140 puteos
2118 4050 2186 4119 ab·

149 4148 258 4218 sedes
267 4147 443 4222 Ecclesiae
458 4154 495 4222 in
507 4150 636 4223 ludaea
651 4154 813 4226 restituta
823 4166 886 4240 est,
911 4167 943 4224 et
960 4154 999 4222 in
1016 4173 1146 4242 magno
1196 4152 1384 4236 iieiebant,
1416 4153 1478 4221 alii
1503 4150 1583 4220 aliis
1606 4150 1722 4220 modis
1744 4173 1819 4221 sese
1834 4152 2048 4242 perdebant,
2072 4163 2107 4222 et
2122 4173 2186 4220 ex-

149 4249 309 4342 isnpsrio
333 4252 476 4326 Persico
498 4270 583 4325 nota
607 4256 698 4342 luit,
723 4269 765 4328 ut
781 4255 888 4328 multi
906 4255 992 4327 inde
1013 4254 1145 4326 doctri·
1196 4254 1427 4345 tinguebatur
1445 4253 1617 4324 memoria
1637 4253 1743 4323 etiam
1768 4252 1808 4322 in
1829 4247 1905 4338 his,
1932 4253 1996 4348 qui
2017 4254 2187 4324 convale-

150 4374 242 4422 nam
258 4367 375 4446 petere
395 4372 548 4448 possent.
600 4354 648 4430 Et
664 4359 851 4429 mediocris
874 4358 914 4427 in
936 4356 1148 4451 ludaeapax
1196 4358 1352 4432 scebant.
1402 4354 1522 4428 Huius
1537 4355 1760 4456 pestilentiae
1772 4355 1812 4427 lit
1826 4356 1965 4427 mentio
1980 4356 2076 4450 apud
2091 4353 2186 4445 Hip-

112 4524 130 4547 ,
149 4454 247 4536 tuit,
270 4479 383 4553 usque
397 4462 441 4530 ad
455 4461 600 4555 tyranni
614 4456 712 4534 Ochi
724 4473 895 4554 tempora.
1196 4471 1396 4554 porratem,
1420 4461 1484 4553 qui
1506 4472 1593 4531 tunc
1616 4458 1721 4544 vixit,
1745 4471 1780 4528 et
1797 4458 1930 4530 dicitnr
1951 4454 2019 4529 hoc
2034 4457 2187 4529 consilio

782 4582 787 4591 ·
1198 4586 1276 4634 eam
1300 4586 1320 4635 s
1341 4558 1525 4633 Thessalia
1546 4560 1741 4653 depulisse,
1765 4560 1922 4633 incensis
1943 4558 2071 4658 sylvis,
2102 4580 2187 4631 cum

484 4634 572 4704 Μ’
598 4635 822 4705 Graecae·
1196 4668 1302 4737 llatus
1332 4678 1521 4736 ventorum
1551 4665 1597 4734 ab
1628 4658 1746 4734 Attica
1775 4664 1983 4737 adferebant
2011 4662 2188 4753 contagia.

261 4763 395 4839 Scribit
419 4761 667 4863 Thucydides,
693 4764 791 4839 bunc
806 4764 1026 4840 Artaxerxen
1049 4792 1148 4839 mor·
1196 4765 1271 4840 Nec
1285 4782 1359 4840 tam
1373 4790 1475 4838 saeva
1491 4768 1568 4838 lues
1582 4767 1758 4858 descripta
1772 4765 1902 4855 legitur
1920 4766 2001 4836 aliis
2015 4764 2189 4857 tempori·
2311 4790 2324 4801 ²

151 4882 260 4943 mum
296 4890 370 4940 csse
403 4891 499 4940 anno
533 4870 684 4960 septimo
721 4871 808 4942 belli
843 4869 1149 4965 Peloponnesiaci,
1196 4871 1283 4957 bus,
1315 4871 1386 4940 nisi
1407 4893 1504 4941 anno
1534 4884 1614 4962 post
1637 4869 1793 4940 natalem
1809 4864 1943 4939 Christi
1962 4866 2078 4950 1089,
2113 4890 2187 4958 quo

152 4973 255 5066 quod
273 4968 462 5042 Graeciam
480 4972 846 5062 gravissimeadllixit.
898 4972 989 5044 Nam
1013 4989 1047 5047 et
1063 4974 1148 5044 diu·
1197 4997 1293 5043 anno
1309 4972 1515 5064 sigebertus
1531 4984 1669 5057 narrat,
1692 4971 1799 5041 talem
1814 4967 2051 5063 pestilentiam
2067 4968 2189 5039 inLo-

155 5089 308 5146 turuum
323 5073 410 5159 fuit,
431 5074 575 5145 duravit
588 5074 685 5143 enim
702 5099 817 5146 annos
831 5088 964 5169 septem
979 5092 1015 5150 et
1031 5076 1148 5166 vigin-
1197 5071 1374 5165 tharingia
1392 5089 1582 5167 grassatam
1599 5097 1686 5144 esse.

155 5178 206 5264 ti,
232 5178 296 5251 etsi
315 5177 439 5247 breves
461 5176 625 5247 inducias
648 5176 907 5271 aliquantisper
932 5173 1081 5264 habuit,
1113 5193 1149 5251 et
1298 5175 1730 5264 Denunciaruntmagnas
1744 5174 1960 5246 calamitates
1974 5173 2114 5267 eclipsis
2129 5198 2188 5246 so-

155 5282 293 5355 multae
313 5277 474 5350 civitates
493 5278 622 5372 partim
638 5278 801 5350 funditus
825 5280 960 5351 deletae
977 5300 1079 5360 sunt,
1105 5294 1147 5352 ut
1196 5280 1242 5349 lis
1267 5279 1372 5350 initio
1393 5280 1480 5349 belli
1503 5280 1614 5360 lacta,
1639 5296 1731 5368 quae
1745 5275 1863 5346 medio
1882 5275 1941 5347 die
1956 5279 2119 5348 tenebras
2135 5276 2189 5347 le-

156 5387 298 5466 Platea,
323 5380 411 5454 urbs
423 5380 701 5477 Corcyremum‚
726 5382 812 5455 urbs
826 5379 1038 5471 Meliom,
1064 5405 1148 5477 par·
1198 5380 1264 5464 cit,
1291 5394 1333 5455 ut
1346 5381 1467 5455 stellae
1482 5376 1790 5471 conspicerentur,
1815 5391 1851 5451 et
1864 5392 2019 5466 cometa,
2045 5378 2109 5475 qni
2130 5402 2190 5450 ar-
