4680 6038
416 193 575 273 nach
607 194 685 273 DE
715 192 1034 273 CHARITUM
1068 196 1650 287 APPELLaTtONtBUs.
1979 210 2056 297 810

131 368 305 443 tiinustis
328 368 366 437 in
389 370 509 464 fronte
533 370 774 460 stigmatibus,
802 364 929 461 hospes
955 371 1013 436 in·
1065 371 1166 441 dicti:
1200 370 1318 443 Labor
1339 388 1454 447 vester
1481 401 1554 448 non
1585 379 1651 449 erit
1677 379 1795 449 inanis
1822 379 1861 451 in
1884 379 2053 455 Domino.

131 499 151 548 ι.
211 471 318 540 ΤιιΙει
341 465 498 562 hospites
525 473 628 545 multi
660 485 763 552 sunt,
796 467 1015 564 prohdolor
1064 473 1161 544 Deus
1199 491 1291 544 recta
1334 458 1545 549 iacientibus
1589 482 1690 552 dabit
1730 483 1887 573 placidos
1928 485 2053 571 eiitus,

156 576 195 649 in
225 575 446 657 Academiis,
479 575 517 643 in
541 576 672 669 quibus
693 576 797 646 multi
825 600 898 645 non
932 589 1014 646 tau·
1064 578 1200 647 etiamsi
1223 577 1407 653 incurrent
1427 580 1466 649 in
1489 606 1549 653 eos
1572 584 1694 664 multi,
1721 585 1863 655 iniustis
1885 587 1977 657 odiis
1994 612 2053 659 ar-

131 679 285 768 qratiam,
325 678 387 746 sed
416 679 601 769 pecuniam
627 679 734 749 etiam
756 678 913 748 debitam
941 702 1013 749 raon
1063 683 1205 759 dentes,
1231 695 1271 749 ut
1290 683 1545 752 modestissime
1568 687 1694 757 dicam.

131 795 177 855 ut.
1164 778 1271 872 Apud
1304 778 1500 854 Homerum
1527 788 1657 859 assidet
1678 786 1840 862 Vulcano
1865 785 2051 862 Charitum

131 882 294 955 Tradidit
309 896 425 952 autem
442 878 575 953 Paulus
597 882 754 972 regulam
778 884 823 953 de
844 905 1014 975 compen·
1062 908 1134 953 una
1150 884 1188 954 in
1205 885 1364 969 officina,
1391 912 1461 979 quo
1479 888 1645 977 figmento
1654 891 1800 981 sapiens
1820 894 1924 984 polita
1940 894 2050 963 multa

131 1012 158 1057 re
186 983 483 1058 honestissimam.
549 985 694 1055 Nemini
724 986 918 1079 quidquam
951 987 1013 1054 de·
1062 987 1273 1077 significavit
1305 1002 1339 1057 et
1372 991 1466 1081 quod
1495 991 1625 1060 artium
1650 1017 1758 1083 opera
1785 994 1856 1064 sint
1887 996 1988 1065 utilia
2018 1009 2052 1065 et

140 1143 152 1174 ,
197 1087 268 1158 nisi
306 1088 544 1193 dileQ'ouem.
621 1086 761 1159 lusticia
795 1090 1014 1173 nominatur,
1063 1091 1217 1160 iucunda
1230 1091 1409 1159 communi
1426 1090 1538 1175 vitae,
1566 1108 1599 1163 et
1616 1096 1712 1187 quod
1729 1095 1767 1163 in
1782 1096 1867 1186 ipsis
1884 1097 2051 1187 operibus

131 1194 224 1287 quod
248 1191 347 1261 civili
367 1190 585 1281 obligatione
607 1193 769 1264 debetur.
822 1189 862 1260 ld
880 1190 1013 1264 Paulus
1061 1191 1158 1262 nitor
1182 1207 1216 1261 et
1237 1206 1402 1261 venustas
1424 1217 1497 1263 esse
1520 1195 1665 1281 debeat,
1698 1193 2051 1269 necsinthominum

131 1295 296 1386 rraecipit.
357 1291 432 1363 Nee
462 1292 539 1364 uult
568 1293 706 1365 turbari
731 1293 825 1363 vitae
849 1293 1011 1364 ordinem
1062 1290 1209 1365 thalami
1233 1294 1365 1363 similes
1389 1320 1578 1387 porcorum
1600 1299 1765 1383 stabulis,
1791 1314 1825 1368 et
1846 1325 1930 1369 vero
1954 1302 2049 1394 quod

130 1397 228 1482 licia,
262 1395 371 1466 deleri
394 1391 558 1467 honestas
583 1398 694 1487 leges,
726 1392 1012 1467 defraudaribo-
1062 1397 1211 1467 artifices
1245 1399 1365 1466 deceat
1398 1398 1572 1468 officiosos
1606 1413 1639 1470 et
1665 1400 1822 1492 placidos
1847 1425 1939 1488 esse,
1976 1425 2050 1471 non

131 1514 335 1592 rpraetextu
358 1493 583 1569 Christianae
604 1500 793 1574 societatis.
852 1498 1013 1569 Sciamus
1061 1524 1220 1592 asperos,
1245 1523 1320 1569 nou
1334 1524 1509 1584 morosos,
1536 1524 1610 1570 non
1634 1525 1776 1587 avaros,
1800 1527 1874 1575 non
1898 1503 2051 1573 invidos.

141 1619 175 1675 et
198 1603 338 1672 civilem
365 1601 615 1692 obligationem
640 1601 798 1672 divinam
815 1625 896 1670 esse.
948 1598 1013 1670 Est
1063 1602 1208 1691 Qtrauto
1225 1602 1334 1691 magis
1359 1603 1397 1671 in
1421 1599 1588 1673 Ecclesiis
1611 1618 1645 1675 ει
1668 1606 1869 1675 Academiis
1892 1599 2051 1676 habitare

131 1732 137 1773 ι
164 1720 197 1775 et
220 1704 393 1775 naturalis
409 1705 578 1795 obligatio
602 1704 745 1791 divina,
770 1730 861 1798 quae
881 1703 1013 1773 benefi-
1061 1701 1222 1776 Charites
1242 1708 1445 1794 oportebat,
1476 1729 1522 1774 ne
1545 1707 1727 1776 doctrinae
1750 1707 1892 1778 illuvies
1914 1720 1949 1777 et
1969 1708 2051 1777 bar-

131 1833 171 1877 am
194 1822 226 1877 et
250 1809 503 1898 gratitudinem
532 1806 645 1878 animi
675 1808 937 1900 complectitur,
970 1808 1013 1875 de
1063 1810 1178 1877 baries
1200 1807 1329 1878 alienet
1354 1801 1536 1892 homines,
1559 1821 1599 1878 ut
1621 1824 1704 1881 sunt
1720 1811 1894 1901 paradoxa
1912 1808 2051 1881 Stoico·

131 1910 215 1981 licit:
255 1910 403 2002 Semper
432 1911 552 1980 deberi
584 1911 824 1982 dilectionem.
884 1909 940 1980 Sit
971 1909 1011 1976 in
1062 1935 1159 1994 rum,
1186 1933 1276 2004 quae
1299 1909 1488 1978 adfirmant
1502 1911 1624 1979 omnia
1640 1911 1836 2001 necessario
1862 1911 1958 1995 lieri,
1984 1911 2051 1981 bo·

155 2015 332 2083 mentibus
363 2030 531 2104 perpetua
564 2037 648 2082 cura
672 2015 822 2082 tuendae
845 2006 1013 2080 honestae
1064 2037 1126 2082 nas
1148 2027 1184 2083 et
1210 2011 1320 2080 malas
1343 2011 1515 2081 actiones:
1550 2024 1583 2082 et
1608 2012 1670 2081 illa
1696 2013 1866 2096 fanatica,
1903 2012 2052 2104 impium

131 2116 284 2185 notionis
312 2130 346 2185 et
368 2115 578 2184 concordiae
603 2114 766 2205 publicae
795 2113 833 2181 in
855 2109 1013 2182 Ecclesia
1063 2139 1135 2184 esse
1166 2113 1389 2202 magistratus
1413 2136 1552 2203 gerere,
1583 2138 1742 2184 exercere
1774 2114 1924 2201 iudicia,
1957 2116 2051 2184 bona

142 2216 318 2309 imperiis,
352 2230 386 2285 et
417 2215 567 2285 iuvandi
595 2215 707 2299 cives,
739 2229 912 2308 quantum
938 2212 1013 2283 fieri
1063 2241 1169 2308 opera
1186 2241 1259 2285 non
1277 2237 1350 2284 esse
1367 2216 1583 2300 necessaria,
1609 2239 1698 2284 neve
1718 2216 1923 2286 docentium
1938 2214 2053 2285 ambi-

142 2375 152 2403 ,
184 2321 231 2388 sit
253 2321 357 2388 etiam
382 2311 572 2402 ἐπιείκεια,
600 2318 777 2409 sapienter
798 2318 958 2386 ferantur
981 2329 1014 2384 et
1063 2321 1113 2390 tio
1145 2317 1377 2410 popularibus
1405 2318 1621 2389 clamoribus
1657 2318 1753 2387 idola
1782 2318 1956 2407 stabiliat,
1992 2330 2054 2403 aut

131 2438 184 2491 tur
205 2425 379 2513 quaedam
402 2420 646 2503 incommoda,
679 2444 724 2487 ne
751 2432 864 2491 toturn
887 2439 1015 2509 corpus
1063 2423 1145 2491 odia
1161 2421 1321 2511 iugulent
1335 2420 1553 2494 innocentes.
1604 2416 1706 2490 Plato
1722 2419 1849 2491 solitus
1870 2431 1922 2491 est
1937 2419 2053 2489 dicere

131 2537 193 2595 tut
211 2525 247 2588 in
266 2522 371 2590 senili
389 2545 538 2613 corpore
554 2521 671 2591 morbi
688 2520 835 2614 quidam
859 2521 1015 2590 toleran—
1064 2527 1109 2593 ad
1123 2522 1376 2606 Xenocratem,
1402 2523 1496 2614 quod
1512 2520 1667 2591 tristiore
1689 2534 1724 2591 et
1744 2520 1912 2610 rigidiore
1926 2534 2054 2593 natura

131 2626 179 2721 pri
196 2627 272 2693 sine
285 2624 419 2693 maiore
436 2623 529 2694 malo
547 2624 626 2694 tolli
641 2649 713 2692 nou
730 2636 889 2717 possunt.
931 2621 1013 2692 Nou
1065 2639 1172 2705 esset,
1204 2625 1328 2694 volens
1348 2647 1428 2693 eom
1452 2624 1601 2694 excitare
1623 2624 1667 2692 ad
1690 2623 1910 2706 comitatem,
1934 2620 2055 2692 suavi-

131 2753 153 2798 ιι·
175 2721 242 2795 boc
270 2740 408 2818 tempus
428 2726 626 2817 longiorem
649 2728 867 2809 orationem,
893 2738 927 2796 et
951 2746 1014 2813 ego
1065 2743 1170 2801 tatem
1193 2739 1228 2797 et
1250 2720 1464 2817 ἐπιείκειαν,
1490 2750 1580 2820 quae
1605 2724 1643 2795 in
1669 2724 1849 2795 communi
1866 2737 2055 2796 consuetu·

131 2854 158 2899 m
169 2829 400 2924 etymologias
414 2843 596 2922 utcunque
611 2851 774 2898 enarrare
784 2827 897 2913 volui,
919 2820 1013 2921 qu'od
1065 2832 1149 2902 cline
1166 2829 1382 2900 necessariae
1397 2841 1501 2911 sunt,
1528 2822 1661 2900 σπένδε
1670 2819 1833 2924 χάρισιν.

131 2932 230 3003 rfieri
250 2956 322 3000 non
338 2943 471 3024 potest,
496 2932 567 2999 nisi
586 2945 617 3000 et
637 2933 776 3001 arebus
796 2930 881 3021 ipsis
899 2942 933 3000 et
947 2923 1014 2998 ho·
1177 2930 1281 3001 Hanc
1304 2927 1591 3001 adhortationem
1612 2953 1674 2998 vos
1690 2953 1831 3022 quoque
1848 2927 2054 2999 memineri-

131 3058 160 3105 m
175 3037 336 3103 moribus
352 3035 389 3102 in
405 3034 476 3103 vita
495 3047 660 3125 petantur
673 3034 841 3124 exempla.
1065 3036 1131 3118 tis,
1160 3037 1219 3104 sed
1239 3034 1413 3104 concinne
1427 3033 1653 3101 intellectam.
1704 3029 1851 3102 Rectius
1863 3043 1981 3102 autem
1997 3030 2054 3100 di-

131 3136 288 3228 Legimns
303 3151 419 3207 autem
437 3148 471 3206 et
485 3135 700 3226 singularem
717 3137 890 3229 picturam
907 3131 1015 3202 fuisse
1066 3161 1185 3206 cemus
1195 3131 1327 3208 σπένδε
1340 3139 1394 3228 τῷ
1405 3138 1562 3228 χριστῷ,
1588 3133 1650 3227 qui
1662 3145 1755 3203 certe
1772 3134 1849 3204 vult
1865 3155 1928 3202 vos
1943 3154 2055 3201 unum

132 3253 206 3311 turn
234 3242 272 3309 in
306 3236 541 3309 vetustissima
574 3239 663 3306 urbe
689 3234 832 3320 Eliaca,
866 3257 1016 3328 quarum
1067 3241 1104 3305 in
1122 3237 1199 3328 ipso
1217 3260 1301 3309 esse.
1354 3231 1878 3325 PropterDeumetDorninum
1893 3245 2054 3302 nostrum

131 3372 136 3414 ι
152 3338 286 3414 Rosam
309 3342 416 3430 gerit,
444 3341 552 3410 altera
565 3337 746 3434 Myrtum,
774 3337 876 3408 tertia
891 3331 1017 3405 Astra·
1070 3338 1184 3409 lesum
1199 3334 1380 3409 Christum
1397 3359 1554 3405 amemus
1568 3334 1757 3415 iusticiam,
1782 3349 1816 3405 et
1831 3333 2056 3405 concordiam

131 3470 141 3515 ι
156 3469 219 3515 seu
229 3444 371 3515 Talum.
405 3440 566 3513 Artifices
582 3442 693 3512 multa
708 3441 889 3530 ingeniose
905 3436 1017 3527 signi·
1070 3442 1261 3532 publicam,
1284 3439 1359 3511 etsi
1376 3463 1466 3531 quae
1480 3436 1716 3507 dissensiones
1731 3451 1824 3520 sunt,
1848 3438 1892 3507 de
1907 3430 1963 3505 his
1980 3435 2057 3525 pla·

131 3560 173 3619 nt
191 3550 228 3615 in
244 3546 397 3638 publicis
420 3545 674 3615 monumentis.
726 3541 822 3614 Rosa
844 3540 1017 3631 significat
1069 3544 1317 3625 cidecandide,
1339 3542 1416 3621 sine
1431 3539 1535 3623 odiis,
1559 3539 1635 3608 sine
1652 3533 1888 3635 φιλονεικείᾳ,
1906 3538 1982 3608 siue
1998 3560 2057 3607 so-

131 3650 299 3722 itudinem
317 3662 352 3719 et
366 3648 608 3738 fragrantiam.
660 3642 760 3717 Nihil
778 3645 929 3726 iusticia,
955 3643 1015 3710 be·
1069 3643 1216 3738 phistica
1235 3646 1401 3715 dicantur
1417 3642 1629 3725 sententiae,
1652 3654 1686 3711 et
1702 3641 1747 3711 sit
1769 3641 1873 3710 iudex
1889 3636 2057 3711 Ecclesia.

131 3755 227 3836 ntia,
257 3755 374 3823 studio
400 3753 552 3821 tuendae
576 3748 840 3820 coniunctionis
857 3748 896 3815 in
914 3743 1017 3814 bonis
1072 3749 1114 3819 ln
1128 3745 1185 3817 his
1200 3749 1306 3819 tantis
1317 3746 1471 3836 negociis
1487 3742 1704 3833 conspicitur
1719 3766 1840 3812 verum
1857 3764 1940 3824 esse,
1962 3744 2058 3835 quod

131 3878 158 3939 ι,
187 3856 347 3948 pulcrius
373 3869 407 3923 et
429 3853 570 3922 dulcius
595 3866 658 3926 est.
710 3850 1018 3945 Myrtusloecun·
1069 3855 1119 3922 ait
1140 3847 1375 3937 Theocritus,
1409 3843 1502 3917 nibil
1531 3848 1609 3917 sino
1632 3843 1767 3915 Gratiis
1798 3843 1949 3914 amabile
1974 3864 2057 3918 esse,

131 3970 172 4027 rm
200 3958 385 4048 significat.
443 3951 631 4047 Accipieus
660 3953 869 4024 beneficium
892 3951 1019 4020 reddat
1069 3950 1105 4024 τὶ
1120 3948 1195 4052 γὰρ
1207 3945 1377 4045 χαρίτων
1393 3943 1587 4044 ἀγαπητὸν
1607 3937 1824 4039 ἀνθρώποις
1843 3941 2059 4017 moseddo

132 4060 180 4130 im
201 4086 262 4130 seu
286 4060 420 4141 olticia,
446 4081 506 4127 seu
523 4081 642 4127 rerum
661 4055 789 4149 precia.
841 4048 1018 4141 Astragali
1070 4052 1128 4128 ἀεὶ
1163 4049 1380 4148 χαρίτεσσιν
1413 4047 1481 4144 ἅμ’
1522 4048 1597 4142 ἔην.
1676 4045 1772 4136 Quid
1807 4045 1958 4114 alienius
1989 4056 2059 4121 est,

131 4164 392 4235 itantincertos
408 4175 572 4244 eventus,
598 4157 874 4229 inconstantiam
888 4156 1020 4225 volun-
1071 4182 1179 4251 quam
1208 4180 1265 4226 res
1293 4155 1462 4247 optimas,
1502 4150 1705 4232 veritatem,
1739 4170 1879 4247 pacem,
1912 4168 2060 4227 concap.

130 4266 199 4336 rin
223 4267 346 4335 amicis
369 4277 402 4333 et
431 4264 737 4353 ingratitudinem.
794 4258 912 4331 Rarae
937 4268 1019 4325 sunt
1072 4261 1187 4343 aliam,
1212 4258 1327 4330 Deum
1343 4257 1474 4347 ipsum,
1500 4249 1715 4323 interfurias
1731 4272 1911 4342 quaerere.
1964 4248 2060 4333 Lon-

131 4392 148 4439 e
177 4383 213 4440 et
246 4368 425 4437 ‹lrrrabiles
452 4365 649 4449 amicitiae,
682 4377 724 4433 ut
748 4386 824 4433 non
849 4363 1019 4432 diuturna
1043 4320 1047 4429 l
1071 4386 1113 4453 ge
1130 4363 1197 4431 alia
1215 4363 1258 4431 ad
1274 4359 1388 4431 Deum
1406 4358 1463 4427 via
1485 4368 1556 4436 est,
1582 4352 1645 4446 qui
1665 4351 1827 4421 adfirmat
1844 4374 1879 4421 se
1901 4345 2060 4419 babitare

131 4472 269 4562 'ompeii
286 4485 320 4540 et
342 4469 423 4538 lolii
439 4468 606 4540 amicitia.
658 4464 730 4536 Nec
747 4465 823 4534 sine
837 4486 940 4532 causa
957 4485 1020 4529 nec
1073 4468 1111 4536 in
1127 4463 1256 4565 spiritu
1271 4461 1444 4543 contrito,
1471 4453 1618 4539 humili,
1643 4467 1677 4524 et
1701 4454 1847 4523 timente
1862 4474 2059 4523 sermonem

133 4574 302 4663 exemplis
341 4571 433 4642 dixit
467 4568 583 4640 Plato:
628 4561 740 4663 φύσει
768 4557 1021 4658 εὐμετάβολον
1072 4567 1248 4638 divinum.
1305 4559 1384 4633 Oro
1406 4575 1523 4631 autem
1544 4557 1657 4627 filium
1680 4552 1749 4626 Dei
1772 4552 1968 4624 Dominum
1994 4575 2061 4620 no·

132 4728 149 4767 ‚
182 4671 300 4771 φίλος.
358 4670 521 4766 Eamque
554 4674 601 4742 ob
630 4695 769 4741 causam
795 4680 1020 4759 praeceptum
1073 4685 1184 4741 strum
1208 4665 1324 4737 lesum
1345 4660 1549 4744 Christum,
1587 4656 1789 4749 crucifixum
1816 4681 1879 4744 pro
1906 4653 2062 4769 notrices

131 4796 199 4852 tum
223 4795 292 4863 est,
323 4773 483 4870 μίμνησ’
521 4772 707 4858 ἀπιστεῖν,
743 4769 873 4865 ἄρθρα
903 4771 1022 4840 ταῦτα
1074 4771 1334 4847 resuscitatum,
1360 4766 1423 4860 qui
1439 4766 1537 4835 sedet
1552 4763 1593 4832 ad
1612 4763 1767 4829 dextram
1782 4754 1915 4824 aeterni
1938 4763 2061 4846 patras,

131 4887 285 4979 ρρενιῦν.
335 4879 407 4951 Sed
420 4880 464 4948 de
481 4873 547 4948 hac
564 4876 736 4969 sapientia
752 4876 945 4967 loquantur
960 4869 1022 4938 alii
1074 4890 1111 4946 ut
1135 4876 1229 4943 dona
1252 4872 1313 4942 det
1334 4864 1562 4944 hominibus,
1596 4874 1636 4930 ut
1659 4880 1869 4977 nos-omnes
1889 4855 2062 4973 gubernet

131 5001 251 5055 resec
286 4982 483 5072 peritiores.
548 4979 642 5060 Nos,
683 4977 1023 5072 quicunque'erunt
1074 4991 1107 5048 et
1127 4988 1302 5068 protegat,
1327 4987 1360 5043 et
1376 4970 1535 5041 effundat
1560 4965 1598 5035 in
1616 4984 1682 5032 nos
1696 4973 1859 5055 sparnum
1881 4972 2012 5049 gratiae
2027 4968 2061 5024 et

131 5110 197 5171 ms,
223 5087 315 5157 iusta
332 5084 508 5153 discamus
524 5097 558 5152 et
573 5083 759 5163 iaciamus,
785 5077 1024 5166 intelligamus
1074 5102 1229 5173 precum.
1284 5074 1377 5146 Dixi.

131 5212 240 5265 oemus
255 5187 528 5278 gratitudinem,
547 5184 657 5254 simus
671 5180 839 5263 officiosi,
864 5180 927 5249 ubi
944 5199 1024 5269 pos-

131 5314 156 5371 ta
177 5292 257 5362 aliis
272 5291 495 5370 benefacere,
520 5311 594 5355 non
614 5287 800 5356 turbemus
817 5282 908 5389 vitae
924 5279 1024 5349 ordi-

131 5445 136 5472 .
161 5393 442 5465 nontaceromus
459 5384 653 5473 Ecclesiae,
678 5401 714 5458 et
725 5386 837 5456 simus
852 5404 1025 5455 memores
1046 5366 1052 5467 Ι

131 5522 262 5565 resurr.
285 5498 414 5565 Onna.
443 5493 621 5562 voaxlt.
