4680 6038
536 278 538 283 .
605 204 767 284 DECb
799 204 877 282 DE
911 144 1218 367 LUQVICO
1254 207 1513 299 BAVARO.
1999 227 2077 302 290
2153 298 2156 303 ,
2187 298 2194 309 ,

148 377 312 451 Pontifex
336 376 728 453 lohannes·l⁷icesimus
749 385 923 453 secundus
941 406 1033 455 eon·
1086 381 1179 451 tibus
1200 383 1333 454 bellum
1355 399 1441 473 erat.
1493 386 1574 458 Nou
1596 388 1706 479 igitur
1727 405 1891 464 eontatur
1912 395 2073 467 Ludovi·

133 484 160 554 it
184 507 220 552 se
245 485 397 553 iudicem
420 507 493 553 esse
517 479 623 554 huius
646 486 917 559 controversiae.
987 484 1034 556 Ut
1085 508 1163 573 cus,
1187 501 1229 556 ut
1241 500 1364 573 antea,
1388 492 1450 559 sed
1465 506 1637 583 quantum
1656 508 1786 584 potest,
1810 512 1992 587 properat,
2014 524 2071 572 ae-

131 612 148 655 a
162 587 278 656 aSole
294 587 414 655 lumen
430 588 573 678 accipit,
600 588 648 658 ita
665 591 864 658 ordinatam
880 610 954 659 esse
968 583 1033 657 lto·
1085 587 1341 671 cersit-auxilia
1365 588 1497 673 v‘icina,
1524 610 1558 664 et
1579 608 1693 666 armat
1709 622 1800 668 suos.
1852 604 2011 675 Veniunt
2026 606 2070 673 ad

131 712 184 758 um
218 691 530 777 gubernationem,
570 705 655 760 uta
688 715 826 760 srunrno
854 695 1034 784 sacerdote
1084 713 1164 759 eum
1194 686 1371 760 lohannes
1393 690 1470 765 Rex
1493 693 1691 785 Boiemiae,
1729 700 1932 772 Friderieus
1955 702 2090 795 Burg-.

131 805 245 862 erator
266 794 489 863 autoritatem
510 792 670 884 accipiat.
723 791 954 863 VelleDeom
977 786 1034 863 ea-
1084 793 1224 882 gravius
1246 790 1515 885 Nuribergensis
1539 813 1571 868 et
1592 796 1767 874 lleurieus
1784 802 1911 875 Comes
1924 803 2072 877 Henne-

142 917 216 962 esse
246 918 420 964 summum
455 897 636 980 interris,
668 895 765 966 Petri
788 896 1033 977 successoreui,
1084 895 1264 985 bergensis
1294 920 1374 965 eum
1405 900 1539 987 magnis
1569 903 1727 992 equitum
1755 906 1866 996 copiis
1889 909 2070 980 assisina

131 997 260 1066 dictum
283 1011 349 1066 est:
377 996 461 1067 Tibi
483 1000 576 1066 dabo
594 999 709 1067 claves
725 999 824 1088 regui
841 1000 1032 1070 coelorum.
1085 995 1232 1066 Francia
1250 1012 1283 1067 et
1298 995 1473 1069 Rhenana
1490 1028 1551 1070 ora
1567 1003 1739 1086 collectis,
1768 1002 1863 1076 huuc
1880 1012 2070 1081 exercitum

131 1124 153 1167 u
180 1096 287 1169 Pasce
311 1123 392 1168 oves
416 1124 521 1171 meas.
573 1098 671 1170 Haec
690 1101 862 1193 pontificii
877 1104 1033 1170 oratores
1083 1100 1181 1169 ducit
1197 1099 1401 1171 erdovicus
1423 1106 1466 1171 ad
1486 1105 1729 1194 reprimendos
1747 1105 1954 1198 Hungaros,
1981 1138 2071 1207 quo-

131 1222 239 1291 egnm
257 1216 289 1271 et
306 1203 344 1270 in
360 1201 566 1295 Principum
583 1205 741 1274 consiliis
755 1202 910 1274 Periclea
926 1228 1031 1293 gran·
1084 1226 1163 1270 rum
1181 1202 1368 1272 crudelitas
1387 1207 1536 1274 maxime
1553 1208 1720 1279 terribilis
1737 1225 1822 1284 erat.

131 1305 263 1400 quentia
280 1306 460 1374 tonabant.
1183 1300 1401 1396 Expectabat
1419 1322 1534 1378 autem
1552 1308 1758 1381 Austriacus
1774 1313 1919 1384 sratrem
1933 1313 2069 1406 Lupol-

146 1404 248 1477 Abiit
270 1408 454 1476 biennium
475 1422 552 1499 post
570 1407 776 1477 electionem
791 1407 866 1476 sine
884 1407 1032 1476 dimica·
1064 1407 1169 1491 =dum
1197 1409 1429 1477 adducentem
1454 1405 1593 1482 Rhetos
1613 1427 1646 1483 et
1668 1412 1814 1489 Suevos.
1881 1415 1937 1487 Eo
1958 1417 2071 1506 magis

131 1532 158 1578 s:
183 1515 243 1578 sed
266 1534 361 1578 auno
389 1511 576 1579 millesimo
597 1510 840 1580 trecentesimo
856 1510 1031 1579 sedecimo
1083 1511 1296 1599 properabat
1315 1509 1516 1582 Ludovicus
1541 1538 1614 1582 non
1639 1539 1680 1582 eo
1703 1531 1859 1602 tantum,
1885 1519 1969 1612 quia
1995 1544 2071 1588 ma·

133 1612 245 1681 ericus
276 1636 441 1702 magnum
466 1614 657 1683 exercitum
681 1614 724 1680 ad
748 1612 919 1703 oppidum
944 1612 1032 1684 Sue-
1084 1612 1139 1679 ius
1153 1612 1349 1701 perieulum
1367 1615 1526 1684 sutanum
1541 1630 1633 1696 erat,
1660 1618 1689 1685 si
1704 1616 1890 1709 Lupoldus
1906 1622 1962 1689 vir
1976 1622 2071 1712 peri-

139 1712 321 1803 Eslingam
345 1717 511 1801 adducit,
538 1719 632 1809 quod
658 1728 697 1784 ut
713 1715 801 1782 aliae
817 1717 923 1784 urbes
941 1715 1031 1783 iufra
1084 1726 1140 1782 tus
1153 1713 1204 1782 rei
1219 1715 1382 1783 militaris
1397 1718 1598 1787 adduxisset
1607 1714 1744 1790 Rhetos
1758 1736 1791 1791 et
1801 1722 1955 1806 Suevos,
1979 1748 2071 1816 quo-

131 1840 188 1885 am
213 1819 316 1902 sitae,
350 1822 494 1909 parebat
519 1817 710 1887 ludovico.
763 1815 909 1888 Accedit
934 1842 974 1886 eo
999 1832 1031 1885 et
1084 1840 1163 1885 rum
1191 1840 1265 1884 nou
1294 1831 1368 1886 erat
1397 1823 1694 1889 contemnendum
1718 1824 1844 1892 robur:
1880 1827 2070 1894 sedetiam

131 1920 247 1988 ovicus
273 1923 463 1991 instructus
479 1921 589 2012 copiis
608 1921 805 1990 vicinorum
824 1919 1030 2009 Principum
1083 1918 1167 2011 quia
1184 1915 1345 2006 Hungari
1367 1915 1483 1988 adhuc
1504 1923 1617 1991 securi
1649 1923 1744 1994 inter
1766 1928 2012 2018 populationes
2038 1941 2073 1996 et

131 2022 248 2091 uxiliis
272 2020 484 2094 Bobemicis.
546 2021 600 2092 lbi
625 2047 704 2092 cum
728 2022 870 2114 utrique
891 2023 935 2090 ad
961 2021 1031 2091 Ne·
1084 2015 1201 2088 adhuc
1224 2035 1489 2091 contemnentes
1512 2018 1648 2093 hostem
1671 2026 1811 2096 facilius
1834 2006 2073 2120 opprimffpo-

131 2147 189 2193 um
212 2129 381 2193 accedunt
400 2139 585 2216 aquatum,
611 2123 785 2216 praelium
800 2123 916 2193 subita
932 2147 1032 2192 occa·
1086 2137 1212 2196 terant.
1262 2123 1352 2192 Cum
1375 2124 1484 2211 igitur
1504 2127 1702 2196 accessisset
1718 2130 1761 2198 ad
1780 2124 1896 2200 hostes
1912 2126 2073 2200 Ludori-

131 2248 143 2295 s
163 2229 416 2312 committitur,
444 2228 482 2295 in
505 2251 576 2319 quo
599 2225 721 2295 multis
742 2226 923 2295 nobilibus
946 2225 1033 2294 viris
1085 2247 1163 2308 eus,
1196 2248 1261 2292 nec
1292 2227 1429 2295 cederet
1455 2223 1661 2296 Austriacus
1689 2230 1841 2301 confisus
1864 2231 2071 2319 Hungarico

131 2352 214 2420 tque
240 2331 365 2419 partim
388 2331 514 2421 captis,
541 2330 669 2420 partim
684 2328 894 2408 interfectis,
921 2349 1032 2420 aequo
1084 2327 1229 2408 robore,
1255 2329 1404 2418 opponit
1419 2327 1851 2420 Iutdovieusllungaricis
1874 2334 2073 2423 legionibus

134 2432 361 2500 ediscessum
380 2447 441 2505 est.
492 2431 589 2500 Haec
603 2431 714 2521 prima
732 2423 902 2522 σύρῥαξις
918 2443 952 2499 et
966 2433 1032 2499 do·
1085 2427 1282 2497 Boieruieas
1318 2444 1351 2498 et
1387 2432 1566 2522 equitibus
1604 2429 1818 2522 Hungaricis
1851 2435 2072 2505 Fridericum

131 2558 154 2602 u
180 2535 398 2622 sapientibus
422 2536 536 2618 esrrit,
562 2533 622 2626 qui
641 2531 830 2601 Cadmeam
847 2532 1031 2601 victoriam
1085 2529 1341 2619 Burggravium
1367 2544 1399 2601 et
1423 2530 1712 2621 llenuebergium
1735 2560 1815 2605 curn
1838 2536 2018 2607 Francieis
2039 2550 2076 2608 et

131 2637 266 2719 rebant,
293 2637 320 2703 si
340 2638 477 2727 saepius
493 2636 742 2716 dimicaretur,
765 2649 799 2704 et
814 2633 930 2705 Duces
946 2658 1030 2705 con·
1084 2629 1269 2704 Rhenanis
1292 2636 1482 2726 equitibus.
1537 2635 1667 2723 Magna
1690 2641 1812 2707 caedes
1835 2641 2006 2732 utrinque
2021 2638 2076 2708 fa·

131 2764 213 2808 ‚ores
232 2743 273 2805 ad
295 2741 537 2831 praeliandum
553 2740 645 2810 iecit.
700 2735 820 2831 ltaque
837 2739 951 2807 soluta
968 2739 1033 2806 ob·
1086 2750 1138 2804 cta
1168 2748 1238 2820 est,
1273 2739 1386 2806 donec
1410 2736 1571 2827 llungari
1604 2740 1698 2830 pulsi
1728 2755 1762 2810 et
1784 2741 1944 2832 dissipati
1978 2755 2073 2819 sunt.

131 2862 181 2911 me,
205 2838 407 2930 Estingensi
436 2841 671 2936 quadriennio
700 2842 1031 2929 nullurflmaguum
1084 2836 1208 2908 Postea
1225 2840 1360 2932 equites
1377 2837 1551 2909 Austriaei
1570 2842 1825 2934 aliquantisper
1840 2846 2075 2914 defenderunt

131 2945 214 3015 lium
231 2945 361 3014 factum
379 2959 442 3014 est.
494 2942 562 3015 Sed
580 2968 675 3013 anno
689 2944 788 3027 mille
806 2943 878 3015 imo
895 2957 1033 3013 trecen·
1084 2938 1328 3027 Friderieum,
1354 2945 1413 3010 sed
1432 2966 1474 3011 eo
1493 2961 1593 3033 capto
1611 2944 1748 3038 reliqua
1767 2948 1957 3016 multitudo
1973 2946 2075 3039 eqni·

131 3072 169 3116 ro
185 3062 219 3117 et
238 3049 402 3116 vicesimo
420 3047 621 3116 Fridericus
640 3045 729 3116 Aust
830 3045 1032 3115 smaioreur
1086 3055 1210 3113 tumet
1227 3042 1384 3133 peditum
1401 3046 1501 3134 sugit.
1554 3042 1783 3116 Fratresduo
1799 3046 1983 3139 Principes
1997 3044 2075 3117 Au-

131 3150 233 3221 ritum
264 3153 306 3218 ad
332 3150 558 3240 Argentorati
584 3149 750 3216 viciniam
773 3146 937 3230 adducit,
970 3149 1032 3217 ubi
1085 3144 1221 3227 striari,
1248 3143 1451 3215 Friderieus
1472 3145 1669 3236 Imperator
1699 3165 1731 3218 et
1754 3149 1948 3233 Esuriens,
1983 3151 2074 3240 capti

131 3255 216 3323 ateio
239 3268 311 3322 erat
336 3255 429 3322 iuter
443 3250 658 3342 Episcopum
678 3264 713 3320 et
729 3251 832 3320 cives.
885 3249 1033 3340 Episco-
1086 3261 1179 3315 sunt.
1212 3244 2077 3344 FriderieumAustriacumcepissedicitureques,

131 3353 310 3425 lustriaco
334 3380 370 3423 se
391 3359 602 3434 adunxerat,
628 3353 721 3420 cives
737 3351 960 3421 Ludovicum
977 3374 1033 3420 re·
1086 3349 1146 3442 qui
1171 3371 1250 3417 euru
1275 3374 1356 3417 suox
1379 3352 1422 3418 ad
1447 3348 1705 3439 Burggravium
1729 3354 1887 3424 adduxit.
1940 3353 2076 3444 liupol-

131 3474 226 3541 rant,
254 3460 316 3551 qui
338 3484 383 3526 ne
406 3458 478 3526 suis
499 3459 648 3538 deesset,
677 3455 774 3525 ducit
791 3468 825 3523 et
845 3455 917 3544 ipse
936 3478 1034 3524 exer·
1087 3454 1153 3519 dus
1173 3451 1293 3520 audita
1319 3453 1410 3521 sauua
1433 3453 1544 3522 eladis
1565 3476 1692 3542 magno
1709 3479 1788 3526 cum
1807 3458 1929 3525 dolore
1947 3471 1981 3526 et
1996 3478 2076 3525 suas

131 3586 153 3629 n
177 3565 220 3629 ad
246 3562 321 3630 loca
345 3561 459 3629 vicina
483 3559 604 3629 eastris
627 3557 794 3630 hostium.
854 3555 926 3628 Ubi
950 3559 1033 3649 quia
1087 3554 1204 3644 copias
1227 3567 1260 3622 et
1281 3554 1466 3647 reliquias,
1493 3578 1582 3648 quae
1606 3558 1649 3624 ad
1675 3581 1754 3626 eum
1772 3558 2019 3628 couiluxerunt
2038 3558 2076 3626 in

133 3665 347 3756 sutrinque
373 3665 544 3732 uolebant
574 3656 716 3729 haurire
740 3673 927 3749 cognatum
951 3683 1034 3728 san-
1087 3658 1161 3725 loca
1185 3668 1260 3725 tuta
1285 3657 1436 3728 reduxit.
1492 3657 1637 3727 Factum
1663 3672 1714 3729 est
1736 3654 1803 3730 hoc
1828 3662 2002 3751 praelium
2020 3660 2078 3728 die

131 3789 204 3851 em,
231 3780 354 3837 neutra
379 3790 460 3857 pars
483 3767 524 3833 ad
550 3764 791 3832 dimicandum
815 3763 1033 3853 properabat.
1087 3758 1252 3827 vicesimo
1277 3773 1400 3828 octavo
1424 3758 1661 3850 Septembris,
1694 3759 2078 3833 auquCCCXXlll.

131 3869 170 3940 tis
193 3871 291 3962 quasi
312 3869 465 3937 induciis
479 3867 737 3967 'colloquuntur
752 3866 856 3932 etiam
872 3866 976 3933 multi
994 3891 1034 3933 ex
1087 3885 1182 3931 anno
1213 3875 1291 3950 post
1319 3862 1527 3931 electionem
1549 3865 1735 3956 utriusque
1758 3879 1893 3934 octavo.
1944 3862 2077 3933 Heari-

131 3994 195 4065 que
217 3987 336 4058 parte,
357 3986 390 4041 et
412 3974 455 4038 de
478 3992 561 4060 pace
589 3982 623 4036 et
644 3970 687 4034 de
711 3966 885 4055 coniugiis
901 3969 1034 4036 delibe-
1088 3986 1148 4033 cus
1163 3963 1242 4033 Dux
1258 3961 1423 4033 Austriae
1444 3958 1593 4034 lohanui
1610 3962 1700 4053 Regi
1716 3964 1897 4035 Boiemiae
1914 3967 2077 4038 traditur.

131 4094 154 4143 t.
207 4073 276 4144 Sed
295 4072 496 4143 Ludovi'eus
514 4070 728 4139 confirmatis
745 4093 889 4138 suorum
907 4071 1035 4139 animis
1086 4065 1291 4135 Friderieus
1320 4067 1474 4136 triennio
1498 4067 1656 4154 captivus
1679 4081 1835 4137 retentus
1859 4082 1911 4137 est
1936 4068 1971 4135 iu
1998 4092 2077 4136 arce

131 4177 295 4260 entorati,
331 4176 475 4245 adducit
502 4175 692 4243 exercitum
722 4195 785 4262 per
809 4172 937 4241 saltum
960 4171 1035 4241 Ha·
1087 4168 1202 4237 vicina
1217 4167 1350 4259 oppido
1365 4169 1494 4237 celebri
1510 4168 1667 4256 Naburg.

131 4303 254 4363 usem,
284 4293 318 4348 et
340 4279 498 4348 civitates
529 4278 573 4344 ad
599 4270 768 4346 Rhenum
791 4274 909 4345 muuit
931 4300 1035 4367 prae·
1189 4267 1275 4340 Post
1296 4271 1481 4339 victoriam
1501 4270 1705 4340 liudovicus
1728 4280 1846 4361 pacer'n
1869 4271 1907 4339 in
1926 4270 2078 4342 Germa-

131 4406 159 4453 3,
1088 4375 1148 4442 nia
1168 4374 1383 4444 constituere
1406 4386 1552 4442 conatus
1573 4386 1642 4457 est,
1667 4375 1852 4443 confirmat
1873 4398 1996 4445 eorum
2014 4375 2077 4444 be·

147 4482 288 4555 Rursus
316 4483 501 4551 biennium
526 4481 601 4549 siue
623 4481 756 4570 praelio
784 4481 917 4549 maiore
937 4470 1036 4549 abiit.
1088 4474 1345 4557 nevolentlam,
1371 4474 1433 4568 qui
1447 4485 1558 4545 'antea
1581 4494 1661 4544 cum
1684 4500 1725 4546 eo
1741 4476 1920 4545 coniuncti
1938 4478 2078 4547 lucrant

139 4610 236 4655 anuo
259 4586 447 4654 millesimo
469 4585 713 4653 trecentesimo
733 4583 1036 4652 etvicesimoter-
1089 4592 1123 4646 et
1151 4578 1276 4668 recipit
1308 4578 1544 4660 adversarios,
1577 4578 1640 4671 qui
1671 4601 1707 4646 se
1737 4580 1932 4664 dedebant,
1967 4580 2076 4648 sancit

131 4688 323 4759 l'ridericus
347 4688 552 4757 Austriarus
576 4687 696 4753 decem
718 4686 830 4754 millia
845 4684 1036 4772 Hungaro-
1089 4674 1301 4773 ἀμνηστίαν
1316 4680 1478 4749 omniurn
1496 4680 1729 4765 iniuriarum,
1755 4693 1790 4749 et
1806 4681 1918 4749 edicta
1934 4682 1979 4747 de
1997 4705 2079 4770 pace

149 4806 186 4863 et
206 4792 333 4881 viginti
358 4791 471 4858 millia
490 4786 760 4857 Austriacorum
786 4788 825 4854 iu
850 4786 1037 4856 Bavariam
1089 4780 1269 4874 proponit.
1321 4778 1400 4852 Etsi
1417 4797 1533 4852 autem
1548 4781 1735 4873 Lupoldus
1753 4804 1818 4849 nee
1836 4783 1995 4850 animum
2012 4778 2078 4852 lto·

131 4893 298 4965 tluldorff
326 4905 361 4962 et
383 4887 569 4980 Ottiugam
590 4890 710 4972 ducit,
744 4890 808 4960 ubi
832 4889 1038 4981 peregrinae
1090 4886 1204 4955 stilem
1228 4885 1395 4974 deponit,
1420 4909 1485 4955 nee
1509 4883 1676 4978 quiescit,
1698 4877 1817 4954 lamen
1834 4885 2008 4976 compesci
2026 4886 2078 4954 sa-

131 5020 168 5067 es
186 4998 316 5089 oppida
338 5008 370 5063 et
386 4994 724 5085 pogosdiripiebaut
742 5005 777 5063 et
789 4993 1038 5075 incendebant,
1090 4987 1154 5057 cile
1176 5000 1334 5077 poterat,
1367 5012 1447 5057 curu
1472 4985 1685 5057 Germaniae
1712 5011 1790 5076 pars
1816 4988 1929 5055 usaior
1950 4989 2019 5055 iam
2045 5002 2078 5055 et

131 5116 276 5170 terment
301 5098 439 5169 turbam
457 5096 701 5181 trucidabant,
726 5108 760 5164 et
777 5090 941 5164 honestas
958 5118 1037 5162 mu·
1090 5089 1281 5182 tranquilla
1297 5104 1399 5175 esset,
1426 5105 1460 5160 et
1474 5088 1748 5159 cumbudovico
1764 5091 1962 5159 coniuncta.
2007 5089 2076 5159 Sed

131 5210 213 5272 nc
236 5203 390 5291 virgines
414 5199 605 5289 rapiebant.
661 5195 733 5266 lam
757 5221 829 5266 uon
852 5196 1038 5266 cumcivi-
1091 5192 1202 5262 iuriae
1231 5192 1432 5283 pontificiae
1460 5216 1541 5260 mox
1571 5217 1611 5260 eo
1644 5216 1738 5262 anuo
1772 5205 1874 5282 capto
1896 5191 2078 5261 Friderico

137 5304 219 5376 ison
248 5305 373 5397 procul
402 5300 577 5420 apatria‚
610 5301 671 5370 sed
694 5325 773 5368 cum
796 5297 979 5389 Hungaris
1006 5313 1040 5370 et
1090 5291 1265 5364 Ecclesiae
1292 5294 1544 5367 distraxerunt.
1616 5291 1668 5363 Eu
1701 5295 1879 5365 calamitas
1908 5294 2077 5364 maiorem

131 5408 282 5479 ationem
312 5407 533 5477 barbaricam
566 5401 606 5471 in
631 5403 748 5472 media
772 5403 884 5494 patria
906 5403 1040 5472 lacien-
1092 5399 1251 5468 dolorem
1277 5397 1511 5467 stLudovico
1536 5408 1570 5463 et
1594 5396 1760 5466 omnibus
1780 5391 2081 5509 honestissuma,

131 5515 280 5580 tessara.
306 5513 408 5578 Orsa.
435 5506 612 5575 Vouxll.
1518 5494 1565 5568 19
