4680 6038
150 211 229 291 ers
700 189 864 272 naua
898 186 978 267 aa
1010 180 1338 365 aeswig
1365 186 1637 270 nantuac
2104 190 2180 267 eso

159 379 362 464 troversiis,
401 373 565 446 viderant
591 367 687 441 enim
712 378 877 460 parentes
894 362 995 455 longi
1015 375 1155 455 tempo-
1201 375 1302 435 sunt:
1334 360 1441 437 Tunc
1457 389 1536 437 mea
1558 364 1761 436 coniectura
1781 387 1857 436 non
1876 365 1946 437 luit
1966 384 2082 438 vaus.-
2120 358 2183 449 aa

160 487 213 559 ris
228 477 440 563 certamina,
464 475 550 570 quia
573 471 701 562 egressi
715 480 798 541 sant
816 492 952 539 anuum
967 464 1155 554 nonagesi-
1202 466 1251 537 cit
1274 465 1370 535 enim
1390 491 1446 536 me
1468 481 1583 539 vatem
1606 491 1747 537 morunt
1769 466 1879 558 ipsius
1898 464 2136 561 inaequalitas
2153 480 2183 539 et

161 609 278 660 muns:
305 595 407 674 pater
425 576 532 649 simul
547 571 703 653 curavit,
727 572 828 642 atad
844 568 1073 641 domesticam
1089 568 1157 637 do-
1204 566 1452 640 admirationis
1474 570 1692 659 magnitudo.
1755 566 1836 639 Non
1858 570 1953 639 enim
1974 564 2069 638 mihi
2090 565 2181 638 vide·

28 714 38 723 ·
165 688 316 761 etriaam
331 683 540 768 adiungeret
557 675 762 747 adolescens
783 673 902 744 studia
920 668 1157 762 Eloquentiae
1204 670 1336 741 bantur
1357 673 1456 760 signa
1480 672 1597 742 bonae
1628 683 1776 741 naturae
1809 694 1899 758 esse,
1932 670 2059 743 :crebri
2081 668 2180 742 linas

163 805 201 863 et
229 779 504 876 Philosophiae,
536 799 688 870 eumque
718 775 875 867 primum
905 771 1156 846 Alexandriam
1205 770 1309 857 colli,
1338 767 1480 844 humeri
1500 796 1564 865 per
1591 773 1693 844 vices·
1712 772 1965 871 subsultantes:
1999 770 2107 843 oculi
2128 793 2180 843 rs·

61 939 64 943 -
165 890 283 972 misit,
307 909 397 978 quae
417 896 503 953 tunc
526 880 596 950 luit
617 902 680 949 arx
694 876 937 947 doctrinarum
952 875 991 942 in
1011 886 1084 944 toto
1098 895 1158 962 ge-
1205 874 1364 963 gabundi
1385 886 1420 944 et
1443 888 1578 958 uates,
1611 889 1647 946 et
1669 873 1789 970 quales
1810 888 1894 946 s'unt
1916 877 1957 945 in
1979 871 2179 961 furentibus,

166 1013 253 1065 nere
268 984 425 1059 humano
441 976 641 1077 praecipua.
691 977 865 1049 Fortassis
882 991 916 1047 ct
932 1001 974 1046 eo
989 975 1158 1045 libentius
1207 977 1312 1067 pedes
1333 976 1515 1047 instabiles
1536 991 1570 1049 et
1593 978 1737 1048 crebrae
1756 977 2054 1066 geniculationes:

166 1093 281 1165 liliam
305 1114 346 1159 eo
368 1085 484 1170 misit,
522 1083 607 1177 quia
634 1094 720 1152 tunc
737 1094 817 1172 post
840 1080 986 1170 longum
1012 1077 1156 1147 exilium
1206 1091 1411 1168 carrugatas
1424 1079 1468 1148 ad
1486 1079 1756 1169 significandum
1772 1092 2035 1171 contemptum,
2058 996 2180 1199 (ιζ

169 1216 275 1267 senex
297 1183 515 1261 Athanasius
539 1208 580 1255 eo
604 1183 775 1267 redierat,
805 1183 863 1253 cui
885 1179 1043 1252 Ecclesia
1058 1191 1158 1259 ¹recte
1207 1178 1261 1247 lae
1276 1179 1407 1269 figurae
1421 1181 1559 1263 vultus,
1581 1176 1746 1252 cachinni
1760 1179 1871 1251 altum
1890 1195 2092 1273 crepantes:
2122 1200 2177 1253 u·

170 1294 326 1371 sentiens
341 1292 378 1361 in
393 1289 482 1360 urbe
495 1284 728 1356 Treviromm
743 1278 938 1376 hospitium
952 1304 1065 1352 annos
1079 1294 1157 1352 octo
1208 1294 1264 1351 tus
1285 1294 1319 1350 et
1346 1294 1493 1352 renatus
1523 1283 1600 1353 sine
1626 1305 1806 1367 sermone,
1839 1305 2020 1354 sermones
2048 1282 2176 1375 abrupti

171 1398 329 1469 dederat.
1207 1406 1282 1453 non
1304 1385 1487 1476 completis
1506 1385 1708 1472 sententiis,
1743 1384 2038 1474 interrogationes
2053 1384 2175 1455 inordi-

274 1493 367 1567 Cum
383 1506 502 1565 autern
518 1488 740 1585 eloquentiae
754 1489 916 1559 exercitia
937 1488 1071 1558 maiora
1088 1509 1159 1556 esse
1208 1497 1310 1554 natae
1334 1498 1367 1555 et
1387 1487 1465 1556 sine
1488 1510 1593 1559 caasa
1615 1490 1746 1572 factae,
1783 1488 2032 1578 responsiones
2055 1486 2175 1557 aliens:

170 1594 347 1682 Athenis,
373 1609 408 1666 et
421 1618 548 1665 sonum
565 1591 721 1664 Graecae
736 1591 878 1681 linguae
893 1591 1090 1660 suaviorem
1108 1589 1158 1658 ibi
1207 1586 1436 1679 aproposito,
1462 1590 1682 1660 necinterse
1700 1589 1968 1662 consentientes.
2021 1587 2176 1683 Sedquil

158 1725 246 1773 esse
261 1699 419 1781 audiret,
444 1710 478 1765 et
493 1695 566 1785 ipse
580 1705 705 1762 natura
721 1694 831 1780 magis
846 1694 890 1762 ad
905 1714 944 1761 ea
960 1693 1075 1762 studia
1091 1691 1160 1760 du·
1208 1689 1345 1778 singula
1366 1690 1528 1761 scribam.
1578 1690 1703 1760 Talem
1725 1705 1806 1763 ante
1827 1691 1916 1762 facta
1942 1713 2017 1760 esse
2034 1690 2177 1761 animad-

173 1816 329 1884 ceretur,
354 1793 515 1870 Athenas
529 1809 609 1888 post
625 1795 760 1887 aliquot
777 1817 888 1863 annos
904 1795 1080 1884 prolectas
1096 1806 1159 1864 est.
1208 1791 1321 1874 verti,
1346 1791 1486 1884 qualem
1510 1814 1583 1863 esse
1602 1807 1724 1886 postea
1748 1793 1787 1861 in
1814 1793 1899 1883 ipsis
1913 1793 2016 1862 factis
2029 1792 2179 1867 vidimus.

173 1901 232 1973 lhi
246 1901 419 1972 Basiliam
434 1921 537 1968 nosse
553 1897 662 1987 cepit,
688 1909 816 1966 etcum
834 1895 945 1986 patria
961 1895 1160 1965 communis
1208 1889 1304 1961 Haec
1318 1917 1398 1961 cum
1415 1893 1601 1980 vidissem,
1623 1895 1813 1965 exclamavi
1831 1918 1949 1963 coram
1964 1894 2110 1979 multis,
2132 1894 2179 1989 qai

174 2016 280 2089 esset,
304 2016 338 2073 et
357 2000 488 2071 similia
512 2010 627 2068 essent
646 1996 780 2082 stadia,
805 1997 936 2065 similes
950 1997 1161 2080 voluntates,
1208 2008 1311 2063 testes
1337 1989 1444 2066 huius
1464 1997 1534 2066 mei
1551 1997 1723 2067 sermonis
1740 2019 1813 2066 esse
1832 2008 1996 2086 possunt:
2028 1990 2067 2067 Ο
2082 2018 2180 2089 qusu-

173 2118 209 2175 et
224 2105 396 2197 quaedam
412 2114 618 2181 naturarum
633 2097 833 2183 adiunctio,
859 2099 984 2189 spretis
1008 2098 1159 2169 aliisso-
1209 2108 1284 2166 tum
1306 2097 1439 2165 malum
1469 2100 1582 2168 nutrit
1603 2096 1808 2169 Romanurn
1831 2099 2034 2190 imperium.
2094 2094 2183 2167 Hand

172 2205 313 2277 deliciis
330 2199 414 2274 haic
437 2202 500 2271 ani
523 2199 706 2271 familiaris
722 2200 799 2272 luit.
859 2197 987 2271 Narrat
1009 2201 1104 2269 enirn
1127 2211 1160 2270 et
1207 2197 1479 2287 descriptionem
1508 2194 1566 2270 hic
1593 2200 1747 2287 inserui,
1787 2213 1827 2269 ut
1859 2200 2100 2278 adolescentes
2130 2194 2182 2271 hac

173 2321 260 2380 tunc
282 2299 435 2377 Athenis
462 2303 569 2372 luisse
591 2301 874 2392 corruptissimos
901 2325 1018 2371 mores
1044 2314 1079 2371 et
1101 2302 1160 2370 in·
1208 2301 1412 2369 narratione
1445 2301 1714 2371 commonefacti
1751 2301 1905 2391 cogitent
1944 2314 2064 2390 gestus
2104 2314 2183 2372 recte

172 2408 309 2498 signem
324 2403 519 2476 iuventatis
532 2403 781 2495 petulantiam,
806 2404 890 2496 quia
907 2403 1012 2474 m'ulti
1032 2403 1161 2473 divites
1208 2402 1379 2490 regendos
1401 2423 1497 2489 esse,
1535 2416 1571 2473 et
1595 2402 1786 2473 modestiae
1810 2402 2085 2491 significationes
2108 2426 2184 2475 coa·

173 2502 386 2580 Scholastici
408 2507 488 2597 plus
525 2505 636 2574 dediti
664 2517 764 2574 erant
789 2504 902 2591 ludis,
942 2506 1160 2596 spectaculis,
1208 2503 1375 2576 siderent.

175 2608 351 2680 conviviis
377 2620 412 2677 et
433 2605 617 2677 obscoenis
633 2605 886 2697 voluptatibus,
904 2630 1011 2699 qaam
1027 2607 1160 2676 doctri·
1308 2601 1521 2681 Discesserat
1551 2601 1703 2677 Athenis
1729 2604 1902 2690 Basilius,
1937 2632 2048 2679 manu
2074 2606 2182 2678 iratris

174 2732 303 2782 narum
320 2709 457 2791 studiis,
483 2707 602 2801 plures
617 2707 720 2776 etiam
737 2707 854 2798 palam
864 2704 989 2789 Athei,
1015 2720 1049 2779 et
1063 2708 1158 2779 mal·
1209 2707 1355 2777 eductas
1372 2730 1414 2776 ex
1429 2709 1523 2795 sede,
1548 2709 1587 2778 in
1603 2734 1671 2802 qua
1687 2711 1943 2798 declamitabat,
1969 2725 2007 2782 et
2019 2711 2091 2782 iam
2103 2707 2184 2781 Gre-

174 2813 205 2885 ti
220 2812 363 2901 magieis
385 2810 521 2882 artibus
542 2809 653 2878 dediti
675 2821 789 2880 erant.
841 2805 898 2879 Ab
914 2805 971 2878 his
987 2835 1066 2899 cam
1083 2835 1158 2879 am·
1208 2809 1308 2898 gorio
1322 2804 1484 2880 Athenae
1500 2811 1654 2881 solitudo
1671 2825 1790 2894 erant,
1816 2806 1898 2906 quia
1914 2827 2011 2897 casta
2024 2812 2184 2885 meusiu-

173 2914 222 2985 bo
236 2909 468 2984 abhorrerent
483 2909 637 2981 Basilius
652 2923 685 2983 et
701 2908 912 3001 Gregorius,
939 2912 1020 3004 quia
1036 2914 1160 2982 dome·
1209 2911 1328 3000 glebat
1357 2906 1497 2982 ethnica
1524 2913 1645 2984 atalia
1666 2914 1845 2985 sodalitia.
1906 2913 2030 3004 Quare
2061 2928 2096 2986 et
2123 2913 2185 3007 ipse

174 3014 260 3086 stica
288 3014 475 3105 disciplina
496 3014 542 3083 ad
564 3035 682 3082 veram
708 3009 776 3082 Dei
799 3013 1036 3102 agnitionem,
1066 3028 1099 3084 et
1114 3015 1158 3083 ad
1210 3013 1392 3104 aliquanto
1414 3027 1494 3105 post
1514 3016 1558 3084 ad
1582 3038 1701 3085 senem
1724 3029 1860 3108 patrem
1884 3017 1998 3104 redit,
2027 3016 2183 3088 camism

173 3111 342 3186 honestos
365 3128 401 3185 et
419 3127 530 3185 castos
551 3136 667 3185 mores
689 3114 879 3184 adsuefacti
900 3116 1057 3200 fuerant,
1087 3138 1159 3185 sese
1210 3114 1426 3183 tricesimum
1469 3139 1604 3186 annam
1647 3118 1827 3207 attigisset.
1904 3115 2011 3189 Tunc
2055 3128 2183 3211 accepto

174 3217 455 3312 coniunxerunt,
486 3229 521 3286 et
540 3215 647 3285 simul
668 3215 706 3283 in
727 3217 854 3285 stadiis
877 3218 1059 3287 dor-trinae
1077 3241 1158 3307 pro·
1210 3210 1385 3305 baptismo
1408 3232 1509 3307 pater
1528 3219 1690 3288 adiunxit
1705 3244 1785 3289 carn
1800 3218 2043 3313 Presbyteris‚
2069 3219 2121 3290 ibi
2137 3219 2185 3291 di-

174 3332 365 3391 cesserunt.
410 3314 464 3389 Ex
476 3341 516 3387 ea
528 3316 764 3389 familiaritate
777 3332 853 3390 orta
867 3318 1032 3403 amicitia,
1058 3320 1160 3389 dein·
1210 3317 1357 3408 renrptis
1377 3319 1627 3390 controversiis
1650 3333 1684 3390 et
1699 3322 1856 3393 restituta
1873 3322 2068 3393 concordia
2086 3342 2185 3393 seces-

173 3424 220 3492 de
246 3443 431 3513 nunquam
455 3419 652 3510 interrupta
674 3431 746 3503 est,
796 3433 836 3489 at
866 3431 950 3489 sunt
980 3421 1160 3491 durabiles
1210 3419 1256 3488 sit
1272 3421 1315 3487 ad
1336 3413 1523 3507 Basiliam,
1549 3422 1610 3515 qui
1628 3434 1661 3492 et
1675 3423 1748 3514 ipse
1767 3447 1848 3494 cam
1863 3423 1994 3493 Lector
2007 3421 2185 3495 Caesareae

172 3522 363 3606 amicitiae,
387 3543 538 3613 quaram
553 3515 698 3589 honesta
711 3532 794 3589 sunt
809 3519 923 3589 initia.
973 3517 1021 3592 Et
1037 3546 1158 3590 verum
1209 3519 1350 3600 fuisset,
1376 3522 1496 3593 relicta
1510 3510 1622 3615 patria
1637 3536 1784 3615 propter
1797 3526 2092 3612 obtrectationes,
2112 3541 2186 3597 tart

175 3623 266 3692 illud
282 3634 351 3705 est,
377 3616 478 3691 ἅπαν
493 3615 536 3692 τὸ
548 3615 713 3712 χρηστὸν
734 3615 804 3712 τὴν
817 3621 924 3713 ἴστην
945 3619 1016 3714 ἔχει
1030 3615 1158 3717 φύσιν.
1206 3621 1249 3695 s'n
1264 3645 1328 3690 suo
1344 3624 1490 3712 praedio
1505 3649 1586 3695 cum
1601 3625 1737 3719 aliquot
1751 3626 1974 3697 auditoribus
1988 3628 2091 3699 vixit.
2140 3625 2185 3698 lbi

174 3719 231 3794 Eo
261 3735 418 3812 tempore
447 3721 546 3791 venit
567 3715 726 3791 Athenas
755 3739 789 3791 et
814 3719 973 3793 lulianus
997 3727 1157 3794 nondum
1210 3721 1317 3792 simul
1350 3725 1516 3794 tredecim
1547 3727 1651 3796 anuis
1676 3729 1884 3799 commorati
1913 3743 2017 3813 sunt,
2056 3728 2186 3799 nonio

173 3822 389 3915 Imperator,
415 3822 475 3891 sed
495 3822 564 3891 iarn
579 3845 620 3890 ex
636 3817 755 3891 schola
770 3824 956 3895 accersitas
972 3827 1017 3895 ad
1035 3847 1160 3916 regen·
1209 3824 1339 3914 ignavo
1355 3827 1452 3912 ocio,
1475 3828 1536 3898 sed
1553 3829 1877 3919 inprecationibus,
1901 3843 1936 3900 et
1953 3830 1992 3898 in
2006 3829 2187 3902 collatione

171 3926 255 3995 dam
268 3920 443 4006 Galliam,
467 3935 502 3993 et
521 3945 664 4014 sperans
686 3924 886 4014 imperium.
936 3924 1006 3998 Hic
1027 3929 1160 3998 confir·
1209 3926 1440 4017 scriptoram,
1464 3929 1594 4024 quibas
1606 3929 1791 4001 universae
1805 3928 1912 4001 Asiae
1924 3928 2189 4005 Ecclesisseru·

170 4026 285 4096 mavit
301 4027 404 4097 etiam
422 4025 668 4115 improbomrn
683 4026 866 4096 audaciam
880 4022 1052 4115 Athenis,
1075 4031 1158 4124 qaia
1210 4028 1374 4115 diebant,
1423 4045 1457 4102 et
1490 4032 1674 4103 veritatem
1714 4032 1988 4123 propugnabant
2028 4034 2188 4107 adversus

171 4122 337 4199 Ethnicis
352 4150 425 4198 sese
440 4126 664 4211 venditabat,
688 4139 724 4197 et
740 4124 866 4215 Magos
883 4131 1099 4212 consulebat,
1125 4146 1159 4203 et
1209 4130 1380 4216 Arianos,
1406 4128 1616 4203 Manicheos
1642 4145 1677 4202 et
1701 4134 1789 4204 alios
1804 4134 1952 4207 furores.
2008 4132 2187 4224 Quantam

172 4223 393 4298 Christianos
421 4229 685 4317 aspernabatur.
732 4223 788 4299 Ex
812 4224 867 4298 his
892 4232 1052 4303 moribus
1073 4247 1158 4304 tunc
1209 4234 1342 4302 bouum
1365 4233 1411 4304 sit
1437 4229 1567 4306 habere
1589 4235 1727 4305 fidelem
1752 4233 2013 4330 παραστάτην,
2049 4252 2084 4311 et
2099 4240 2190 4311 velut

172 4351 314 4427 quoque
345 4329 583 4398 coniecturam
615 4329 777 4401 lecerunt
809 4330 929 4416 multi,
971 4348 1156 4425 rapturum
1208 4328 1400 4416 Achatem,
1426 4358 1468 4406 er
1490 4337 1600 4408 veteri
1622 4336 1811 4430 proverbio
1830 4351 1955 4409 notum
1979 4351 2044 4409 est.
2094 4338 2189 4413 Duo·

172 4450 247 4499 esse
278 4429 577 4514 dominationem,
617 4441 651 4500 et
685 4446 937 4503 renovaturum
970 4436 1155 4506 saeviciam
1207 4436 1274 4506 bus
1290 4434 1422 4526 pariter
1435 4439 1613 4510 euntibus.

172 4530 341 4601 adversus
358 4525 598 4619 Christianos,
629 4543 670 4601 ut
690 4556 764 4602 non
785 4534 898 4604 multo
920 4550 1000 4624 post
1017 4538 1155 4612 accidit.
1307 4536 1465 4608 Multam
1483 4539 1593 4631 igitar
1612 4539 1746 4631 proluit
1762 4535 1938 4613 Ecclesiae
1953 4539 2086 4617 horam
2104 4546 2189 4617 duo·

169 4627 305 4724 Estque
333 4631 541 4720 insigniret
571 4632 748 4704 luculenta
781 4634 970 4726 descriptio
993 4651 1154 4729 gestuum
1206 4661 1287 4706 rum
1309 4638 1533 4727 coniunctio,
1563 4665 1643 4712 cam
1666 4642 1755 4712 alter
1785 4643 1935 4716 alteram
1964 4660 2130 4719 moneret
2158 4664 2189 4723 et

170 4731 301 4803 Iuliani
320 4736 413 4824 apud
435 4730 714 4818 Nazianzenum,
739 4758 779 4805 ex
803 4735 1154 4828 quibusvaticinatus
1205 4740 1446 4827 confirmaret,
1488 4756 1522 4812 et
1560 4742 1665 4811 ambo
1700 4747 1959 4819 consentientes
1991 4748 2189 4822 vicindrom

169 4847 238 4920 est,
258 4834 374 4927 qualis
387 4835 529 4905 laturus
545 4846 645 4907 esset.
1205 4841 1431 4911 concordiam
1459 4843 1661 4916 retinerent.
1719 4842 1789 4915 Sed
1818 4859 1998 4941 utrunque
2021 4846 2123 4922 Deus
2150 4876 2188 4925 es

268 4933 348 5005 Etsi
366 4937 460 5004 enim
483 4959 629 5025 magnae
645 4948 727 5006 sunt
742 4935 896 5008 latebrae
911 4953 1092 5029 pectorum
1113 4942 1151 5010 in
1205 4941 1266 5010 illo
1282 4942 1486 5013 dulcissimo
1502 4967 1637 5016 secessu
1659 4944 1697 5013 in
1712 4947 1822 5017 aciem
1840 4950 1927 5020 etin
1946 4972 2077 5041 magna
2091 4976 2189 5044 pree·

163 5034 339 5128 improbis
362 5050 396 5106 et
418 5039 562 5121 astutis,
594 5050 627 5106 et
642 5036 849 5109 artificiosae
863 5055 946 5110 sunt
966 5040 1103 5111 ironiae
1117 5057 1151 5115 et
1202 5043 1250 5114 lia
1274 5036 1408 5115 eduxit.
1463 5042 1637 5116 Basiliam
1659 5047 1772 5138 patria
1794 5051 1932 5122 vocavit
1952 5051 1998 5120 sd
2019 5047 2188 5149 Episcopi

164 5139 395 5207 consiliorum
414 5138 682 5209 occultationes:
714 5151 832 5209 tamea
847 5154 992 5211 naturae
1005 5167 1149 5233 perver-
1202 5167 1348 5229 manus,
1381 5146 1445 5215 abi
1469 5170 1550 5216 cam
1580 5145 1796 5237 Imperatore
1824 5149 1975 5224 Valente
1999 5177 2129 5244 magna
2157 5158 2188 5228 ei

163 5238 245 5307 sitas
260 5263 301 5307 ex
317 5240 524 5311 monstrosis
538 5241 692 5329 gestibus
708 5254 742 5311 et
758 5240 837 5310 aliis
854 5241 964 5330 signis
986 5244 1148 5315 animad-
1199 5247 1388 5317 certamina
1399 5248 1554 5320 fuerunt.
1606 5247 1819 5340 Gregoriam
1834 5274 1937 5323 senex
1960 5266 2063 5344 pater
2074 5278 2189 5348 egres-

159 5338 248 5408 verti
269 5356 393 5429 potest.
452 5340 571 5413 Verba
592 5338 806 5414 Nazianzeni
829 5345 874 5416 de
895 5343 1035 5417 Iuliano
1060 5338 1146 5418 haec
1198 5369 1403 5419 susannam
1416 5348 1684 5441 nonagesimum
1701 5352 1770 5425 sibi
1783 5353 1965 5442 adiunxit,
1990 5358 2189 5433 atrloceret
