4680 6038
82 197 125 279 ts
528 212 535 221 ··
646 195 809 277 unct,
844 195 924 276 ult
961 197 1206 281 ututtott.
1242 199 1524 285 SCHURFF.
2044 224 2095 299 aa

78 396 248 451 consensu
263 371 463 446 statuissent
478 392 516 443 se
529 369 703 445 electuros
721 395 794 446 esse
810 375 988 462 eundum,
1012 372 1060 448 ne
1109 389 1199 448 esset
1217 389 1321 450 autor
1339 401 1454 450 norae
1473 380 1609 451 formae
1629 378 1784 477 imperii.
1832 384 1905 461 Sed
1920 391 2092 488 quicquid

76 475 267 552 Germama
299 470 556 547 distraheretur
586 471 792 549 Electorum
827 477 1059 555 dissensione.
1108 477 1194 559 erit,
1240 503 1383 552 oremus
1413 479 1528 553 Deum
1561 495 1744 557 aeternum
1774 501 1910 581 patrem
1941 488 2090 568 Domini

72 579 144 654 Nec
168 578 349 673 peregrini
374 575 491 669 Reges
517 577 676 649 accersiti
707 591 812 659 sunt,
831 579 916 662 ,nisi
940 583 1058 668 semel,
1106 578 1219 652 nostri
1234 578 1313 653 lesu
1323 576 1477 668 Christi,
1500 583 1564 678 qui
1580 585 1743 660 condidit
1756 612 1868 680 genus
1881 586 2091 686 humanum,

71 706 151 754 eum
167 681 232 752 alii
247 679 437 752 Allonsum
452 677 671 773 Hispanum,
696 679 759 751 alii
772 678 969 754 Ricardum
978 679 1058 753 An·
1106 696 1140 754 et
1164 697 1310 776 propter
1334 680 1530 756 Ecclesiam
1555 700 1671 759 serrat
1694 690 1832 786 aliquas
1856 694 2017 785 politias,
2049 715 2089 775 ut
2112 728 2118 734 ·

68 783 168 877 glum
186 793 418 857 attraxerunt.
1104 784 1295 856 clementer
1327 787 1465 876 mitiget
1499 787 1746 880 impendentes
1780 795 2013 885 mutationes,
2052 817 2089 877 et

143 881 225 955 ·De
240 879 391 955 Alionso
406 906 481 954 non
503 882 653 955 dubium
677 897 730 956 est
755 885 961 959 accersitum
982 909 1056 958 esse
1105 898 1263 977 protegat
1294 888 1333 957 in
1363 883 1420 958 his
1453 889 1659 979 regionibus
1690 888 1866 967 Ecclesiae
1899 913 1933 968 et
1965 924 2087 973 earum

66 998 214 1081 propter
237 986 464 1056 excellentem
486 985 694 1079 sapientiam
718 999 751 1058 et
771 988 959 1071 virtutem,
991 989 1054 1084 qui
1104 983 1267 1080 hospitia.
1319 987 1369 1062 Et
1387 989 1522 1062 diutius
1542 1005 1656 1063 servet
1671 992 1710 1063 in
1729 994 1919 1069 Germania
1936 1001 2088 1091 legitimi

65 1102 186 1160 tamen
202 1110 283 1157 cum
301 1099 390 1157 esset
407 1081 666 1179 Philosophus,
688 1101 724 1159 et
740 1089 909 1161 dimicare
923 1093 967 1160 de
982 1091 1053 1161 im·
1102 1089 1243 1182 imperii
1273 1092 1397 1179 decus,
1441 1105 1540 1184 regat
1570 1094 1677 1165 etiam
1704 1092 1911 1192 Principum
1937 1104 2087 1191 animos,

65 1189 165 1284 perio
189 1211 263 1259 non
283 1189 405 1274 vellet,
435 1213 638 1283 quanquam
659 1185 834 1260 Basileam
855 1194 972 1278 venit,
998 1206 1053 1263 ta-
1103 1215 1149 1262 ne
1169 1194 1344 1265 aut'odiis
1365 1208 1426 1266 ant
1446 1194 1641 1266 ambitione
1660 1197 1797 1279 incensi
1819 1203 1970 1291 patriam
1995 1206 2086 1276 dila-

65 1315 148 1361 men
167 1291 293 1360 volens
307 1291 410 1361 cessit
429 1292 554 1363 relicto
574 1286 642 1361 hoc
657 1293 861 1366 certamine.
913 1291 1052 1386 Anglus
1102 1307 1236 1364 cerent:
1284 1299 1344 1366 sed
1367 1306 1516 1369 utsunt
1537 1298 1695 1387 cognati,
1736 1300 1784 1372 ita
1811 1302 1883 1372 sint
1906 1305 2000 1375 inter
2025 1328 2086 1377 se·

65 1395 135 1465 cito
147 1405 312 1463 mortuus
326 1406 387 1463 ost
1101 1419 1182 1465 vore
1199 1393 1392 1480 Germani,
1416 1422 1490 1467 non
1511 1399 1627 1470 fucata
1647 1399 1894 1474 benevolentia
1917 1427 1990 1476 sese
2005 1432 2085 1476 mu·

166 1492 354 1565 interdum
389 1493 494 1565 etiam
526 1495 639 1565 furiae
674 1496 874 1588 pontificiae
906 1497 1051 1567 luerunt
1100 1511 1162 1568 tuo
1187 1499 1475 1589 complectentes,
1496 1513 1532 1570 et
1548 1500 1653 1572 saluti
1672 1505 1854 1576 communi
1871 1502 2085 1580 Germaniae

64 1618 190 1667 causae
207 1596 436 1666 dissidiorum
453 1593 746 1669 interlllectores.
783 1594 920 1670 Etnon
936 1598 1049 1667 multo
1100 1612 1135 1671 et
1151 1599 1350 1672 vicinarum
1365 1602 1523 1691 gentium
1540 1603 1738 1674 consulant.
1787 1604 1884 1678 Dixi.

64 1710 143 1768 ante
155 1695 322 1767 Pontifex
339 1696 524 1769 Romanus
546 1713 691 1769 conatus
707 1713 759 1770 est
780 1694 876 1769 hunc
898 1722 1048 1768 nervum

64 1799 225 1890 imperii,
258 1799 423 1869 videlicet
452 1800 507 1868 ius
537 1800 737 1886 electionis,
767 1801 900 1891 insigni
922 1801 1050 1870 astutia

64 1901 218 1970 abolere.
270 1898 360 1970 Nam
374 1897 592 1991 Episcopum
606 1901 859 1991 Moguntinum
874 1900 1049 1974 Comitem

65 1999 308 2091 lsenhergium
333 2002 492 2095 obligare
514 2003 628 2074 voluit
652 2003 790 2075 Aeneas
814 2003 976 2098 Sylvius,
1004 2027 1049 2074 nc
1099 1971 1164 2045 ΝΟ·
1184 1971 1269 2048 ¹4²·
1920 2009 1970 2054 ⁸¹¹·
1988 1988 2084 2055 ¹⁵⁵4·

1105 2068 1277 2098 Μ
1906 2076 2078 2106 Μ

64 2124 221 2196 unquam
247 2102 317 2171 nisi
346 2105 562 2174 adsentiente
582 2102 748 2177 Romano
770 2105 940 2177 Pontibcc
966 2103 1049 2174 Μο-

64 2204 236 2295 guutiuus
256 2201 438 2274 Electorcs
461 2222 684 2278 convocaret.
742 2194 822 2296 Q'ua
846 2207 884 2276 in
907 2232 944 2277 re
969 2231 1048 2275 cum
1333 2179 1409 2264 De
1437 2177 1624 2266 Hieron·
1654 2174 1851 2295 Sciturff·

63 2328 133 2376 sou
148 2305 381 2376 assentiretur
396 2305 649 2397 Moguntinus,
675 2309 784 2379 sensit
799 2309 935 2379 fulmen
958 2333 1049 2401 pon·
1166 2333 1486 2391 mutuaverunt.
1501 2333 1549 2392 ttt.
1567 2335 1661 2458 &aaa
1674 2353 1751 2407 sqq,
1776 2337 1905 2420 tttebard.
1924 2339 1956 2398 tt.
1975 2360 2003 2414 ρ.
2016 2343 2085 2407 ata,

63 2408 229 2493 tiirium,
254 2409 316 2478 sed
330 2431 352 2476 a
365 2406 548 2480 Friderico
563 2408 726 2481 Palatino
742 2411 883 2483 fortiter
898 2424 932 2481 et
947 2410 1050 2480 loeli-
1202 2403 1320 2484 ⁸?‘V‘⁸¹·
1333 2402 1365 2461 T·
1379 2403 1426 2459 ¹¹¹·
1439 2423 1465 2474 t·
1478 2403 1538 2460 ΙΙΙ·
1603 2422 1657 2459 ¹²¹⁰
1669 2416 1816 2477 separaum
1827 2410 1905 2465 ²⁶¹¹&
1936 2408 1981 2467 et.
1991 2411 2085 2471 snos.

64 2510 148 2581 citer
181 2510 348 2579 defensus
379 2523 444 2582 est.
501 2509 685 2582 Postremo
719 2514 873 2584 ostendit
907 2512 1048 2583 duratio
1202 2471 1270 2528 m
1284 2471 1353 2528 Μ’
1372 2471 1499 2530 NM‘

63 2609 237 2681 divinitus
259 2606 351 2681 hanc
375 2610 517 2704 imperii
540 2614 691 2683 tonnam
723 2628 757 2686 et
786 2615 984 2687 institutam
1014 2627 1050 2685 et
1099 2652 1228 2721 man-0
1276 2648 1322 2721 de
1361 2652 1442 2720 „pm
1483 2651 1764 2743 Hieronymg
1810 2651 2084 2750 Schmun,

62 2727 305 2831 contemptu
328 2735 420 2798 ⁸⁸³0,
449 2716 532 2806 ‘1⁰5³
558 2738 671 2785 ”⁰⁰⁰⁸
697 2717 851 2835 flffllffi'lff
874 2718 1050 2835 ‘lulni‘n'
1099 2756 1201 2825 lurie
1226 2756 1422 2846 scitiusque
1444 2750 1637 2840 Ductoris,
1675 2758 1841 2826 recitata
1871 2779 1896 2827 u
1925 2759 2085 2832 1).Μί-

62 2828 115 2885 tos
129 2829 262 2884 mansu
278 2809 364 2885 baec
377 2815 510 2902 forma,
535 2831 639 2911 atquc
655 2832 793 2888 utmam
813 2820 949 2889 dmuus
971 2842 1048 2888 eam
1379 2875 1399 2925 0
1408 2851 1546 2925 gagg,
1578 2852 1801 2927 proagoro,

62 2915 164 2989 Deus
176 2931 373 2989 conservet.
412 2915 484 2989 seu
498 2919 736 3011 plurimorum
752 2943 942 3010 regnorum
960 2921 1051 2991 iata-

62 3020 111 3091 les
140 3018 285 3111 periodi
309 3020 456 3090 inerunt
486 3023 573 3090 anni
603 3023 799 3115 quingenti.
864 3020 923 3093 Ab
953 3022 1050 3094 exitu
1098 3006 1245 3095 Mirum
1266 3036 1337 3104 est,
1361 3047 1444 3095 cusu
1465 3024 1582 3112 legum
1607 3034 1640 3092 et
1663 3022 1772 3094 totius
1791 3026 1930 3097 ordinis
1950 3030 2086 3120 politici

62 3118 306 3192 Israelitarum
318 3146 360 3192 ex
374 3117 536 3217 Aegypto
550 3139 633 3196 sunt
650 3125 695 3195 ad
711 3124 939 3196 Salomonem
963 3123 1050 3194 anni
1100 3126 1287 3198 manifesta
1300 3125 1347 3197 sit
1360 3124 1496 3196 utilitas
1503 3137 1545 3212 ⁸et
1559 3118 1790 3216 pulchritudo
1799 3175 1811 3208 ,
1833 3141 1952 3199 tamen
1967 3134 2086 3202 omni·

62 3221 204 3295 circiter
219 3221 415 3317 quingenti.
466 3222 614 3295 Indead
632 3226 776 3296 exilium
791 3223 1051 3321 Babylonicum
1100 3231 1169 3299 bus
1190 3228 1410 3318 temporibus
1429 3226 1537 3296 fuisse
1559 3224 1711 3304 multos,
1753 3228 1816 3319 qui
1845 3253 1921 3299 non
1946 3245 2085 3303 tantum

61 3347 185 3396 rursus
216 3324 417 3418 quingenti.
483 3320 871 3420 Areditu'quingenti
894 3328 940 3397 ad
962 3326 1050 3396 ulti·
1100 3329 1263 3400 licentiae
1293 3327 1486 3418 cupiditate
1516 3327 1670 3396 oderunt
1697 3327 1905 3418 disciplinae
1934 3333 2087 3421 vincula,

61 3451 161 3500 suurn
179 3426 370 3498 excidium.
431 3423 484 3498 Ac
505 3429 724 3518 significatur
744 3424 803 3500 lsic
822 3452 991 3500 numerus
1012 3428 1052 3497 in
1101 3429 1288 3503 sedetiam
1312 3428 1423 3513 alios,
1460 3451 1613 3522 quorum
1635 3429 1802 3499 nonnulli
1826 3446 2008 3522 praetextu
2029 3457 2085 3506 sa·

61 3525 212 3600 Daniele
226 3552 307 3598 cum
320 3529 360 3601 fit
373 3531 508 3600 mentio
525 3532 747 3623 septuaginta
772 3527 1052 3621 hebdomadum,
1101 3532 1267 3627 pientiae,
1286 3531 1392 3601 multi
1405 3543 1585 3621 praetextu
1598 3528 1780 3618 religionis
1796 3534 1979 3604 vociferati
1992 3551 2089 3623 sunt,

62 3643 259 3725 quaesunt
280 3631 369 3701 anni
391 3632 642 3725 quadringenti
675 3651 710 3707 ct
731 3634 937 3724 nonaginta.
995 3628 1051 3704 Ac
1101 3646 1217 3706 totum
1235 3629 1333 3703 hunc
1345 3633 1509 3703 ordinem
1525 3626 1694 3702 honestae
1716 3649 1752 3706 et
1774 3634 1890 3705 civilis
1912 3635 2005 3707 vitae
2027 3638 2087 3708 in·

62 3758 161 3805 nunc
175 3747 352 3826 postrema
370 3735 494 3804 mnndi
512 3752 672 3806 senectus
689 3750 752 3807 est.
805 3735 926 3825 Quare
949 3735 1051 3805 valde
1102 3738 1231 3808 iustam
1246 3735 1471 3830 tyrannidem
1488 3757 1579 3820 esse,
1597 3734 1688 3804 sicut
1702 3737 1797 3827 apud
1806 3733 1990 3807 Platonem
2005 3740 2087 3833 qui-

63 3837 254 3906 metuenda
277 3851 327 3907 est
354 3830 461 3908 huius
483 3837 618 3908 formae
644 3837 812 3925 mutatio,
845 3835 1051 3931 praesertim
1101 3842 1184 3910 dam
1206 3839 1320 3927 legem
1343 3837 1506 3907 nominat
1525 3851 1730 3931 tyrannum.
1786 3834 1836 3909 Et
1856 3840 1954 3931 quod
1976 3841 2087 3931 magis

63 3960 148 4008 cum
168 3937 277 4008 etiam
291 3936 431 4008 'l'urcos
455 3962 702 4029 progressuros
726 3964 800 4010 esse
822 3940 928 4011 multi
949 3963 1053 4033 prae-
1102 3941 1235 4011 mirum
1256 3953 1326 4023 est,
1357 3962 1438 4009 cum
1461 3963 1529 4008 vox
1551 3937 1672 4006 divina
1697 3938 1736 4007 in
1752 3933 1910 4009 Ecclesia
1933 3942 2086 4014 maxime

66 4038 232 4113 dixerint.
284 4036 332 4109 Et
357 4036 534 4112 lohannes
558 4039 682 4111 Hilten
704 4042 959 4115 Franciscanus
979 4039 1053 4111 lse·
1102 4056 1206 4113 ornet
1219 4042 1312 4131 leges
1326 4053 1361 4110 et
1375 4041 1521 4132 imperia
1531 4090 1546 4128 ‚
1572 4053 1689 4110 tameu
1711 4040 1785 4108 sere
1806 4041 1976 4111 omnibus
1989 4059 2085 4115 acta-

62 4140 227 4211 naceusis
261 4141 402 4233 scripsit
441 4167 536 4213 anno
573 4145 763 4215 millesimo
802 4144 1051 4215 sexcentesimo
1102 4146 1197 4218 tibus
1212 4143 1329 4233 vagati
1345 4156 1428 4212 sunt
1443 4141 1586 4211 fanatici
1604 4139 1765 4230 spiritus,
1790 4141 1852 4233 qui
1866 4164 1988 4212 omnes
2003 4167 2085 4214 ner-

62 4240 206 4313 Turcos
227 4243 266 4313 in
292 4240 488 4316 Germania
517 4255 551 4316 et
576 4243 679 4317 ltalia
700 4246 946 4318 dominaturos
967 4268 1053 4318 esse.
1102 4270 1166 4318 vos
1195 4239 1362 4317 honestae
1393 4242 1570 4314 societatis
1598 4240 1821 4328 inciderunt,
1865 4245 2085 4319 sustulerunt

61 4341 231 4417 Narravit
261 4345 368 4416 etiam
399 4348 557 4439 optimus
589 4346 758 4440 Princeps
778 4347 860 4420 Dux
880 4347 1053 4420 Saxoniac
1103 4351 1182 4421 iura
1220 4347 1400 4437 coniugii,
1452 4358 1486 4414 et
1523 4341 1787 4415 distinctionem
1821 4343 2084 4434 Dominiorum,

63 4442 211 4519 Elector
230 4442 428 4532 lohannes,
454 4451 598 4519 fratrem
620 4465 654 4522 et
677 4473 715 4519 se
735 4451 973 4521 adolescentes
992 4473 1053 4519 co·
1103 4454 1363 4522 damnaverunt
1384 4445 1631 4536 Magistratus,
1656 4443 1785 4534 Leges,
1812 4444 1959 4523 Iudicia,

62 4550 209 4620 mitatoa
238 4573 312 4619 ease
344 4564 477 4640 patrem
504 4554 547 4621 ad
573 4549 815 4622 Maximiliani
834 4553 1054 4635 electionem,
1207 4551 1313 4621 Tales
1347 4552 1484 4619 furores
1522 4548 1818 4618 circumtulerunt
1853 4549 1973 4619 statim
2007 4563 2087 4642 post

63 4650 188 4746 ibique
222 4648 392 4722 Iudaeum
435 4652 666 4724 vaticinatum
708 4677 801 4739 esse,
846 4669 933 4726 tunc
970 4653 1054 4743 eligi
1105 4653 1296 4748 Apostolos
1311 4645 1884 4743 temporelldrianiImperatoris,
1906 4646 2086 4723 Haeretici

63 4768 284 4847 postremum
319 4751 573 4825 Germanicum
608 4753 873 4847 imperatore..
937 4754 1054 4826 'lanta
1105 4759 1144 4827 in
1170 4755 1293 4829 multis
1326 4752 1431 4825 Asiae
1461 4765 1497 4823 et
1520 4751 1661 4821 Africae
1689 4750 1794 4836 locis,
1843 4747 2087 4841 Carpocrates,

64 4879 147 4927 cum
162 4857 354 4927 autoritate
370 4850 455 4927 haee
466 4856 661 4950 praedictio
682 4881 800 4950 sparsa
822 4871 875 4928 est
881 4909 894 4942 ,
916 4870 956 4928 nt
968 4854 1056 4928 Ele-
1105 4857 1267 4930 Martion
1300 4870 1334 4927 et
1358 4855 1487 4926 deinde
1508 4850 1654 4936 Manes,
1696 4850 1778 4946 qui,
1815 4850 1899 4945 quia
1924 4846 2116 4924 homiues'

63 4972 181 5031 stores
200 4975 317 5028 vatem
340 4957 443 5029 illum
467 4962 511 5029 ad
537 4981 574 5029 se
595 4974 828 5042 accerserent,
859 4973 894 5031 et
914 4958 1055 5050 longio-
1104 4960 1207 5031 facile
1230 4958 1421 5050 capiuntur
1441 4954 1612 5047 opinione
1632 4968 1668 5026 et
1689 4976 1750 5045 spe
1770 4952 1886 5024 divini
1906 4953 2087 5040 consortii,

63 5083 142 5131 reru
178 5059 451 5153 explicationem
481 5060 693 5151 flagitarent.
768 5059 838 5134 llic
871 5063 1057 5154 respondit
1106 5062 1323 5133 simulabant
1351 5061 1390 5130 in
1412 5057 1486 5129 suis
1506 5054 1752 5146 congressibus
1771 5055 1908 5127 subitas
1928 5069 2088 5126 conster-

63 5161 179 5235 alium
198 5175 379 5254 potentem
396 5157 648 5255 Imperatorem
671 5177 751 5254 post
765 5161 1056 5235 Maximilianum
1106 5164 1288 5248 nationes,
1336 5160 1507 5253 suspiria,
1553 5153 1752 5252 lachrymas
1789 5171 1824 5229 ct
1852 5156 1942 5229 alios
1971 5170 2088 5247 gestus

65 5279 274 5337 secuturum
289 5287 374 5348 esse,
397 5264 461 5358 qui
476 5287 583 5354 regna
597 5278 740 5336 externa
755 5265 861 5337 etiam
877 5289 1058 5356 possessu-
1107 5279 1181 5337 arte
1207 5265 1323 5345 lictus,
1366 5276 1405 5334 ut
1433 5261 1687 5354 persuaderent
1706 5259 1805 5344 aliis,
1846 5281 1884 5329 se
1905 5282 1986 5330 cum
2010 5256 2088 5330 Deo

63 5389 129 5439 rus
143 5378 256 5454 esset,
281 5368 342 5437 sed
363 5382 483 5440 ortum
504 5390 524 5437 a
541 5365 807 5450 Maximiliano,
833 5368 897 5464 qui
916 5369 1057 5442 iuturus
1108 5366 1286 5463 colloqui,
1317 5379 1352 5437 et
1371 5363 1565 5510 insipapent
1584 5361 1730 5444 stultos,
1761 5374 1803 5433 ut
1821 5375 2021 5454 sperarent,
2051 5384 2088 5430 se
