4680 6038
149 188 226 267 nol
273 204 275 208 ³
767 240 771 247 .
857 176 886 254 l.
925 167 1221 254 CHRONlCON
1250 168 1502 252 camonis,
2120 184 2197 265 008

152 362 330 456 gimsnns,
346 358 444 454 quod
459 357 582 428 dextra
597 352 742 445 longior
752 352 862 424 fuerit
876 377 983 448 quam
993 349 1149 423 sinistra.
1198 347 1264 421 tim
1280 347 1376 420 tristi
1390 349 1559 423 oervitute
1572 372 1761 445 oppressae
1773 367 1868 443 sunt,
1892 379 1974 429 cnm
1987 381 2192 449 grassaren·

150 465 338 539 Laudatur
365 462 440 532 eius
457 459 623 544 bonitas,
655 480 763 551 quam
789 456 896 528 etiam
926 453 1085 526 ostendit
1108 453 1149 520 in
1198 465 1258 523 tur
1282 466 1472 545 perpetuae
1499 456 1621 525 caedes
1643 456 1683 527 in
1708 456 1877 546 urbibus,
1902 475 1941 533 ut
1958 458 2136 558 Mitylene
2152 480 2190 539 et

152 562 400 642 munificentia
422 561 641 655 amplissima
664 582 746 652 erga
764 554 972 631 Ecclesiam.
1026 557 1148 646 Quare
1197 555 1273 646 ipsa
1297 555 1384 626 urbs
1403 553 1541 643 Attica,
1568 573 1603 630 et
1624 560 1719 631 bella
1735 585 1777 632 ex
1795 563 1899 635 bellis
1914 588 2007 637 nova
2031 567 2186 639 subinde

152 668 279 744 ludaei
293 667 457 752 tradunt,
480 688 560 735 eum
578 663 685 735 luisse
699 660 817 733 filium
836 658 937 732 Darii
953 672 988 731 et
1004 653 1147 730 Esther.
1197 671 1276 730 orta
1291 671 1385 729 sunt.
2161 734 2168 747 ,

153 772 289 846 Fu'erat
309 782 429 842 autem
455 766 648 859 impeditus
675 765 813 836 reditus
837 762 1051 836 ludaeorum
1079 761 1146 833 sub
1298 755 1400 831 Anni
1425 785 1445 833 a
1468 761 1550 853 luga
1575 764 1702 837 Xerxis
1725 770 1905 864 usquead
1929 770 2074 843 initium
2097 772 2189 845 belli

152 873 330 970 Cambyse
358 884 394 943 et
416 868 526 941 Dario
556 869 630 941 filio
655 865 860 964 Hystaspis,
890 881 931 938 ut
959 878 1146 936 consenta·
1196 860 1491 955 Peloponnesiaci
1505 881 1589 938 sunt
1605 871 1875 965 qninquaginta.
1927 871 2008 945 Hoc
2028 889 2188 967 tempora

151 1000 266 1050 neum
288 989 342 1047 est
362 987 508 1067 propter
531 968 746 1067 Aegyptiace
769 971 875 1042 bella.
927 970 997 1041 Sed
1022 980 1146 1062 pacato
1196 966 1349 1038 maxime
1379 969 1502 1040 floruit
1531 967 1703 1059 Graecia,
1742 990 1776 1046 et
1805 977 1994 1067 praecipue
2027 992 2188 1049 creverat

115 1138 119 1143 .
153 1076 330 1166 Oriente,
360 1078 572 1150 Artaxerxes
600 1074 844 1164 Longimanus
860 1073 1045 1144 renovavit
1063 1069 1146 1141 'edi-
1197 1064 1421 1142 Athenarum
1448 1075 1623 1163 potentia,
1656 1100 1762 1170 quam
1786 1075 2045 1151 Demosthenes
2067 1081 2189 1174 inquit

153 1197 254 1256 etum
269 1180 376 1277 Cyri,
401 1193 437 1252 et
452 1178 557 1251 iussit
572 1178 693 1268 perfici
707 1177 989 1248 aedificationem
1007 1173 1146 1246 leroso-
1196 1173 1350 1243 tenuisse
1372 1175 1612 1267 principatum
1636 1179 1729 1248 inter
1753 1178 1909 1251 Graecos
1935 1205 2049 1252 annos
2063 1197 2135 1254 tres
2151 1196 2188 1254 et

153 1287 273 1382 lymae
290 1299 324 1355 et
342 1284 478 1376 templi.
529 1282 584 1353 Ac
597 1304 693 1350 anno
713 1295 810 1350 sexto
826 1280 925 1370 regni
941 1277 1145 1350 Artaxerxis
1196 1276 1438 1370 septuaginta,
1465 1301 1658 1350 numerans
1676 1282 1840 1354 videlicet
1857 1307 2005 1354 annosa
2023 1282 2186 1356 Cimonis

152 1388 373 1478 Longimani
390 1385 514 1478 templi
529 1383 727 1454 aedificatio
741 1384 904 1455 absoluta
919 1396 982 1456 est.
1195 1378 1373 1461 victoriis,
1407 1404 1519 1475 usque
1544 1384 1587 1451 ad
1609 1383 1836 1478 Lysandrum
1852 1384 2187 1472 Lacedaemonium,

167 1538 170 1543 -
258 1488 350 1561 Cum
381 1490 490 1579 igitur
521 1487 617 1579 apud
645 1484 850 1576 llaggaeum
880 1498 915 1557 et
936 1479 1145 1555 Zachariam
1195 1481 1260 1575 qui
1287 1483 1445 1554 obsessas
1476 1479 1637 1557 Athenas
1668 1487 1889 1558 deditionem
1914 1489 2030 1561 facere
2060 1490 2187 1582 coegit.

153 1591 367 1663 nominatur
401 1589 551 1674 Darius,
598 1588 761 1682 plerique
795 1584 892 1660 hunc
925 1584 1144 1660 Artaxerxen
1195 1580 1284 1656 Erat
1306 1599 1424 1657 autem
1442 1611 1632 1659 commune
1654 1590 1779 1661 foedus
1795 1588 2037 1679 Graecorum,
2060 1592 2187 1689 nequi

153 1694 420 1785 Longimannm
448 1692 672 1780 intelligunt,
713 1691 777 1785 qni
805 1707 840 1763 et
868 1715 963 1763 anno
993 1690 1144 1782 septimo
1195 1688 1275 1756 aliis
1289 1688 1382 1759 bella
1398 1689 1589 1776 inferrent,
1615 1694 1676 1763 sed
1693 1705 1734 1764 ut
1748 1694 2009 1765 controversiae
2022 1718 2186 1767 commu·

154 1798 258 1888 regni
281 1799 337 1868 sui
359 1796 458 1867 misit
481 1792 634 1867 Esdram
655 1818 737 1866 eum
763 1817 890 1887 magna
913 1792 1146 1865 multitudine
1196 1790 1236 1858 ni
1269 1789 1404 1861 iudicio
1432 1793 1697 1867 dirimerentur.
1755 1794 1825 1866 Sed
1859 1795 2063 1871 inciderunt
2090 1799 2187 1870 inter

155 1897 390 1983 ludaeorum,
421 1912 455 1970 et
481 1921 562 1968 cum
585 1897 814 1990 amplissimis
841 1899 947 1968 donis
969 1894 1145 1989 lerosoly-
1196 1891 1422 1981 Megarenses
1444 1907 1479 1966 et
1501 1891 1739 1968 Athenienses
1762 1896 1921 1969 deano
1937 1901 2082 1971 incenso
2097 1925 2185 1972 con-

155 2025 273 2087 mam,
299 2005 344 2072 ad
362 2001 630 2072 instaurandam
647 2000 823 2091 politiam.
1196 1997 1393 2082 tentiones,
1427 2009 1573 2089 propter
1599 2024 1703 2093 quem
1728 1995 1845 2070 Attica
1878 2002 2003 2071 civitas
2028 2004 2184 2074 edictum

260 2102 466 2194 Cogitemus
480 2117 617 2184 antem,
643 2127 748 2197 qnam
764 2099 921 2174 difficilis
935 2099 1145 2171 instauratio
1195 2100 1380 2191 proposuit
1396 2100 1433 2167 in
1449 2097 1692 2190 Megarenses,
1717 2116 1757 2173 ut
1772 2126 1792 2171 a
1810 2116 1916 2194 portu
1937 2103 2057 2175 Attico
2072 2105 2184 2176 absti-

155 2206 285 2291 l'uerit‚
312 2231 393 2277 cum
419 2206 528 2276 vicini
554 2206 658 2275 bellis
681 2228 758 2274 eam
785 2207 959 2296 impedire
972 2225 1147 2274 conaren-
1196 2215 1340 2287 nerent,
1364 2226 1430 2272 nec
1447 2202 1568 2274 lic'eret
1590 2207 1639 2273 eis
1657 2204 1798 2294 ingredi
1813 2202 1852 2273 in
1869 2219 2000 2275 terram
2013 2204 2183 2281 Atticam.

157 2322 239 2393 tur,
265 2308 418 2378 etmulti
439 2307 560 2378 ludaei
574 2308 706 2378 reversi
720 2331 761 2377 ex
778 2309 886 2397 longo
911 2306 1017 2377 exilio
1035 2308 1146 2397 legem
1196 2303 1250 2375 De
1265 2299 1332 2375 bac
1348 2304 1481 2375 iniuria
1499 2329 1579 2376 cum
1598 2305 1823 2397 Megarenses
1836 2310 1931 2401 apud
1944 2306 2187 2380 Lacedaemo·

157 2422 194 2479 et
210 2433 326 2479 mores
341 2411 474 2502 patrios
487 2410 593 2482 obliti
607 2423 740 2492 essent,
767 2426 803 2484 et
823 2411 1014 2480 difficulter
1028 2405 1148 2479 Oeco-
1196 2407 1275 2477 nios
1291 2408 1405 2501 questi
1422 2421 1555 2494 essent,
1579 2423 1707 2500 petunt
1728 2407 2020 2497 Lacedaemonii,
2045 2425 2086 2482 nt
2107 2412 2187 2481 edi·

155 2512 297 2580 nomias
320 2513 559 2584 instituerent.
610 2511 682 2584 Sed
698 2508 783 2583 haec
803 2513 1029 2583 incommoda
1044 2510 1147 2580 leniit
1196 2523 1292 2579 ctum
1324 2510 1417 2579 illud
1449 2512 1607 2582 tollatur.
1664 2510 1817 2584 Pericles
1854 2514 2002 2599 fatetur,
2041 2537 2186 2585 eausam

154 2608 266 2697 Deus,
287 2614 567 2707 quiArtarerxis
581 2615 742 2686 animum
757 2617 806 2686 ita
822 2616 966 2685 flexerat
980 2615 1025 2683 ad
1042 2626 1147 2685 tuen·
1197 2612 1308 2704 ipsam
1333 2635 1407 2680 non
1432 2614 1554 2701 magni
1576 2614 1750 2685 momenti
1776 2635 1868 2696 esse,
1900 2617 1961 2685 sed
1984 2617 2186 2709 exemplum

155 2714 222 2784 dos
251 2728 287 2785 et
310 2716 487 2787 iuvandos
513 2712 679 2803 ludaeos,
710 2730 752 2787 ut
781 2742 855 2788 non
885 2718 1047 2787 videatur
1076 2739 1147 2785 un·
1196 2737 1271 2784 non
1286 2714 1511 2784 tolerandum
1527 2737 1611 2786 esse.
1652 2714 1777 2787 Postea
1792 2715 2094 2792 Lacedaemonios
2107 2740 2190 2791 ms·

155 2839 264 2910 quam
280 2818 319 2885 in
335 2841 462 2909 genere
478 2815 636 2890 humano
655 2819 746 2888 alins
765 2816 958 2891 monarcha
981 2842 1061 2910 erga
1077 2814 1147 2887 Ec·
1197 2817 1272 2888 iora
1294 2817 1530 2909 imperaturos
1555 2840 1650 2905 esse,
1676 2819 1706 2888 si
1730 2842 1827 2890 nunc
1843 2820 1883 2890 in
1898 2844 1937 2891 re
1958 2845 2068 2915 parva
2082 2823 2186 2905 cede-¹

155 2919 298 2989 clesiam
311 2923 578 2995 munificentior
591 2923 709 2996 suisse.
763 2920 872 2995 Dedit
892 2923 997 2995 etiam
1016 2923 1146 3011 guber·
1196 2932 1285 2989 rent.
1337 2917 1414 2988 llac
1436 2921 1704 3011 exaggeratione
1727 2944 1802 2992 rem
1818 2921 1961 2993 deducit
1977 2925 2022 2994 ad
2039 2918 2187 3010 bellum,

156 3033 300 3092 statores
311 3024 487 3116 sapientes
501 3040 536 3097 et
550 3026 711 3108 loelices,
737 3023 942 3115 Haggaeum
956 3037 991 3095 et
1008 3018 1147 3093 Zacba-
1197 3036 1237 3092 nt
1254 3023 1471 3112 suspiciones
1487 3036 1524 3092 et
1544 3024 1672 3095 astutia
1695 3046 1736 3094 ac
1759 3023 1957 3095 virulentae
1972 3024 2186 3120 interpreta-

156 3122 269 3205 riam,
294 3122 467 3212 Esdram,
491 3123 701 3199 Nehemism
715 3140 750 3199 et
764 3127 871 3206 alios,
897 3127 1036 3219 luitque
1054 3127 1148 3195 inter
1195 3126 1311 3196 tiones
1323 3148 1425 3217 saepe
1439 3136 1524 3195 sunt
1536 3147 1660 3195 canuc
1674 3148 1883 3215 magnomm
1902 3128 2111 3200 bellorum..
2131 3127 2191 3203 lts·

152 3227 364 3321 praecipuos
388 3225 524 3299 Esdrae
551 3230 691 3299 labores
722 3225 1010 3321 propheticorum
1033 3229 1148 3297 libro-
1197 3229 1242 3296 ab
1257 3227 1380 3316 exigua
1394 3247 1497 3298 cansa
1519 3227 1653 3297 bellum
1676 3229 1887 3298 diuturnum
1907 3244 1942 3300 et
1957 3231 2099 3301 exitiale
2120 3229 2186 3302 toti

153 3350 239 3400 rum
264 3329 445 3418 collectio,
481 3346 516 3404 et
532 3331 735 3404 studiorum
757 3332 940 3402 doctrinae
957 3330 1148 3416 institutio,
1198 3327 1369 3399 Graeciae
1385 3343 1505 3401 ortum
1520 3343 1584 3415 est,
1610 3330 1702 3401 sicut
1716 3329 2043 3424 Pindarusinquit:
2070 3332 2193 3404 Parva·

151 3430 241 3524 quia
269 3429 449 3505 Ecclesiae
480 3435 752 3505 fundamentum
788 3448 839 3505 est
864 3433 1029 3505 doctrina
1062 3458 1148 3526 pro-
1196 3433 1349 3502 scintilla
1369 3456 1471 3525 saepe
1488 3454 1651 3523 magnam
1667 3433 1804 3527 sylvam
1820 3436 2011 3509 comburit.

152 3527 317 3625 phetica,
343 3536 517 3609 divinitus
535 3538 678 3609 tradita.
1299 3533 1466 3606 Secundo
1492 3535 1579 3605 belli
1605 3557 1702 3606 anno
1724 3557 1826 3606 saeva
1849 3551 1884 3610 ct
1908 3536 2083 3610 inusitata·
2109 3537 2187 3609 lues

165 3668 169 3679 ·
260 3634 370 3709 Anno
386 3640 553 3710 vicesimo
568 3637 793 3726 Artaxerxis,
818 3640 947 3710 missus
964 3651 1016 3710 est
1028 3632 1147 3709 Ncbe-
1197 3632 1350 3708 Athenis
1365 3637 1457 3710 etin
1476 3637 1607 3709 vicinia
1621 3640 1772 3728 grassari
1787 3640 1921 3731 coepit,
1947 3664 2038 3734 quae
2059 3664 2191 3733 corpoa

151 3737 248 3806 mias
264 3763 306 3809 ex
318 3738 504 3837 Babylone
521 3740 792 3837 lerosolymam,
815 3743 878 3837 qui
896 3757 930 3814 et
948 3743 1147 3832 sumptibus
1196 3764 1236 3810 ra
1257 3740 1476 3811 inllammata
1501 3740 1551 3812 sic
1574 3742 1715 3826 urebat,
1746 3754 1789 3812 ut
1809 3744 1967 3813 membra
1990 3743 2186 3836 putrefacta

150 3853 191 3912 et
206 3837 423 3914 authoritate
436 3845 575 3916 adiuvit
594 3846 873 3916 aedificationem
889 3866 1089 3929 murorum,
1113 3857 1148 3916 et
1196 3843 1290 3914 intra
1314 3867 1445 3936 pancos
1466 3843 1543 3914 dies
1563 3844 1787 3930 deciderent,
1816 3845 1856 3913 in
1879 3847 1960 3915 aliis
1982 3847 2113 3937 capita,
2146 3844 2186 3914 in

149 3965 283 4016 usuras
298 3940 503 4039 probibuit,
530 3948 661 4041 quibus
674 3949 799 4041 inopes
820 3948 1148 4040 alocupletioribus
1197 3947 1278 4017 aliis
1295 3941 1460 4032 brachia,
1484 3945 1526 4018 in
1550 3946 1630 4016 aliis
1652 3948 1776 4036 pedes,
1801 3960 1836 4017 et
1857 3949 2070 4018 accedebant
2086 3949 2188 4018 luro-

152 4040 471 4122 exbauriebantur.
524 4047 578 4122 lta
595 4050 671 4122 Deo
689 4051 835 4124 iuvante
859 4051 1031 4144 paulatim
1054 4064 1148 4122 certa
1197 4072 1273 4136 res,
1299 4049 1338 4118 in
1361 4049 1494 4143 quibus
1514 4049 1577 4118 alii
1598 4071 1672 4119 sese
1695 4049 1903 4140 praecipites
1924 4048 1962 4119 in
1981 4062 2105 4141 puteos
2119 4051 2187 4120 ab·

151 4149 259 4218 sedes
268 4146 444 4222 Ecclesiae
459 4155 496 4222 in
508 4151 637 4224 ludaea
652 4154 814 4226 restituta
824 4166 887 4239 est,
912 4154 1000 4225 etin
1017 4175 1147 4243 magno
1198 4152 1386 4237 iiciebant,
1417 4153 1479 4221 alii
1504 4151 1585 4221 aliis
1607 4151 1723 4220 modis
1746 4174 1820 4221 sese
1836 4153 2049 4245 perdebant,
2074 4163 2109 4222 et
2123 4174 2187 4222 ex-

151 4249 310 4343 impsrio
335 4252 476 4326 Persico
498 4268 584 4327 nota
608 4258 699 4343 suit,
725 4270 766 4327 ut
783 4256 889 4328 multi
907 4256 993 4327 inde
1013 4256 1146 4326 doctri·
1197 4255 1428 4344 tinguebatur
1447 4254 1618 4325 memoria
1638 4253 1744 4324 etiam
1769 4252 1809 4322 in
1831 4249 1906 4339 his,
1932 4254 1997 4348 qui
2019 4254 2188 4325 convale-

152 4375 243 4423 nam
258 4368 377 4446 petere
396 4372 549 4448 possent.
600 4355 649 4431 Et
666 4358 853 4431 mediocris
875 4359 915 4430 in
938 4356 1068 4431 Iudaea
1082 4382 1149 4450 pax
1197 4359 1353 4433 scebant.
1403 4354 1523 4428 Huius
1538 4355 1761 4456 pestilentiae
1774 4355 1813 4428 lit
1829 4357 1966 4428 mentio
1982 4357 2078 4450 apud
2093 4354 2187 4446 Hip-

113 4524 131 4547 ,
151 4454 248 4537 tuis,
271 4480 384 4553 usque
398 4463 441 4531 ad
457 4461 601 4556 tyranni
615 4456 712 4534 Ochi
725 4475 897 4554 tempora.
1197 4473 1397 4554 porratam,
1421 4461 1485 4555 qni
1507 4472 1594 4531 tunc
1617 4458 1722 4544 vixit,
1746 4470 1781 4529 et
1798 4458 1931 4530 dicitnr
1952 4456 2020 4531 boc
2036 4458 2188 4530 consilio

783 4582 788 4591 ·
1198 4586 1277 4633 eam
1301 4586 1321 4635 a
1342 4559 1526 4634 Thessalia
1547 4562 1742 4653 depulisse,
1766 4560 1923 4633 incensis
1944 4559 2072 4659 sylvis,
2103 4580 2188 4631 curn

485 4635 574 4703 Μ’
599 4635 824 4706 ‘mem‘
1198 4668 1303 4736 flatus
1333 4680 1522 4737 ventomm
1552 4665 1598 4734 ab
1629 4660 1748 4735 Attica
1776 4664 1985 4736 adserebant
2013 4661 2189 4754 contagia.

262 4763 396 4839 Scribit
420 4762 668 4864 Thucydides,
694 4765 792 4840 hunc
807 4764 1027 4840 Artaxerxen
1050 4791 1149 4841 mor·
1198 4766 1272 4841 Nec
1287 4782 1359 4841 tam
1374 4791 1476 4840 saeva
1493 4769 1569 4839 lues
1583 4767 1759 4859 descripta
1773 4766 1904 4855 legitur
1921 4766 2002 4836 aliis
2016 4764 2190 4858 tempori·
2317 4794 2325 4801 ·

153 4883 261 4944 mum
296 4891 371 4940 esse
404 4892 500 4941 anno
534 4870 684 4962 septimo
722 4872 809 4941 belli
843 4870 1150 4964 Peloponnesiaci,
1198 4873 1285 4957 bus,
1316 4871 1387 4940 nisi
1408 4895 1505 4943 anno
1536 4882 1616 4961 post
1638 4870 1794 4941 natalem
1811 4864 1945 4939 Christi
1964 4867 2079 4950 1089,
2114 4891 2188 4959 quo

153 4974 256 5067 qnod
275 4969 462 5043 Graeciam
480 4973 685 5063 gravissime
698 4974 847 5048 adllixit.
899 4970 990 5045 Nam
1013 4988 1049 5048 et
1065 4975 1149 5045 din·
1198 4997 1294 5044 annu
1311 4972 1517 5062 Sigebertns
1533 4985 1671 5056 narrat,
1695 4971 1800 5042 talem
1815 4969 2052 5064 pestilentiam
2068 4968 2190 5039 inho-

156 5090 308 5147 turnum
325 5073 411 5159 luit,
432 5074 577 5146 duravit
590 5074 686 5143 enim
703 5100 818 5147 annos
832 5091 965 5168 septem
980 5092 1015 5149 et
1032 5077 1149 5167 vigin-
1199 5072 1375 5167 tharingia
1392 5089 1584 5166 grassatam
1600 5097 1687 5145 esse.

156 5180 207 5263 ti,
232 5178 298 5251 etsi
316 5178 440 5248 breves
462 5177 626 5248 inducias
649 5176 907 5272 aliquantisper
933 5174 1082 5265 babuit,
1114 5193 1150 5252 et
1300 5175 1575 5249 Dennnciarunt
1587 5197 1732 5265 magnas
1746 5175 1960 5246 calamitates
1975 5173 2115 5266 eclipsis
2130 5196 2188 5245 so-

156 5282 294 5356 multae
314 5277 474 5351 civitates
494 5279 622 5372 partim
639 5279 802 5351 funditus
826 5281 961 5351 deletae
978 5300 1080 5362 sunt,
1106 5296 1149 5353 nt
1197 5280 1244 5349 lis
1268 5280 1373 5351 initio
1395 5280 1481 5349 belli
1504 5280 1615 5360 tacta,
1640 5297 1732 5368 qnae
1746 5276 1863 5346 medio
1883 5276 1942 5346 die
1957 5278 2120 5348 tenebras
2135 5277 2190 5347 le-

157 5387 299 5466 l’latea,
324 5381 412 5454 nrbs
423 5381 702 5478 Corcyreorum,
726 5383 813 5456 urbs
828 5380 1039 5472 Meliorem,
1065 5406 1149 5478 par·
1199 5381 1265 5465 eit,
1292 5395 1333 5455 ut
1347 5382 1468 5455 stellae
1483 5377 1791 5472 conspicerentur,
1816 5392 1852 5452 et
1865 5393 2020 5467 cometa,
2046 5379 2109 5477 qui
2131 5402 2191 5450 ar-
