4680 6038
153 232 249 311 thil
392 228 602 308 SCRIPTA
626 226 705 300 PH.
729 220 849 302 Mttu.
875 221 946 302 AD
971 223 1098 301 uisu.
1125 220 1269 302 Phor.
1291 218 1359 299 ΕΤ
1383 222 1577 305 tultos,
1602 225 1925 305 SPECTANTIA.
2079 230 2174 305 tote

203 407 313 480 alnoo
356 405 480 479 mundi
522 378 645 497 quater
667 400 856 471 millesimo
888 399 1138 471 trecentesimo
1190 398 1815 496 acceperitgladium‚gladioperibit.
1837 397 2175 473 Item:Omnisani·

356 506 568 597 sexagesimo
594 519 702 575 sexto.
1190 526 1259 588 rua,
1283 526 1373 593 quae
1388 502 1510 572 fecerit
1526 500 1588 573 has
1603 504 1901 593 abominationes,
1922 508 2176 579 eradicabitur.

204 613 313 685 Antio
329 611 467 686 Romae
481 609 672 679 millesimo
694 605 940 678 trecentesimo
963 605 1141 701 quinqua-
1290 603 1431 675 Laudat
1444 599 1595 676 Pltocam
1614 604 1807 695 Gregorius
1816 607 2004 680 Romanus
2012 608 2175 680 Pontifex

363 715 494 804 gesimo
518 712 657 807 quinto.
1193 706 1278 777 odio
1295 705 1485 798 Mauricii‚
1512 722 1546 779 et
1570 710 1699 779 deinde
1712 707 1866 781 Romani
1885 710 2058 805 Episcopi
2083 708 2178 781 Pho·

206 816 313 890 Anno
338 813 470 888 Christi
496 811 747 885 sexcentesimo
768 824 905 906 quarto.
1194 835 1253 879 cae
1273 811 1417 905 tyranni
1441 813 1582 882 decreto
1602 813 1682 881 freti
1707 814 1950 904 praetulerunt
1975 838 2012 883 se
2033 818 2178 884 caeteris

1193 909 1390 1006 Episcopis.
1443 911 1538 1002 Quia
1553 911 1610 985 hic
1624 916 1781 986 fortassis
1805 931 1846 988 ut
1860 913 2015 987 Romam
2033 913 2179 987 haberet

535 992 568 1061 Ρ
580 985 674 1059 '⁸⁰⁰
693 1007 756 1056 αδ·
1193 1019 1313 1086 miuus
1330 1022 1590 1098 contumacem,
1615 1019 1716 1088 iussit
1733 1017 1939 1090 Romanum
1956 1016 2176 1112 Episcopum

256 1118 403 1194 Phocus
424 1123 593 1214 ignobilis
616 1119 787 1191 Centurio
805 1113 983 1188 Thracius
1005 1138 1069 1205 per
1088 1136 1142 1183 se·
1194 1119 1410 1209 superiorem
1426 1117 1823 1211 Constantinopolitano
1847 1135 1881 1192 et
1896 1124 2049 1193 caeteris
2064 1125 2177 1191 omni·

152 1229 326 1300 ditionem
348 1227 701 1313 creatusimperator.
755 1217 1070 1293 OccisoMauricio
1093 1230 1143 1286 te-
1195 1222 1261 1291 bus
1276 1221 1347 1291 dici
1364 1235 1398 1292 et
1414 1218 1549 1295 haberi.
1601 1221 1682 1311 Qua
1698 1226 1743 1293 de
1758 1247 1796 1293 re
1810 1238 1843 1294 et
1856 1237 1962 1296 antea
1987 1227 2090 1295 rixae
2107 1250 2176 1293 mo·

100 1330 108 1337 ’
152 1332 233 1401 nuit
249 1331 438 1421 imperium
453 1352 566 1398 annos
579 1339 732 1419 septem,
758 1336 946 1394 coronatus
961 1322 999 1390 in
1014 1321 1143 1390 subur·
1194 1336 1250 1393 tae
1270 1326 1430 1409 fuerant,
1455 1349 1535 1394 cum
1550 1321 1972 1418 constantinopolitanus
1994 1352 2033 1397 se
2061 1329 2175 1398 oleor-

152 1435 247 1505 bano
263 1430 592 1522 Constantinopolis
610 1455 627 1497 a
646 1419 1021 1519 PatriarchaCyriaco.
1049 1422 1141 1492 Cum
1192 1423 1347 1518 pavente
1369 1429 1591 1514 nominaret,
1625 1452 1729 1522 quem
1753 1426 2024 1518 reprehendens
2047 1429 2176 1520 Grego-

153 1534 371 1606 Mauricium
396 1533 548 1604 interfici
576 1532 696 1617 iussit,
729 1552 810 1597 mox
834 1527 1078 1597 crudelitatem
1105 1524 1142 1592 in
1194 1530 1269 1600 rius
1293 1530 1426 1623 inquit:
1453 1525 1489 1601 O
1512 1543 1668 1622 tempora
1691 1556 1713 1600 o
1733 1556 1868 1618 mores,
1899 1535 2006 1604 ardet
2023 1535 2176 1627 undique

153 1639 229 1708 eius
255 1638 386 1707 amicos
407 1637 575 1708 exercuit.
633 1630 759 1702 Postea
792 1643 867 1702 toto
889 1630 1031 1720 imperii
1051 1642 1142 1696 tem·
1194 1633 1296 1702 bellis
1321 1634 1417 1702 orbis
1440 1647 1633 1718 terrarum,
1673 1634 1897 1707 tmcidantur
1925 1639 1973 1705 ab
2002 1638 2174 1705 idolomm

153 1764 240 1832 pore
256 1753 295 1810 ut
317 1734 426 1808 homo
451 1736 621 1828 ignobilis
651 1735 782 1803 iniuste
803 1745 926 1802 nactus
948 1731 1141 1824 potentiam
1194 1735 1390 1806 cultoribus
1412 1731 1627 1807 Christiani:
1655 1738 1821 1808 delentur
1843 1761 1863 1808 a
1886 1739 2059 1808 barbaris
2081 1741 2175 1808 urbes

152 1856 291 1915 tantum
308 1865 347 1909 ea
372 1841 416 1908 ad
441 1841 614 1931 privatam
632 1837 831 1931 nequiciam
851 1848 885 1905 et
899 1835 1141 1905 crudelitatem
1192 1850 1227 1906 et
1251 1838 1402 1931 templa,
1429 1851 1603 1908 ettamen
1630 1842 1826 1911 sacerdotes
1850 1842 1956 1912 velut
1973 1841 2170 1912 insultantes

152 1966 258 2029 usus,
284 1943 425 2013 deditus
448 1941 547 2037 lnyui
567 1955 601 2010 et
619 1939 831 2009 libidinibus
851 1939 968 2030 rapuit
988 1937 1141 2005 aliorum
1193 1942 1344 2032 publicis
1363 1941 1622 2011 calamitatibus
1637 1944 1801 2013 vanitatis
1825 1945 1981 2014 nomina
1999 1960 2171 2036 usurpant.

62 2048 66 2056 '
153 2047 339 2135 coniuges,
373 2044 505 2113 multos
526 2044 734 2113 innocentes
756 2041 954 2130 interfecit,
981 2034 1142 2108 exhausit
1192 2057 1226 2113 et
1245 2044 1404 2136 profanis
1419 2044 1533 2114 titulis
1548 2067 1585 2114 se
1605 2058 1795 2118 ostentant.

150 2148 353 2243 provincias
383 2145 538 2216 tributis.
608 2142 716 2214 Domi
748 2144 856 2233 igitur
878 2142 1085 2212 temulentia
1108 2153 1142 2210 et

151 2252 284 2343 stupris
305 2263 463 2320 retentus
494 2249 633 2318 sinebat
652 2247 844 2339 imperium
868 2246 956 2314 alibi
977 2240 1139 2323 aPersis,
1242 2247 1350 2318 Anno
1368 2249 1495 2318 mundi
1511 2260 1636 2343 quater
1650 2251 1841 2322 millesimo
1858 2252 2114 2324 trecentesimo
2128 2273 2175 2320 se-

151 2354 239 2427 alibi
255 2354 299 2422 ab
323 2350 468 2421 Hunnis
492 2364 527 2420 et
548 2349 690 2442 Cagano
715 2348 866 2433 vastari,
892 2372 931 2417 ac
951 2348 1140 2417 sceleratus
1396 2352 1614 2443 ptuagesimo
1635 2354 1750 2424 tertio.

151 2456 342 2539 exercitus,
375 2454 436 2547 qui
464 2474 672 2545 conspersus
696 2452 766 2522 suit
785 2452 957 2541 sanguine
976 2449 1139 2521 Mauricii
1241 2450 1351 2523 Anno
1374 2450 1513 2525 Romae
1542 2455 1733 2527 millesimo
1764 2460 2021 2530 trecentesimo
2044 2479 2174 2544 sexage-

129 2559 285 2629 .moxin
304 2553 455 2627 Oriente
476 2579 608 2647 poenas
630 2555 739 2626 dedit.
792 2551 917 2623 Victor
939 2553 1035 2622 enim
1051 2549 1140 2622 Cos-
1188 2547 1193 2555 ’
1395 2557 1484 2625 simo
1501 2557 1619 2632 tertio.

151 2664 232 2734 coiis
247 2662 386 2729 duobus
403 2660 541 2747 magnis
557 2657 700 2749 praeliis
715 2655 888 2725 trucidata
904 2678 1030 2744 magna
1045 2654 1139 2722 mul·
1241 2659 1350 2729 Anno
1366 2654 1499 2731 Christi
1514 2662 1763 2732 sexcentesimo
1786 2663 2023 2739 duodecimo.

152 2762 305 2834 titudine
326 2761 484 2852 reliquos
508 2759 655 2830 abduxit
678 2756 845 2849 captivos.
904 2754 1048 2847 Eripuit
1062 2753 1138 2826 Ro·
1734 2835 1742 2851 ·

151 2864 268 2938 manis
295 2860 568 2957 lerosolymam,
604 2875 637 2932 et
661 2860 754 2928 inter
784 2853 968 2930 thesauros
997 2882 1137 2927 crucem
1541 2832 1812 2904 Remini&

150 2968 287 3051 avexit,
314 2979 348 3036 et
373 2986 536 3054 magnam
560 2958 848 3035 Christianorum
870 2961 1137 3033 multitudinem
1290 2951 1491 3031 Heraclius
1504 2960 1709 3035 Heracliani
1735 2966 1911 3057 praesidis
1927 2966 2063 3038 Africae
2077 2965 2166 3033 lilios

150 3071 291 3143 occidit.
342 3062 542 3161 Occupavit
557 3066 717 3164 Syriam,
739 3078 775 3135 et
790 3064 920 3135 multas
936 3063 1139 3157 provincias
1190 3071 1294 3128 natus
1310 3061 1349 3128 in
1374 3064 1507 3134 familia
1533 3068 1700 3158 patricia,
1723 3094 1803 3139 eum
1821 3071 1964 3141 occisus
1979 3081 2067 3139 esset
2077 3063 2172 3136 Pho·

151 3173 342 3268 populatus
365 3183 428 3241 est.
1189 3185 1265 3247 cas,
1292 3186 1373 3233 mox
1396 3190 1570 3238 consensu
1588 3170 1741 3242 Senatus
1763 3185 1797 3241 et
1822 3174 2049 3244 exercituum
2065 3172 2172 3261 impe-

256 3271 343 3345 Cum
366 3273 476 3361 igitur
497 3282 669 3365 tyrannus
692 3262 830 3340 Phocas
859 3268 898 3336 in
927 3267 1011 3338 odio
1039 3280 1139 3351 esset,
1188 3278 1285 3335 rator
1300 3267 1489 3344 factusest.
1523 3269 1657 3344 Tenuit
1682 3272 1870 3365 imperium
1891 3299 2011 3347 annos
2025 3275 2171 3363 triginta.

151 3402 225 3449 non
240 3376 354 3445 solum
373 3371 515 3468 populi,
539 3374 601 3442 sed
618 3372 724 3442 etiam
741 3371 960 3464 principum,
986 3371 1137 3439 coniun·
1188 3363 1325 3437 Eodem
1347 3371 1405 3440 die
1430 3387 1465 3444 et
1488 3389 1677 3446 coronatus
1700 3391 1753 3449 est
1775 3375 2025 3449 aPatriareha
2042 3374 2172 3469 Sergio,

152 3493 239 3571 gunt
256 3501 292 3548 sc
309 3470 472 3561 Priscae,
497 3475 558 3568 qui
569 3472 738 3544 Mauricii
753 3488 913 3566 tempore
927 3473 1020 3543 inter
1038 3497 1133 3563 prae·
1189 3483 1224 3540 et
1251 3472 1352 3541 duxit
1375 3498 1520 3545 uxorem
1536 3475 1682 3547 Fabiam
1700 3477 1921 3562 Sodomam,
1957 3507 2054 3576 quae
2076 3479 2171 3550 simul

152 3582 276 3673 cipuos
301 3581 406 3648 duces
425 3579 558 3662 fuerat,
585 3590 618 3645 et
642 3590 728 3646 tunc
744 3571 884 3646 Phocae
904 3598 1012 3666 gener
1025 3577 1137 3659 factus
1188 3590 1355 3646 coronata
1372 3591 1433 3650 est.
1484 3577 1633 3651 Duabus
1649 3585 1754 3654 rebus
1777 3584 1943 3653 maximis
1959 3585 2116 3676 insignis
2128 3596 2171 3650 est

152 3699 246 3762 erat,
273 3695 307 3749 et
323 3676 575 3750 Heraclianus
592 3679 733 3748 Africae
747 3702 905 3771 praeses,
931 3692 963 3748 et
979 3670 1138 3746 Photius
1189 3675 1300 3767 ipsius
1315 3681 1543 3768 gubernatio,
1569 3708 1719 3777 quarum
1736 3687 1844 3758 altera
1868 3687 1985 3758 foelix
2009 3689 2098 3772 fuit,
2121 3708 2169 3753 re·

153 3785 253 3856 cuius
267 3806 411 3853 uxorem
429 3778 565 3851 Phocas
579 3794 756 3874 rapuerat,
782 3804 907 3874 resque
923 3782 973 3850 ita
990 3781 1139 3861 instrui·
1188 3780 1321 3871 pressio
1345 3777 1501 3853 Cosroae
1527 3783 1659 3855 Persici
1680 3790 1789 3879 regis,
1828 3787 1942 3860 altera
1976 3791 2172 3862 calamitosa

154 3901 228 3971 tur,
252 3887 428 3957 uteodem
447 3897 603 3975 tempore
621 3876 773 3953 Priscus
791 3879 988 3952 Thracium
1005 3884 1137 3952 exerci-
1188 3882 1355 3952 universo
1381 3887 1500 3973 generi
1525 3881 1701 3977 humano,
1746 3893 1912 3964 videlicet
1941 3894 2052 3967 initia
2074 3907 2174 3965 sectae

154 4006 248 4075 tum,
294 4002 328 4060 et
360 3986 595 4058 Heraclianus
629 3984 839 4056 Africanum
863 3987 909 4054 ad
930 3982 1136 4056 Constanti·
1188 3984 1596 4074 etrcgniMahometici.

154 4092 303 4184 nopolin
320 4093 520 4175 adducant,
547 4102 580 4157 et
598 4083 748 4158 Photius
764 4112 844 4158 cum
861 4101 960 4180 parte
983 4088 1137 4158 militum
1289 4086 1343 4158 De
1358 4084 1414 4158 his
1429 4093 1555 4162 ordine
1578 4095 1767 4166 dicendum
1790 4110 1858 4168 est:
1884 4096 2084 4171 Heraclius
2100 4124 2172 4190 pace

155 4192 305 4284 Regiam
330 4207 487 4282 occupet,
541 4189 756 4286 Quanquam
781 4203 899 4260 antem
918 4189 1138 4262 Praetoriani
1187 4189 1278 4258 facta
1295 4216 1374 4261 cum
1393 4189 1535 4284 Cagano
1552 4221 1615 4288 per
1629 4198 1759 4289 legatos
1774 4201 1880 4270 etiam
1902 4226 2032 4293 pacem
2059 4204 2173 4296 petivit

157 4320 274 4365 arcere
313 4295 492 4363 venientes
523 4295 638 4365 conati
663 4306 763 4363 sunt:
799 4305 918 4363 tamen
948 4293 1139 4364 Africanus
1189 4288 1367 4380 aCosroe',
1389 4297 1453 4390 qui
1468 4299 1538 4368 iam
1558 4312 1594 4370 et
1610 4297 1860 4397 lerosolymam
1876 4307 2079 4397 populatus
2096 4322 2174 4395 erat,

158 4395 329 4465 exercitus
341 4395 525 4465 trucidatis
551 4397 671 4484 paucis
694 4395 907 4466 temulentos
930 4395 1010 4464 illos
1035 4396 1137 4466 dissi·
1190 4407 1226 4463 et
1240 4392 1379 4488 Syriam
1394 4415 1645 4493 occupaverat,
1671 4419 1707 4474 et
1722 4406 1917 4496 nonaginta
1938 4409 2058 4479 millia
2075 4403 2171 4480 Chri·

157 4498 272 4590 pavit,
298 4511 332 4568 et
349 4499 472 4566 urbem
490 4496 665 4583 ingressus
682 4511 744 4569 cst.
798 4491 947 4566 Photius
972 4513 1138 4590 occupata
1189 4497 1386 4567 stianorum
1404 4502 1653 4589 tmcidaverat,
1669 4532 1740 4601 quo
1759 4520 1919 4600 tempore
1939 4510 2070 4582 ludaei
2088 4513 2170 4582 mul·

157 4596 269 4689 Regia
290 4600 380 4691 cepit
394 4593 570 4687 Phocam,
596 4612 629 4669 et
649 4604 692 4668 ad
709 4597 913 4669 Heraclium
936 4599 1048 4670 filium
1066 4599 1140 4671 He·
1190 4613 1245 4670 tos
1277 4596 1500 4674 Christianos
1534 4623 1709 4690 emerant,
1755 4624 1795 4681 ut
1829 4635 1889 4681 eos
1922 4614 2169 4685 interficerent.

161 4701 305 4770 racliani
327 4703 451 4770 ducem
471 4696 631 4769 Africani
661 4703 832 4773 exercitus
864 4702 1021 4773 adducit.
1082 4702 1137 4773 lbi
1189 4701 1390 4794 Respondit
1412 4721 1527 4778 autem
1550 4706 1718 4793 Cosroiis,
1761 4737 1797 4782 se
1826 4738 1900 4783 non
1927 4718 2168 4810 depositurum

161 4801 290 4872 milites
314 4803 466 4872 adducto
483 4797 620 4872 Phocae
643 4799 785 4872 brachia
806 4816 842 4874 et
865 4805 971 4894 pedes
994 4806 1138 4876 mutila·
1190 4827 1263 4873 esse
1287 4829 1403 4892 arma,
1437 4811 1551 4879 donec
1576 4813 1793 4903 perfecisset,
1825 4830 1864 4886 ut
1888 4814 1991 4889 Deus
2015 4818 2168 4891 Persicus

162 4915 257 4979 runt.
315 4903 484 4974 Scribunt
509 4918 541 4973 et
565 4917 768 4973 exectaesse
798 4907 983 4997 pudenda,
1019 4920 1138 5001 postea
1190 4906 1389 4994 coloretur,
1415 4912 1545 4982 abolita
1562 4915 1786 4989 invocatione
1800 4919 1876 4989 eius
1891 4917 1982 5002 Dei,
2003 4925 2070 5018 qui
2085 4925 2166 4993 dice-

162 5017 265 5094 caput
279 5005 473 5094 praecisum
492 5018 555 5079 est.
1189 5022 1288 5079 retur
1309 5013 1495 5084 crucifixus
1521 5039 1605 5088 esse.
1656 5016 1837 5092 Auxerant
1861 5026 2074 5115 superbiam
2090 5026 2166 5098 Cos·

262 5104 332 5175 llic
347 5107 415 5177 fuit
430 5107 540 5225 exitus
557 5108 718 5199 tyranni,
745 5107 806 5199 qui
824 5123 924 5178 antea
948 5109 1139 5201 imperato·
1186 5134 1271 5181 roae
1286 5115 1422 5202 priores
1437 5139 1614 5189 successus
1623 5116 1762 5193 Phocae
1773 5137 1950 5217 tempore,
1978 5144 2014 5200 et
2030 5149 2166 5221 magnae

162 5225 235 5270 rem
252 5205 576 5277 snumMannciom
594 5208 825 5292 interfecerat,
846 5224 880 5280 et
895 5224 1012 5299 postea
1030 5213 1153 5282 multa·
1189 5215 1412 5286 difficultates
1434 5234 1533 5290 erant
1548 5219 1706 5294 Heraclii
1730 5227 1835 5297 etiarn
1860 5247 2015 5323 propter
2043 5236 2163 5303 ducum

164 5305 289 5421 scelera
307 5309 454 5429 addidit.
490 5304 720 5430 Agnoscatur·
736 5333 817 5400 ergo
834 5325 867 5430 et
882 5312 920 5380 in
936 5307 1004 5382 hoc
1022 5336 1139 5382 exem·
1188 5317 1383 5407 perfidiam.
1435 5318 1504 5392 Sed
1529 5346 1570 5393 eo
1593 5328 1743 5401 alacrius
1766 5324 1860 5402 hosti
1886 5338 2069 5421 occurrit,
2094 5333 2162 5430 quit

164 5401 223 5493 plo
240 5404 380 5494 rraDn,
402 5409 614 5481 denunciata
631 5435 668 5482 m
683 5408 739 5481 his
754 5415 901 5504 regulis:
929 5410 1061 5486 Omnis
1076 5416 1140 5510 qui
1187 5442 1262 5489 non
1285 5420 1427 5514 imperii
1450 5447 1554 5499 cause
1569 5440 1739 5526 tantum,
1750 5434 1810 5505 sed
1826 5436 1944 5509 multo
1958 5442 2076 5534 magis
2089 5460 2162 5533 pro·
