4680 6038
160 221 256 338 toli
518 271 521 275 .
719 215 747 292 1.
798 210 1091 291 CHRONICON
1115 210 1363 293 CARIONIS.
1410 213 1537 291 PARS
1561 213 1610 292 ll.
1868 267 1875 284 .
2070 216 2171 293 tote

156 407 192 466 et
205 394 280 484 ipse
293 391 331 461 in
346 387 512 461 convivio
525 390 756 460 obtruncatus
774 401 836 462 est.
888 386 976 458 Mox
997 399 1032 456 et
1055 410 1135 456 suc·
1186 385 1328 459 Totilae
1351 387 1602 479 patefecerunt.
1654 386 1756 462 Gotti
1782 390 1930 481 ingressi
1943 391 2071 461 urbem
2083 411 2166 483 pas·

156 518 272 567 sessor
298 494 373 563 eius
397 493 600 562 interfectus
630 505 691 564 est.
749 487 805 563 lta
826 489 920 560 intra
948 488 1133 560 biennium
1184 491 1251 561 sim
1281 489 1407 561 obvios
1434 492 1668 579 interficiunt,
1699 495 1738 564 lit
1768 494 1940 587 direptio,
1973 506 2007 563 et
2037 514 2163 581 magua

157 599 248 670 duos
264 617 361 684 reges
377 592 477 664 Gotti
493 594 755 665 interfecerunt.
1185 614 1266 685 pars
1296 592 1536 663 aedificiorum
1565 595 1731 666 incendio
1759 595 1860 687 perit.
1919 593 2022 666 lubet
2042 592 2167 664 Totila-

259 693 350 768 Cum
373 695 481 785 igitur
504 709 539 767 et
552 693 726 767 Romanis
750 693 855 765 bellis
878 706 914 765 et
936 691 1147 762 domesticis
1184 707 1220 765 et
1240 693 1489 766 murosdirui.
1543 692 1701 790 Cumque
1723 711 1831 768 totam
1862 697 1987 767 urbem
2008 693 2162 767 Romam

159 799 346 871 discordiis
361 798 518 890 potentia
537 793 677 868 Gottica
701 796 918 886 lauguefacta
942 807 1049 881 esset,
1073 817 1135 863 rex
1185 793 1286 867 Cotti
1311 796 1427 865 delere
1450 797 1582 869 vellent
1593 797 1736 890 Pelagio
1752 797 1922 870 Pontifice
1942 801 2168 889 deprecante,

159 899 352 972 Gottorum
376 897 497 970 Totila
519 899 631 971 lactus
650 912 719 984 est,
755 897 817 990 qui
838 894 938 968 brevi
970 919 1134 986 magnam
1184 893 1366 991 prohibuit
1401 895 1520 987 Totila
1549 903 1669 972 caedes
1697 916 1732 973 et
1763 899 1939 972 incendia.
1988 895 2067 971 Etsi
2094 890 2163 968 fuit

158 1017 295 1095 partem
308 998 431 1072 ltaliae
454 1001 602 1092 recepit,
623 1025 703 1072 cum
727 999 832 1070 initio
855 1000 996 1088 exiguas
1017 997 1135 1089 copias
1183 1013 1265 1071 aute
1279 998 1398 1074 Roma
1410 1000 1455 1071 ab
1470 997 1616 1074 Alarico
1629 1017 1664 1075 et
1678 1000 1871 1073 Gensecico
1894 1016 1994 1094 capta
2019 1015 2053 1072 et
2068 999 2164 1070 dire·

156 1101 324 1188 haberet,
353 1103 438 1196 quia
457 1098 585 1173 Graeci
605 1103 711 1173 duces
743 1112 778 1171 et
798 1100 970 1192 praelecti
985 1111 1134 1192 propter
1183 1115 1261 1193 pta,
1286 1112 1405 1171 tamen
1431 1103 1604 1176 destructa
1628 1130 1703 1176 non
1727 1105 1815 1188 fuit,
1840 1106 1901 1176 sed
1926 1105 1965 1174 in
1977 1097 2162 1174 hactertia

147 1202 382 1298 'rapacitatem
399 1204 438 1273 in
453 1204 536 1275 odio
553 1219 666 1288 erant,
687 1217 723 1277 et
736 1203 775 1273 in
789 1200 1046 1295 gubernatione
1060 1225 1135 1271 non
1186 1202 1417 1294 occupatione
1430 1206 1604 1277 destructa
1622 1223 1692 1287 est,
1718 1209 1808 1277 sicut
1828 1207 2046 1299 praedictum
2059 1202 2127 1271 fuit
2141 1224 2165 1270 a

158 1321 258 1380 erant
273 1308 479 1380 concordes.
606 1389 609 1394 ¹
1185 1303 1339 1399 Sibylla:
1364 1297 1469 1400 ῥώμη
1481 1299 1553 1398 μὲν
1565 1301 1663 1404 ῥύμη
1677 1306 1795 1381 ἔσεται
1812 1305 1875 1382 καὶ
1895 1303 2005 1401 δῆλος
2018 1299 2168 1397 ἄδηλος..

1287 1403 1516 1480 Admoneant
1546 1425 1664 1481 autem
1693 1434 1760 1482 nos
1791 1405 1948 1501 exempla
1983 1405 2166 1477 ruentium¹

258 1501 406 1587 Yots'la,
428 1503 651 1598 penultimus
665 1529 725 1576 rex
750 1503 955 1593 Gottorum,
976 1500 1138 1595 regnavit
1186 1508 1417 1602 imperiorum
1434 1523 1469 1580 et
1487 1534 1694 1602 magnarum
1719 1513 1864 1585 urbium
1880 1503 2200 1599 deiudicioDei„

158 1632 270 1682 annos
296 1612 431 1681 decem.
480 1605 555 1680 Res
570 1603 729 1680 Gotticas
751 1609 925 1700 singulari
947 1609 1078 1680 virtute
1102 1618 1136 1677 et
1185 1610 1379 1705 Pleraeque
1406 1626 1553 1705 propter
1581 1614 1698 1700 idola,
1728 1614 1955 1710 tyrannidem
1987 1623 2023 1682 et
2039 1605 2166 1680 libidi-

157 1710 344 1783 faelicitate
358 1732 480 1780 rursus
496 1709 623 1792 crexit,
649 1723 683 1781 et
698 1712 727 1780 si
744 1713 887 1782 tandein
902 1710 1013 1803 ipsius
1027 1710 1132 1780 etiam
1185 1736 1248 1785 nes
1269 1714 1443 1785 delentur.
1495 1712 1632 1786 Romae
1653 1718 1699 1787 ad
1721 1712 1807 1787 haec
1829 1717 1959 1785 scelera
1975 1721 2165 1782 accesserat

157 1815 299 1888 fortuna
326 1835 496 1882 conversa
519 1824 589 1897 est,
618 1811 708 1883 sicut
731 1813 763 1882 ei
788 1812 999 1885 Benedictus
1014 1807 1136 1881 Abbas
1184 1815 1333 1887 saevicia
1349 1818 1515 1887 adversus
1525 1813 1750 1890 Christianos
1763 1820 1851 1889 inde
1860 1813 2166 1911 usqueaNerone.

158 1915 347 2009 praedixit,
374 1911 570 2007 quiiuquit
587 1914 745 1984 adeum:
778 1914 895 1987 Multa
909 1914 1001 1984 mala
1017 1913 1135 1993 facies,
1185 1916 1346 1988 Tandem
1360 1918 1468 2009 igitur
1481 1919 1584 1989 Italia
1599 1921 1767 1991 universa
1787 1916 2008 1989 horribiliter
2030 1926 2167 1985 vastata

157 2016 311 2090 Romam
331 2015 559 2104 ingredieris,
580 2038 709 2085 novem
730 2016 835 2088 annis
856 2017 1038 2106 regnabis,
1069 2017 1135 2086 de·
1185 2034 1258 2107 est,
1292 2033 1326 2090 et
1349 2020 1386 2089 in
1418 2033 1613 2091 exterarum
1643 2021 1800 2111 gentium
1831 2032 2035 2110 potestatem
2058 2014 2168 2084 venit.

159 2119 251 2188 cimo
270 2116 442 2187 morieris.
491 2112 545 2187 Ac
561 2116 698 2187 flexisse
713 2141 792 2188 eum
801 2115 987 2189 Benedicti
1000 2111 1134 2192 adhor-
1183 2121 1320 2217 Repeto
1334 2135 1450 2194 autern
1467 2135 1501 2194 et
1511 2134 1683 2216 tempora,
1697 2123 1827 2218 quibus
1836 2133 1869 2195 et
1879 2134 1982 2191 antea
1997 2131 2096 2209 capta
2105 2128 2169 2186 est·

160 2221 246 2291 tatio
260 2220 409 2305 dicitur,
430 2228 471 2287 ut
484 2218 602 2287 minus
618 2220 771 2289 crudelis
785 2221 824 2288 iu
843 2220 1001 2292 victoriis
1016 2219 1135 2294 fuerit.

261 2320 371 2389 Initio
388 2320 431 2388 ad
448 2317 666 2389 Placentiam
680 2322 764 2392 vicit
775 2320 980 2394 Romanum
1001 2321 1134 2394 exerci-

160 2435 237 2491 tum
263 2421 374 2511 duplo
396 2421 565 2491 maiorem
593 2443 677 2507 sno,
719 2422 851 2512 insigni
879 2437 1133 2514 strategemate.
1285 2425 1315 2503 1.
1356 2424 1533 2519 Tempore
1547 2424 1704 2498 Honorii
1718 2421 1882 2497 Alaricus
1898 2420 2090 2494 Gottorum
2105 2440 2167 2489 rex
2240 2416 2244 2430 '

159 2519 250 2590 Nam
269 2521 433 2619 Gotticus
448 2522 621 2593 exercitus
637 2535 710 2595 erat
723 2538 863 2597 tantum
879 2526 1037 2621 quinque
1051 2525 1135 2594 mil·
1183 2529 1337 2604 Romam
1361 2528 1508 2600 biennio
1539 2530 1800 2600 circumsessam
1828 2525 1940 2619 cepit,
1972 2545 2066 2592 anno
2089 2517 2167 2591 Ro·

160 2622 248 2692 lium
264 2625 435 2698 virorum.
484 2621 625 2696 Deinde
645 2629 837 2718 procedens
859 2627 1043 2720 occupavit
1058 2650 1135 2697 ma·
1185 2655 1262 2702 mac
1286 2630 1476 2699 millesimo
1499 2631 1712 2721 sexagesimo
1736 2641 1882 2722 quarto,
1921 2649 2016 2696 anno
2036 2616 2171 2723 Christi

158 2746 264 2815 gnam
280 2722 404 2797 ltaliae
427 2740 581 2817 partem,
607 2742 642 2799 ct
665 2729 870 2823 ubicunque
891 2730 983 2821 cepit
996 2728 1135 2799 nobiles
1184 2729 1531 2828 quadringentesimo
1557 2731 1835 2824 decimoquarto.
2168 2717 2175 2725 ’
2265 2717 2271 2727 i

158 2841 357 2912 matronas,
398 2827 554 2915 virgines
578 2843 611 2900 ct
638 2853 788 2921 pueros,
817 2831 915 2903 misit
944 2829 1135 2902 inviolatos
1285 2831 1335 2905 Il.
1374 2831 1553 2923 Tempore
1568 2830 1739 2902 Martiani
1757 2828 1970 2902 Gensericus
1984 2823 2167 2895 Vandalus

157 2929 289 3002 additis
311 2927 497 3019 praesidiis
520 2931 565 2999 ad
581 2953 675 3000 suos.
727 2929 851 3026 ltaque
868 2944 1014 3025 propter
1030 2931 1136 3003 iusti·
1184 2932 1338 3007 Romam
1352 2933 1518 3024 spoliavit
1533 2933 1684 3002 abducta
1699 2932 1784 3002 inde
1796 2927 1973 3013 Eudoxia,
1986 2951 2076 3020 quae
2091 2924 2169 2993 lue-

160 3031 249 3102 ciam
274 3031 392 3121 plures
417 3033 462 3099 ad
485 3055 566 3101 eum
582 3032 800 3102 deficiebant.
851 3031 1026 3124 Neapoliu
1044 3033 1137 3102 lame
1185 3050 1240 3106 rat
1260 3034 1416 3108 coniunx
1429 3031 1686 3118 Valentiniani,
1712 3057 1807 3103 anuo
1821 3029 1958 3104 Romae
1979 3025 2171 3096 millesimo

159 3132 332 3223 coiigitad
348 3131 578 3216 deditionem,
601 3155 801 3224 quamcum
818 3147 1033 3225 occupasset,
1055 3157 1138 3203 mox
1186 3135 1430 3209 ducentesimo
1459 3159 1577 3221 nono,
1615 3158 1711 3205 anno
1735 3130 1867 3207 Christi
1895 3127 2169 3227 quadringente-

157 3234 376 3305 lrumentum
393 3227 516 3302 invehi
531 3233 680 3327 curavit,
706 3246 740 3303 ct
754 3235 970 3328 praesidium
986 3235 1139 3320 addidit,
1187 3241 1277 3311 rimo
1299 3237 1592 3333 quiuquagesimo
1614 3261 1726 3306 nono.
2101 3285 2105 3291 ι

159 3359 205 3406 ne
227 3336 382 3405 intanta
404 3337 496 3406 same
521 3337 739 3406 frumentum
769 3337 888 3408 subito
910 3336 1140 3429 diriperetur,
1289 3336 1356 3410 lli.
1386 3336 1564 3432 Tempore
1580 3333 1769 3409 Iustiniani
1792 3331 1913 3405 'l'otila
1935 3331 2027 3424 cepit
2048 3343 2082 3400 et
2105 3327 2169 3398 d'e·

1412 2292 1533 2360 Roma
1558 2302 1720 2383 quoties
1746 2307 1860 2378 capta
1885 2297 1946 2357 sit.

158 3439 219 3509 scd
236 3451 276 3509 ut
290 3437 416 3507 ordine
437 3438 563 3522 vendi,
582 3450 616 3507 et
632 3437 816 3527 egentibus
830 3438 997 3510 distribui
1014 3453 1140 3531 posset,
1187 3440 1314 3514 struxit
1345 3441 1470 3511 urbem
1500 3441 1764 3511 circumsessam
1799 3436 1939 3506 circiter
1970 3431 2175 3514 biennium,
2294 3508 2299 3521 Ι

158 3536 346 3632 prohibuit
383 3539 484 3610 urbis
523 3537 776 3631 Neapolitanae
811 3539 1067 3634 direptionem,
1104 3554 1138 3612 ct
1187 3568 1283 3615 anno
1300 3539 1439 3614 Romae
1459 3541 1649 3612 millesimo
1672 3538 1913 3611 ducentesimo
1936 3531 2172 3623 nonagesimo·

156 3642 373 3734 praesidium
396 3635 603 3713 Romanurn
625 3642 761 3714 dimisit
787 3643 918 3714 additis
942 3642 1050 3713 ctiam
1072 3666 1139 3713 na·
1187 3658 1297 3728 sexto,
1327 3668 1424 3715 anno
1438 3638 1575 3716 Christi
1598 3641 1880 3738 quingentesimo
1904 3632 2175 3732 quadragesimo

155 3743 260 3835 vigiis
275 3756 311 3815 ct
325 3743 466 3815 viatico.
1189 3760 1305 3834 sexto,
1346 3747 1392 3817 ab
1412 3742 1578 3837 Augusto
1598 3769 1692 3816 anuo
1727 3738 2010 3838 quingentesimo
2034 3748 2171 3830 quarto,

258 3843 350 3917 Cum
373 3858 491 3917 autem
519 3842 739 3939 lastinianus
761 3844 989 3918 intellexisset
1010 3842 1141 3917 Gottos
1187 3873 1284 3920 anno
1307 3861 1388 3941 post
1415 3847 1690 3919 destructionem
1716 3838 1941 3932 Carthaginis
1968 3838 2171 3932 septingen-

155 3967 281 4018 rursus
302 3948 502 4039 superiores
524 3968 597 4016 esse
621 3948 660 4017 in
684 3946 807 4036 ltalia,
832 3962 867 4020 et
890 3946 962 4017 iam
983 3947 1141 4018 aTotila
1189 3951 1328 4028 tesimo.
1379 3947 1487 4039 Quod
1503 3974 1545 4019 eo
1560 3948 1714 4034 adiicin,
1733 3946 1814 4040 quia
1831 3943 1951 4034 Scipio
1966 3938 2172 4010 incendium

153 4045 310 4120 Romam
336 4050 512 4131 obsideri,
536 4045 748 4120 Belisarium
772 4050 928 4120 secundo
945 4048 982 4119 iu
1001 4044 1139 4120 ltaliam
1187 4048 1412 4143 Carthaginis
1427 4051 1601 4142 aspiciens
1617 4073 1657 4119 ac
1670 4049 1867 4142 lacrymans
1883 4043 1987 4112 dixit:
2014 4039 2061 4111 Se
2075 4037 2173 4128 cogi·

154 4149 278 4237 mittit,
299 4152 358 4220 sed
375 4174 489 4244 neque
504 4151 671 4220 accedere
683 4153 726 4220 ad
745 4152 921 4222 obsessam
938 4151 1061 4222 urbem
1071 4148 1141 4221 Be-
1189 4168 1264 4224 tare
1279 4154 1394 4223 simile
1410 4153 1487 4222 iore
1499 4151 1692 4245 aliquando
1706 4148 1880 4219 excidium
1888 4142 2036 4217 Romae.
2059 4138 2173 4211 Dein-

155 4249 301 4321 lisarius
317 4253 446 4343 potuit,
463 4277 527 4322 nec
546 4253 734 4322 exercitum
752 4250 877 4323 habuit
891 4275 1012 4344 parem
1028 4247 1138 4322 hosti·
1189 4257 1234 4325 de
1255 4279 1335 4326 cum
1360 4253 1570 4335 belisarius,
1595 4251 1659 4346 qui
1680 4248 1833 4324 Romam
1860 4241 2045 4318 destructis
2059 4241 2174 4314 muris

154 4352 239 4425 bus.
266 4351 402 4424 lnterea
418 4355 503 4423 dum
518 4353 618 4424 urbis
633 4352 769 4425 Romae
786 4355 926 4425 obsidio
943 4356 1017 4423 lere
1034 4353 1141 4425 bien·
1188 4370 1389 4447 receperat,
1416 4355 1649 4440 discessisset,
1675 4350 1831 4423 triennio
1852 4361 1933 4442 post
1956 4344 2168 4417 destructio·

156 4453 221 4522 nio
237 4455 354 4539 durat,
379 4455 487 4524 simul
502 4455 589 4525 alibi
604 4455 735 4527 multae
755 4457 863 4526 nrbes
889 4456 963 4526 iam
980 4453 1143 4543 a'l'otila,
1189 4483 1270 4528 nem
1287 4455 1408 4529 Totiia
1433 4478 1555 4527 rursus
1579 4479 1659 4526 carn
1684 4453 1796 4548 cepit,
1817 4464 1854 4524 et
1875 4450 1994 4546 aliqua
2011 4471 2052 4518 ex
2068 4457 2172 4540 parte

152 4555 227 4624 iarn
252 4578 272 4626 a
296 4554 469 4626 Belisario
494 4571 529 4627 ct
550 4557 596 4626 ab
621 4557 700 4627 aliis
727 4557 879 4628 ducibus
907 4572 1140 4646 occupantur,
1188 4558 1414 4636 instauravit.

150 4656 259 4728 multi
279 4658 372 4728 lame
398 4668 433 4729 et
454 4658 675 4749 pestilentia,
705 4659 812 4730 multi
834 4659 874 4728 in
889 4658 1033 4751 praeliis
1058 4680 1141 4749 per·
1528 4732 1540 4748 ‚
1748 4729 1762 4746 ⁸,
1920 4727 1933 4743 ,

154 4772 260 4842 eunt,
285 4770 320 4830 et
336 4760 375 4830 fit
392 4760 577 4830 universae
601 4758 724 4832 ltaliae
739 4761 897 4832 vastatio.
957 4757 1140 4831 Placentia
1388 4732 1563 4828 Nm„
1587 4725 1716 4802 Rem
1741 4747 1789 4798 ⁸¹⁸
1813 4723 1977 4796 mm·

151 4860 299 4932 tandem
328 4858 449 4935 Gottis
477 4860 595 4932 dedita
626 4874 699 4948 est,
737 4886 817 4932 cum
842 4859 1059 4955 praesidium
1087 4862 1140 4933 ibi
1291 4858 1487 4934 lntcrl'ecto
1505 4874 1626 4932 autem
1647 4851 1779 4930 Toliln
1799 4869 1879 4948 post
1900 4849 2096 4928 triennium
2112 4872 2169 4920 re·

150 4961 248 5032 vesci
265 4957 429 5033 humanis
452 4961 618 5033 carnibus
640 4962 822 5056 coepisset.
871 4959 1009 5035 Romae
1031 4961 1140 5033 ctiam
1189 4963 1283 5059 cepit
1305 4967 1432 5036 urbem
1456 4960 1610 5035 Romam
1623 4955 1770 5034 Nncscs
1792 4980 1889 5029 anno
1909 4951 2045 5029 Christi
2069 4953 2176 5048 quin-

151 5075 253 5136 tanta
274 5065 384 5134 fames
405 5064 494 5147 init,
519 5075 559 5134 ut
583 5077 705 5154 pater,
729 5065 791 5158 qui
817 5063 949 5134 multos
963 5059 1140 5136 filiosha·
1188 5068 1388 5157 gentesimo
1405 5063 1698 5160 quinquagesimo
1716 5061 1882 5132 secundo.
1932 5055 2017 5127 Post
2031 5053 2068 5145 id
2087 5066 2176 5123 tcm-

149 5165 298 5251 buerat,
323 5165 563 5257 spectantibus
583 5164 704 5235 multis
727 5188 801 5236 sese
822 5166 866 5235 de
882 5176 990 5255 ponte
1004 5165 1043 5233 in
1060 5163 1139 5260 Ty·
1188 5192 1395 5263 purusque
1419 5168 1464 5236 ad
1483 5161 1696 5263 Agilolfnm
1719 5184 1838 5253 regem
1855 5156 2175 5249 Langobardorum
2207 5206 2214 5213 .

148 5266 247 5343 brim
261 5265 561 5359 praecipitaverit,
586 5266 713 5336 iubens
726 5267 817 5337 lilios
834 5277 990 5357 petentes
1013 5266 1136 5338 cibum
1191 5294 1310 5341 nomo
1333 5269 1540 5362 peregrinus
1570 5269 1696 5337 urbem
1718 5263 1872 5336 Romam
1904 5259 2055 5332 obsedit.
2103 5252 2178 5326 Has

151 5396 189 5445 se
202 5369 315 5464 sequi.
340 5362 476 5439 Milites
487 5367 596 5458 igitur
611 5363 756 5438 Isaurici
772 5383 910 5462 portam
925 5363 1137 5444 Asinariam
1194 5371 1291 5444 vices
1314 5372 1424 5444 simul
1444 5368 1630 5463 complecti
1652 5361 1716 5438 hie·
1735 5363 1860 5446 selei,
1880 5376 1922 5435 ut
1936 5356 2082 5452 eogitari
2096 5377 2181 5451 pos-
