4680 6038
65 227 163 305 tosa
627 217 1527 310 sormomcoueanrours.rans11.
1587 162 1591 173 ¹
1985 248 2083 324 1034

64 400 104 467 in
120 394 298 469 Anastasii
313 394 536 489 imperatoris
552 397 782 469 coronatione
797 395 945 470 dicetur.
971 396 1045 469 Te·
1100 411 1244 492 quarto,
1270 413 1305 472 et
1327 402 1422 473 bona
1436 404 1567 475 civium
1588 401 1747 501 diripuit.
1798 409 2076 509 Quadragesimo

64 500 348 592 nuitimperium
363 499 438 570 Leo
453 498 826 592 annosseptendecim.
876 497 1046 594 Princeps
1100 515 1216 571 autem
1234 504 1291 572 die
1308 519 1386 595 post
1400 507 1511 577 soceri
1526 521 1674 580 mortem
1693 515 1819 586 morbo
1835 519 2008 593 extinctus
2024 534 2076 594 est

63 604 197 683 iustus,
221 614 256 673 et
272 625 313 672 eo
327 601 444 688 utilis,
469 602 553 694 quia
567 624 647 671 cum
661 602 736 692 ipse
760 600 897 672 alienus
920 616 1044 673 esseta
1099 597 1287 674 Ricbimer
1303 606 1490 696 parricida.

62 703 161 773 falsis
178 704 421 794 dogmatibus,
447 699 625 773 Ecclesiae
638 703 757 772 minus
776 703 936 774 turbatae
951 717 1045 792 sunt,
1198 703 1303 774 Tales
1326 709 1550 781 confusiones
1572 713 1736 788 accidunt
1756 719 1940 792 ruentibus
1962 721 2074 816 impe-

61 827 129 874 nee
143 802 312 898 Episcopi
326 817 419 877 recte
441 805 633 877 sentientes
655 828 696 874 ex
719 803 791 875 suis
815 804 958 876 sedibus
981 828 1043 876 ex·
1095 804 1170 881 riis.
1221 802 1463 896 Agnoscamus
1481 813 1588 902 igitur
1601 839 1675 886 non
1690 818 1818 890 durare
1842 821 1989 915 imperia
2003 825 2075 895 nisi

60 905 156 998 pulsi
175 919 270 979 sunt.
1095 902 1172 978 Deo
1190 925 1439 1003 conservante,
1464 927 1499 985 et
1511 929 1672 1007 petamus
1688 943 1710 988 a
1727 917 1803 991 Deo
1818 924 1988 996 salutares
2006 948 2073 1017 gu·

163 1003 249 1079 Fuit
274 1019 392 1080 autem
424 1018 511 1079 tunc
541 1029 668 1101 magna
701 1004 859 1099 potentia
887 1008 1041 1078 duorum
1094 1007 1308 1081 bematores.

59 1108 284 1203 principum,
308 1110 371 1206 qui
395 1133 599 1207 quanquam
619 1108 722 1194 Gotti
737 1123 837 1183 erant
854 1123 888 1180 et
898 1107 1042 1180 Ariani:
1193 1105 1402 1184 Richimero
1417 1113 1582 1186 successit
1595 1107 1797 1214 Olybrius,
1822 1123 1951 1199 missus
1964 1150 1986 1195 a
2002 1127 2071 1200 Le·

60 1227 181 1284 tamen
212 1210 305 1283 inter
331 1211 497 1304 patricios
519 1211 619 1284 asciti
646 1213 805 1299 fuerant,
838 1206 985 1303 Asparis
1009 1224 1044 1284 et
1093 1235 1161 1283 one
1177 1210 1352 1298 Romam,
1375 1215 1458 1308 quia
1475 1217 1637 1289 adfinitas
1652 1223 1904 1315 imperatorum
1922 1228 1954 1297 ei
1967 1243 2072 1300 auto-

60 1309 278 1399 Ardaburii,
304 1338 456 1408 quorum
471 1312 721 1404 suffragatione
737 1313 924 1407 praecipue
939 1312 1043 1383 adiu·
1093 1313 1231 1384 ritatem
1247 1315 1409 1390 addebat.
1461 1315 1599 1391 Habuit
1612 1323 1707 1395 enim
1723 1348 1867 1396 uxorem
1877 1326 2071 1401 Placidiam

60 1426 119 1486 tus
142 1428 217 1485 erat
235 1413 322 1488 Leo.
384 1413 455 1488 Sed
476 1411 515 1485 hi
543 1439 623 1487 cum
646 1428 765 1506 postea
788 1414 1042 1485 insidiarentur
1091 1415 1201 1486 filiam
1226 1413 1488 1505 Valentiniani,
1520 1423 1583 1491 sed
1604 1424 1755 1517 septimo
1787 1427 1928 1525 imperii
1951 1453 2071 1503 mense

60 1514 154 1586 vitae
175 1515 325 1597 Leonis,
352 1539 392 1586 ac
412 1516 587 1587 dicerent:
615 1508 799 1615 φάγωμεν
819 1511 888 1588 τὸν
911 1511 1041 1588 λέοντα
1091 1514 1254 1589 mortubs
1277 1530 1340 1593 est.

59 1611 151 1712 πρὶν
165 1613 282 1690 αὐτὸν
294 1614 393 1712 ἡμᾶς
415 1613 611 1716 ἀριστῆσαι
617 1671 630 1705 ,
658 1620 757 1690 iussu
778 1616 910 1692 Leonis
931 1618 1041 1689 inter·
1191 1616 1276 1690 Post
1298 1614 1394 1691 hunc
1419 1645 1439 1691 a
1463 1623 1638 1697 militibus
1660 1624 1858 1698 Ravennae
1878 1629 2070 1722 imperator

59 1718 143 1789 secti
159 1732 255 1791 sunt.
1026 1738 1029 1743 ·
1090 1720 1202 1791 factus
1217 1735 1269 1794 est
1282 1714 1497 1816 Glycerius,
1522 1728 1597 1812 cui,
1617 1751 1698 1798 cnm
1713 1753 1785 1800 non
1803 1744 1917 1801 totum
1934 1754 2091 1804 annum·

162 1820 235 1890 lam
251 1845 335 1893 vero
358 1822 397 1892 in
414 1818 609 1894 Occidente
629 1843 732 1894 ruere
751 1820 942 1914 imperium
963 1817 1040 1892 lto-
1090 1837 1283 1911 regnasset,
1308 1824 1439 1914 eripuit
1460 1825 1648 1918 imperium
1663 1823 1791 1901 Iulius
1805 1829 1939 1923 Nepos,
1965 1845 2001 1902 et
2018 1835 2070 1902 ie·

59 1944 206 1991 manum
236 1939 409 2018 coeperat.
476 1923 608 1995 Franci
632 1948 794 2013 magnam
825 1919 1040 1992 Germaniae
1090 1922 1139 1994 cit
1166 1945 1247 1993 eum
1272 1920 1487 2018 Episcopum
1513 1929 1552 1997 in
1584 1928 1772 2006 Dalmatia.
1829 1929 1919 2001 Cum
1951 1947 2069 2004 autem

59 2037 95 2095 et
110 2021 249 2095 Galliae
265 2041 400 2118 partem
417 2028 592 2100 tenebant.
635 2022 794 2115 Ostgotti
806 2022 1041 2118 Pannoniam,
1090 2021 1201 2095 lulius
1219 2048 1328 2116 nepos
1343 2018 1507 2098 Orestem
1529 2031 1666 2100 fecisset
1683 2031 1887 2121 magistrum
1903 2034 2071 2119 militum,

58 2122 259 2216 Westgotti
283 2127 511 2220 Hispaniam,
537 2126 750 2197 Genserirus
773 2123 944 2200 Africam.
995 2122 1039 2195 ln
1091 2120 1150 2197 hic
1164 2116 1311 2196 Orestes
1327 2128 1521 2201 instructus
1542 2131 1695 2202 exercitu
1715 2132 1963 2224 imperatorem
1986 2135 2069 2204 lecit

58 2224 161 2296 ltalia
177 2229 279 2299 multi
300 2231 528 2321 imperatores
551 2229 782 2315 creabantur,
807 2228 869 2321 qui
895 2251 961 2297 uec
976 2228 1040 2298 diu
1091 2224 1285 2299 Ravennae
1314 2230 1429 2301 filium
1458 2233 1736 2319 adolescentem,
1772 2235 1833 2329 qui
1862 2235 2069 2305 nominatur

57 2328 227 2398 tenebant
250 2328 455 2422 imperium,
480 2354 546 2402 nec
567 2330 738 2401 exercitus
758 2351 904 2420 magnos
927 2322 1039 2400 habe·
1090 2323 1341 2422 Augustulus,
1382 2354 1423 2402 ar
1458 2333 1582 2405 foedus
1609 2333 1691 2404 lecit
1719 2357 1799 2405 cum
1827 2334 2000 2407 Vandalis
2031 2335 2069 2403 in

58 2427 158 2498 bam.
208 2427 367 2525 Cumque
382 2456 506 2502 verum
520 2433 566 2504 sit
588 2433 680 2504 illud
693 2430 941 2503 Homericum:
968 2425 1038 2503 οὐκ
1090 2427 1224 2507 Africa.

59 2525 212 2625 ἀγαθὸν
227 2528 509 2628 πολυκοιρανίη,
534 2558 616 2604 mox
640 2546 719 2626 post
736 2531 867 2603 Leonis
888 2545 1038 2603 mortem
1192 2531 1268 2604 lam
1291 2547 1409 2606 autem
1426 2526 1595 2607 Odoacar
1615 2535 1801 2630 Rugianus
1819 2537 2006 2611 exercitum
2031 2539 2070 2608 in

56 2629 189 2703 invasit
207 2629 346 2704 ltaliam
369 2630 534 2706 Odoacer
555 2633 761 2726 Rugianus,
793 2648 828 2707 et
848 2634 1039 2704 crudeliter
1090 2631 1231 2705 Italiam
1247 2636 1451 2711 adduxerat.
1505 2636 1551 2708 Ut
1573 2638 1683 2727 igitur
1704 2642 1907 2711 defenderet
1931 2639 2070 2711 ltaliam

57 2730 97 2798 in
112 2754 149 2800 ea
167 2748 341 2824 grassatus
352 2750 406 2809 est
420 2760 533 2807 annos
546 2735 836 2831 quaduordeeim,
860 2747 902 2808 nt
917 2748 1039 2827 postea
1090 2732 1235 2808 Orestes
1250 2750 1371 2806 contra
1386 2761 1487 2822 eum,
1513 2741 1558 2808 ad
1569 2737 1737 2811 Ticinum
1753 2764 1864 2835 usque
1879 2742 2070 2813 exercitum

56 2833 206 2921 dicetur.
1093 2838 1203 2912 ducit.
1253 2836 1308 2908 lbi
1325 2839 1436 2908 robur
1452 2835 1574 2909 ltaliae
1590 2841 1782 2916 extinctum
1805 2865 1878 2911 esse
1893 2843 2070 2914 scribitur.

158 2934 284 3011 Voluit
300 2953 417 3011 autem
434 2939 531 3013 Deus
552 2938 591 3011 in
607 2933 759 3012 Oriente
782 2937 1039 3033 aliquantisper
1089 2935 1234 3011 Orestes
1250 2939 1364 3008 victus
1383 2938 1476 3028 fugit
1497 2939 1536 3007 in
1559 2943 1683 3010 urbem
1700 2940 1890 3027 Ticinum,
1916 2966 1985 3035 qua
2008 2966 2069 3012 ex-

57 3033 176 3109 adbnc
209 3041 338 3112 durare
370 3039 529 3114 Romani
556 3040 699 3135 imperii
729 3041 903 3125 sormam,
939 3040 1038 3133 quod
1089 3052 1243 3132 pugnata
1283 3034 1447 3111 Odoacer
1478 3038 1695 3111 Placentiam
1741 3042 1872 3112 adduci
1905 3038 2069 3114 Orestem

57 3140 356 3234 complectebatur
377 3139 588 3228 Thraciam,
619 3140 890 3225 Macedoniam,
922 3135 1038 3209 Grae-
1089 3142 1208 3227 iussit,
1242 3140 1364 3237 ibique
1390 3165 1471 3213 eum
1491 3156 1671 3234 spectante
1700 3145 1853 3214 exercitu
1884 3143 2068 3214 interfecit.

56 3243 168 3327 eiam,
208 3241 408 3340 Illyricum,
445 3245 621 3315 minorem
651 3242 793 3327 Asiam,
831 3240 972 3335 Syriam
1004 3250 1038 3312 et
1089 3240 1203 3315 Urbes
1225 3243 1363 3314 vicinae
1390 3257 1630 3315 consternatae
1660 3245 1877 3315 deditionem
1901 3246 2071 3314 iecerunt.

57 3345 274 3439 Aegyptum.
324 3345 478 3441 Pnitque
509 3346 640 3418 Leonis
665 3343 874 3436 gubernatio
900 3341 1038 3413 medio·
1090 3340 1311 3434 Augustulus
1324 3345 1461 3435 fugiens
1477 3347 1627 3438 imperio
1643 3370 1679 3416 se
1695 3347 1853 3426 abdicat,
1881 3347 1976 3438 quod
1999 3345 2068 3414 cir-

59 3447 167 3517 criter
181 3450 385 3544 tranquilla.
1087 3447 1176 3518 citer
1190 3470 1445 3518 annumnnum
1460 3458 1640 3535 tenuerat,
1664 3470 1704 3517 ac
1719 3448 1848 3518 deinde
1866 3447 1905 3515 in
1918 3445 2071 3538 Campa·

159 3549 207 3620 At
229 3550 268 3618 in
291 3548 390 3621 ltalia
413 3550 595 3622 interiecto
620 3544 893 3628 Valentiniano,
919 3542 1037 3616 Maxi·
1088 3548 1149 3618 nia
1163 3548 1321 3641 privatus
1336 3548 1424 3617 vixit
1436 3562 1604 3643 tanquam
1627 3549 1781 3619 exulans.

54 3672 137 3720 mus
154 3663 312 3744 utsupra
327 3653 463 3723 dictum
484 3665 558 3738 est,
582 3651 715 3721 invasit
738 3649 947 3743 imperinm,
973 3647 1036 3741 qui
1187 3647 1257 3720 Hic
1273 3648 1353 3719 finis
1377 3649 1446 3721 luit
1476 3650 1728 3742 imperatomm
1747 3648 1950 3722 Italicorum
1974 3668 2070 3718 anno

53 3751 438 3842 fngiensGensericum
454 3766 595 3846 captus,
620 3753 815 3844 discerptus
830 3750 916 3822 etin
924 3748 1037 3821 Tibe·
1088 3745 1221 3824 Christi
1256 3749 1602 3845 quadringentesimo
1641 3752 1893 3846 septuagesimo
1932 3748 2070 3844 quinto,

56 3854 130 3922 rim
147 3856 304 3927 abiectus
321 3870 372 3927 est
385 3878 506 3940 mense
523 3854 663 3948 imperii
678 3855 845 3924 secundo.
1087 3877 1169 3924 cum
1185 3847 1301 3922 adhuc
1322 3851 1395 3924 Leo
1411 3851 1721 3946 Constantinopoli
1745 3855 1892 3926 viveret.

159 3954 244 4028 Post
258 3954 353 4028 hunc
368 3957 518 4029 Senatus
534 3958 665 4028 creavit
680 3958 930 4046 imperatorem
946 3945 1037 4021 Au-
1189 3948 1353 4024 Odoacer
1379 3967 1496 4025 autem
1519 3952 1672 4027 Romam
1693 3954 1870 4042 ingressus
1896 3973 2012 4042 regem
2034 3971 2070 4018 se
2133 4040 2138 4045 .

57 4065 158 4147 tum,
184 4085 264 4130 cum
282 4085 352 4154 quo
370 4059 569 4131 Martianus
585 4059 667 4129 lecit
681 4059 817 4128 foedus.
865 4054 1036 4125 Nondum
1089 4054 1189 4127 urbis
1204 4051 1388 4126 Romaest
1404 4053 1528 4127 ltaliae
1545 4054 1763 4141 nominavit,
1788 4067 1822 4125 et
1845 4045 2069 4144 triumphans

55 4161 161 4230 finito
184 4185 278 4232 anno
299 4162 390 4254 cepit
407 4161 554 4233 Avitum
578 4151 772 4230 Richimer
787 4155 919 4229 Gottus
941 4154 1037 4246 apud
1091 4156 1130 4226 in
1143 4153 1359 4249 Capitolium
1377 4157 1544 4232 ascendit.
1595 4153 1728 4246 Magne
1744 4155 1866 4225 caedes
1889 4167 1924 4225 et
1947 4153 2068 4244 direp-

27 4310 30 4315 -
55 4260 295 4344 Placentiam,
328 4277 363 4334 et
385 4266 562 4355 deponere
587 4286 667 4333 enm
690 4259 880 4352 imperium
908 4256 1038 4347 coegit.
1089 4258 1205 4330 tiones
1218 4258 1256 4326 in
1272 4258 1361 4327 urbe
1375 4256 1491 4329 Roma
1514 4271 1547 4328 et
1568 4256 1656 4329 alibi
1675 4257 1785 4328 factm
1807 4267 1900 4327 sunt.
1953 4249 2071 4344 Agro-

60 4360 202 4435 lnterea
214 4363 409 4437 Ravennae
425 4360 680 4453 Maioranus,
706 4363 807 4435 cuius
829 4361 940 4430 virtus
956 4360 1037 4427 lau·
1087 4383 1167 4431 rum
1182 4359 1321 4431 tertiam
1338 4371 1475 4452 partem
1490 4358 1563 4429 suis
1578 4357 1751 4439 attribuit,
1775 4381 1815 4427 ac
1831 4355 1991 4448 regnavit
2004 4379 2072 4425 an·

58 4467 184 4551 datur,
210 4467 402 4560 imperator
414 4468 526 4540 factus
539 4480 605 4554 est,
628 4487 779 4558 cumque
794 4462 928 4533 bellum
937 4458 1039 4529 Van·
1087 4483 1154 4531 nos
1181 4459 1461 4553 quatuordecim.
1518 4458 1621 4530 Misit
1649 4459 1743 4530 enim
1770 4455 1871 4530 Zeno
1901 4452 2071 4528 Theodo-

58 4567 151 4636 dalis
165 4568 203 4636 in
219 4569 339 4639 Africa
356 4569 523 4650 inferret,
549 4569 654 4640 tertio
667 4564 809 4658 imperii
823 4588 918 4635 anno
939 4583 1039 4630 mor·
1087 4562 1203 4633 ricum
1226 4558 1411 4633 Gotticum
1442 4584 1557 4653 regem
1587 4560 1626 4630 in
1649 4556 1789 4632 ltaliam
1817 4574 1986 4651 tanquam
2015 4555 2071 4624 vi-

59 4682 144 4739 tuus
165 4683 227 4740 est.
278 4670 452 4742 Successit
473 4668 667 4742 Ravennae
686 4663 857 4748 Severus,
883 4663 945 4759 qui
959 4659 1039 4734 Ro·
1088 4662 1224 4735 carium
1247 4686 1308 4733 seu
1331 4662 1487 4748 socium,
1520 4660 1583 4757 qui
1612 4662 1750 4734 duobus
1772 4659 1908 4751 magnis
1930 4655 2072 4749 praeliis

60 4793 139 4840 mae
155 4771 259 4842 tertio
277 4772 417 4863 imperii
433 4795 529 4841 anno
544 4795 681 4843 veneno
705 4768 878 4839 extinctus
892 4780 955 4836 est.
1089 4761 1290 4837 Odoacrem
1306 4776 1547 4835 occurrentem
1562 4762 1658 4847 vicit,
1678 4762 1788 4832 altero
1803 4763 1848 4831 ad
1858 4758 2072 4853 Aquileiam,

161 4871 266 4944 Misit
304 4875 413 4964 igitur
435 4871 636 4945 Martianus
659 4862 898 4942 Anthemium
934 4887 1039 4957 gene·
1089 4867 1201 4937 altero
1225 4866 1270 4936 ad
1291 4863 1441 4938 Padum.
1492 4861 1617 4937 Victus
1635 4858 1799 4934 Odoacer
1823 4858 2073 4953 lugitRaven-

60 4994 141 5044 rum
158 4974 196 5044 in
217 4974 373 5060 ltaliam,
397 4988 439 5048 nt
459 4975 648 5066 imperium
664 4969 870 5045 Occidentis
894 4978 1041 5042 teneret.
1090 4991 1194 5049 nam,
1219 4967 1282 5038 nbi
1298 4966 1453 5038 triennio
1469 4966 1693 5037 circumsessa
1709 4965 1799 5035 urbe
1815 4965 1925 5033 multa
1940 4957 2073 5053 praelia

60 5073 132 5146 Hic
147 5078 316 5168 collegam
332 5077 415 5148 fecit
431 5099 598 5168 generum
607 5071 856 5147 Richimerum
874 5068 1039 5153 Gottum,
1089 5071 1180 5140 iacta
1198 5080 1296 5152 sunt,
1319 5069 1434 5138 donec
1454 5069 1596 5140 tandem
1613 5060 1780 5137 Odoacer
1803 5088 1823 5135 a
1845 5060 2071 5134 Theodorico

61 5178 126 5272 qui
146 5191 186 5248 ut
202 5175 346 5250 Arianis
367 5178 406 5246 in
430 5178 520 5248 urbe
533 5174 651 5249 Roma
670 5176 825 5247 traderet
837 5169 1043 5255 Ecclesiam,
1093 5168 1237 5243 Gottico
1254 5192 1333 5261 rege
1354 5170 1559 5241 interfectus
1582 5181 1644 5242 est.
1695 5167 1748 5237 Ae
1769 5165 2074 5258 responditeven-

19 5348 22 5353 .
63 5302 144 5348 cum
161 5301 280 5351 socero
302 5280 338 5349 id
354 5275 566 5370 probibente
590 5278 630 5346 in
650 5278 727 5368 ipsa
743 5276 832 5345 urbe
851 5272 968 5347 Roma
985 5272 1042 5341 di·
1093 5286 1150 5344 tus
1171 5270 1268 5356 voci,
1301 5292 1408 5365 quam
1429 5271 1469 5341 in
1491 5267 1685 5362 Apennino
1717 5270 1877 5340 audierat
1904 5279 2075 5360 tyrannus

62 5380 225 5466 micavit,
251 5396 286 5454 et
300 5382 414 5451 victor
429 5387 589 5452 socerum
606 5377 779 5450 interserit
793 5399 887 5447 anuo
900 5373 1042 5467 imperii
1099 5369 1282 5446 Odoacer:
1310 5369 1412 5446 Vade
1427 5372 1547 5465 pellite
1561 5425 1570 5457 ,
1590 5371 1774 5441 nonenim
1791 5368 1934 5441 redibis.

85 5480 299 5552 'Meamn-
325 5486 430 5553 Orrn.
454 5485 538 5552 Vos..
564 5482 642 5551 xtl.
1387 5474 1438 5549 66
