4680 6038
68 242 146 322 915

119 409 231 511 Anno
246 408 372 485 mundi
393 403 524 507 quater'
533 409 723 483 millesimo
739 412 867 505 primo.

123 515 233 588 Anno
282 514 420 589 Romae
462 514 770 610 septingentesimo
815 511 1051 607 octuagesimo

274 642 388 690 nono.

123 716 232 792 Anno
250 715 386 793 Christi
407 717 583 791 tricesimo
603 743 717 791 nono.

172 829 292 913 Caius
315 828 501 933 Caligula
523 840 686 911 successit
709 835 867 909 Tiberio.
918 833 1051 905 Tenuit

34 986 37 991 -
68 942 259 1039 imperium
281 965 395 1013 annos
419 953 509 1028 tres,
537 963 676 1012 menses
698 941 831 1014 decem.
880 934 922 1006 ln
950 936 1057 1006 cuius·

67 1032 220 1117 biitoria
242 1057 422 1138 utrunque
447 1043 706 1136 deplorandum
726 1055 795 1127 est,
818 1040 914 1134 quod
930 1033 1049 1110 horri-

65 1144 191 1219 biliter
201 1148 417 1238 degenerant
431 1145 506 1217 nati
522 1168 564 1216 ex
579 1143 785 1239 parentibus
801 1138 862 1237 qui
877 1140 1049 1211 excellue-

66 1259 156 1319 runt
171 1259 318 1320 naturae
333 1244 451 1332 bonis,
477 1259 512 1320 et
525 1249 621 1341 quod
638 1247 678 1315 in
694 1244 832 1336 fastigio
846 1265 964 1313 rerum
980 1236 1049 1312 hu-

65 1368 255 1420 manarum
270 1372 373 1441 saepe
388 1360 477 1419 tetra
499 1361 661 1441 portenta
684 1346 925 1418 dominantur.
975 1341 1049 1415 Na·

65 1446 132 1523 tus'
141 1449 210 1523 luit
225 1445 265 1523 C.
277 1448 438 1541 Caligula
453 1474 494 1520 er
515 1450 756 1522 laudatissima
773 1448 897 1539 stirpe:

65 1563 184 1627 Drusus,
201 1560 412 1634 iraterl'lberii,
429 1580 508 1616 mor-
593 1561 725 1630 Antonia,
744 1560 872 1627 coniunx,
890 1556 945 1610 lilia
959 1557 1047 1612 Aulo·

64 1641 132 1688 tuus
159 1633 192 1689 'u
217 1629 368 1760 mpla
393 1641 508 1704 accepto
566 1636 571 1647 '
714 1626 927 1690 niiesOctavia.

67 1817 205 1871 &audrhs
273 1818 458 1872 Grrrrrom'rar
479 1829 605 1870 mortuus
626 1818 654 1870 in
672 1816 692 1870 S
712 1843 728 1856 ·
770 1818 926 1886 Agrippina
980 1833 1048 1869 uror

67 1882 229 1958 Imperator.
272 1885 332 1950 ria,
349 1903 456 1942 veneno
474 1883 666 1941 interfectura
702 1886 728 1940 i·
771 1883 1046 1955 Germanici,Agrip·

273 1970 341 2037 rpus
356 1953 430 2008 iussu
449 1952 561 2035 stiaertt.
595 1953 817 2032 Excelluitvpae
835 1964 861 2009 et
880 1952 965 2007 iuliae
980 1951 1045 2021 lilia,

272 2021 727 2147 assentiretur
769 2023 981 2146 tessara
1007 2030 1047 2142 ‘t

270 2110 371 2214 rita.
382 2157 503 2216 armans
515 2108 725 2216 scottulus}
767 2177 818 2216 aas
836 2160 869 2216 aa
887 2106 1022 2216 meldi.

270 2237 341 2284 rua.

61 2294 121 2375 Ex
132 2294 193 2371 bis
204 2311 377 2373 natusest
392 2290 577 2397 Caligula
591 2305 769 2377 teterrima
789 2302 906 2374 belua.

76 2410 82 2419 '
150 2396 511 2477 'Voluitseadorari
562 2405 721 2478 Statuam
742 2429 842 2477 suam
862 2405 959 2476 misit
970 2400 1045 2472 col·

61 2502 253 2575 locandam
281 2505 340 2577 in·
355 2507 529 2599 templum
553 2504 799 2602 ierosolymae.
852 2505 943 2577 'l‘res
964 2524 1045 2575 suas

60 2625 202 2676 sorores
216 2605 403 2700 stupravit.
454 2606 591 2679 Multos
605 2608 792 2682 Senatores
808 2623 842 2681 et
859 2609 948 2679 alios
962 2628 1044 2676 cru-

57 2704 191 2779 dduer
207 2705 406 2793 interfecit,
430 2709 531 2781 cuius
543 2711 677 2782 dictum
692 2725 760 2783 est:
782 2701 941 2782 Oderint
956 2704 1045 2778 dum

57 2814 238 2884 merram.
286 2806 445 2883 Conatua
469 2825 520 2882 est
539 2812 681 2884 abolere
696 2811 892 2885 Homerum
908 2828 943 2886 et
959 2809 1044 2882 Vir-

55 2908 207 3009 gssum,
247 2923 284 2983 et
314 2912 427 2985 libros
455 2910 807 2991 lurisconsultorum.
858 2914 929 2987 Sed
962 2938 1043 2984 cum

55 3032 138 3080 non
155 3010 221 3085 diu
241 3028 441 3104 regnasset,
466 3015 672 3089 interiectus
692 3031 746 3089 cst
763 3040 784 3089 a
801 3013 940 3090 Phereo
958 3013 1045 3086 Tri·

55 3111 343 3199 bummilitum·

85 3324 221 3407 'Anno
236 3336 364 3409 mundi
380 3349 505 3432 qnater
525 3338 715 3410 millesimo
738 3337 878 3433 quinto.

84 3460 96 3479 ·
112 3430 223 3507 Anno
238 3432 377 3510 Romae
400 3440 711 3535 septingentesimo
732 3439 960 3533 nonagesimo
975 3453 1046 3514 tcr-

261 3539 326 3611 tio.

54 3634 58 3641 ’
108 3633 220 3713 Anno
237 3635 373 3713 Christi
391 3644 659 3737 quadragesimo
673 3647 789 3719 tertio.

76 3792 95 3829 a
162 3753 346 3831 Claudius
365 3766 531 3837 successit
544 3763 737 3855 Caligulae.
781 3763 918 3837 Tenuit
933 3764 1045 3857 impe-

51 3859 155 3933 rium
169 3884 283 3933 annos
296 3865 493 3957 tredecim,
508 3889 646 3937 menses
661 3881 741 3939 octo
765 3881 799 3937 et
814 3867 889 3938 dies
906 3865 1044 3955 viginti.

51 3959 173 4039 Natus
192 3977 291 4055 patre
312 3959 457 4037 Druso.
508 3967 625 4057 Quem
646 3969 927 4059 supradiximus
949 3969 1045 4039 inter

54 4060 182 4135 Salam
199 4079 234 4137 et
248 4059 417 4138 Rhenum
435 4068 567 4140 vulnus
589 4070 783 4162 accepisse,
808 4084 957 4160 patrous
974 4066 1044 4141 Ca·

50 4163 189 4256 ligulae
203 4189 351 4258 regnare
364 4171 479 4262 coepit
491 4194 572 4241 cum
586 4193 721 4243 annom
735 4185 851 4263 ageret
865 4171 1043 4269 qrsiuqua-

53 4264 242 4359 gesimam.
293 4264 328 4338 A
350 4271 525 4344 militibus
547 4294 589 4341 ex
612 4273 757 4344 latebris
781 4286 833 4346 est
856 4285 1043 4358 extractus,

52 4388 98 4439 ac
127 4368 266 4461 primos
295 4370 484 4461 imperium
514 4386 689 4445 mercatus
719 4389 790 4462 est,
831 4376 1042 4468 promittens

13 4518 22 4535 .
54 4467 208 4561 singulis
230 4470 406 4542 militibus
430 4487 555 4569 quater
579 4475 671 4547 dena
703 4478 880 4562 sestertia,
907 4478 944 4547 id
979 4489 1041 4557 est,

632 239 660 316 1.
710 231 1004 315 CHRONICON
1028 230 1277 316 GARIONlS.
1324 233 1450 312 PARS
1474 233 1523 314 11.

2007 240 2083 314 914

1204 404 1347 481 Claudii
1366 423 1523 503 tempore
1548 410 1626 482 dira
1647 412 1757 483 lames
1778 412 1846 486 luit
1874 413 1915 483 in
1937 406 2022 486 Asia
2045 429 2080 486 et

1100 506 1265 605 Europa,
1289 525 1455 604 utsupra
1477 512 1650 601 diximus,
1676 515 1714 583 in
1738 539 1807 607 qua
1831 515 1923 587 lame
1938 516 2078 587 modius

1100 613 1271 687 frumenti
1290 628 1427 706 emptus
1442 628 1493 686 est
1506 637 1565 685 sex
1580 611 1776 697 drachmis,
1803 641 1883 688 cum
1898 617 1984 687 alias
1999 639 2109 689 me-r·

1100 714 1281 785 diocribus
1295 716 1398 785 annia
1412 716 1580 788 usitatum
1595 718 1753 810 precium
1771 730 1841 789 tres
1856 717 2006 790 sestertii
2020 739 2075 787 es—

1099 828 1196 903 sent,
1224 817 1355 899 idest,
1390 830 1563 890 nostrates
1595 820 1735 891 nummi
1763 819 1889 910 viginti
1912 832 2076 914 quatuor.

1098 913 1188 1090 bEius
1199 918 1301 990 lamis
1316 920 1457 993 initium
1471 919 1579 995 luisse
1592 944 1687 993 anno
1702 921 1827 1015 quinto
1834 919 1976 994 Claudii
1991 921 2077 992 scri·

1124 1020 1208 1092 itur.

1199 1136 1243 1209 ln
1267 1135 1424 1214 Ecclesia
1447 1139 1534 1216 haec
1558 1145 1770 1217 factasunt:
1801 1137 1937 1213 Maria
1960 1143 2073 1233 virgo,

1098 1253 1210 1312 mater
1227 1232 1392 1330 Christi,
1424 1269 1465 1315 ex
1485 1241 1551 1317 hac
1567 1247 1640 1319 vita
1657 1244 1815 1316 discessit
1829 1241 1971 1316 Claudii
1988 1260 2076 1316 tem-

1098 1366 1201 1434 pore,
1226 1368 1325 1432 cum,
1349 1343 1623 1438 utNicephorus
1639 1347 1779 1433 scribit,
1801 1369 1935 1416 annum
1958 1357 2076 1435 ageret

1098 1468 1234 1516 nonum
1254 1460 1288 1517 et
1302 1446 1645 1541 quinquagesimum.
1695 1447 1781 1519 Fuit
1805 1470 1886 1538 ergo
1903 1456 2076 1537 superstes

1098 1561 1178 1638 post
1200 1550 1493 1621 resurrectionem
1516 1549 1581 1619 filii
1605 1572 1718 1620 anuos
1738 1550 1897 1643 aliquot,
1928 1561 1962 1618 ct
1985 1547 2075 1616 vidit

1097 1649 1199 1720 initia
1215 1645 1394 1721 Ecclesiae
1409 1651 1484 1721 eius
1498 1651 1684 1744 temporis,
1708 1651 1819 1720 multa
1835 1648 1992 1737 ingentia
2006 1648 2077 1715 mi-

1096 1750 1215 1823 racula
1232 1765 1265 1824 et
1280 1752 1451 1846 supplicia
1465 1767 1679 1840 sanctorum,
1705 1765 1740 1823 et
1756 1750 1915 1824 consiliis
1928 1751 2001 1821 suis
2017 1772 2075 1823 ce·

1096 1852 1150 1923 xit
1163 1850 1366 1945 Apostolos.

1198 1968 1307 2064 Apud
1341 1971 1487 2043 unicum
1512 1970 1731 2044 Clementem
1763 1970 1893 2063 legitur
1921 1983 1954 2042 et
1976 1961 2079 2039 Petri

1096 2072 1253 2144 coniunx
1269 2073 1405 2144 adlecta
1422 2097 1496 2144 esse
1509 2076 1705 2166 supplicio,
1737 2072 1965 2156 ubidicitur,
1991 2092 2077 2139 voce

1095 2171 1194 2245 Petri
1226 2176 1433 2246 confirmata
1466 2190 1540 2261 est,
1571 2175 1633 2270 qui
1665 2174 1766 2245 iussit
1799 2197 1875 2243 eam
1896 2170 2077 2245 recordari

1093 2270 1266 2352 Domini.
1318 2274 1359 2346 ld
1379 2276 1409 2347 si
1423 2300 1546 2348 verum
1561 2289 1631 2356 est,
1659 2276 1797 2346 circiter
1818 2275 1913 2343 idem
1938 2286 2076 2364 tempus

1093 2377 1225 2450 factum
1239 2400 1313 2448 esse
1332 2379 1496 2464 videtur,
1523 2400 1596 2472 quo
1609 2374 1727 2447 Maria
1753 2376 1911 2448 decessit.

1195 2493 1273 2568 Sub
1291 2492 1442 2567 Claudio
1458 2509 1492 2572 et
1502 2490 1680 2566 Iacobum
1695 2494 1870 2565 interiecit
1884 2516 1945 2563 rex
1959 2489 2077 2560 Hero-

1093 2597 1156 2669 des
1171 2592 1349 2689 Agrippa,
1376 2596 1438 2690 qui
1455 2597 1577 2690 etipse
1594 2620 1669 2666 non
1684 2596 1798 2667 multo
1814 2606 1893 2688 post
1914 2590 2077 2684 phtiriasi

1119 2698 1212 2774 eriit.
1263 2695 1404 2769 Deinde
1418 2694 1591 2769 Claudius
1606 2695 1774 2769 Iudaeam
1798 2719 1921 2767 rursus
1942 2693 1981 2763 in
2003 2694 2078 2764 lor·

1091 2824 1189 2873 mam
1206 2800 1414 2893 provinciae
1436 2799 1584 2892 redegit.

1194 2931 1268 3004 Nec
1294 2935 1407 3004 multo
1432 2945 1512 3026 post
1532 2930 1701 3026 Synodus
1724 2931 1793 3004 luit
1808 2926 2076 3024 Apostolorum,

1093 3058 1189 3106 anno
1204 3033 1293 3128 jpost
1316 3033 1611 3105 resurrectionem
1634 3030 1769 3105 Christi
1792 3032 1986 3115 sedecimo,
2013 3031 2076 3122 qni

1093 3139 1162 3208 fuit
1187 3158 1303 3205 annos
1325 3133 1469 3206 Claudii
1491 3147 1654 3221 octavus,
1687 3148 1749 3206 aut
1771 3132 1920 3204 circiter.
1973 3129 2015 3201 ln
2037 3153 2078 3201 ea

1094 3237 1241 3336 Synodo
1257 3238 1419 3309 doctrina
1441 3237 1485 3307 dc
1501 3236 1612 3328 gratia
1633 3247 1668 3306 et
1687 3233 1758 3307 lide
1781 3234 1930 3327 repetita
1945 3245 2017 3316 est,
2042 3246 2078 3303 et

1095 3338 1303 3411 asseveratio
1342 3337 1473 3413 tradita
1514 3350 1585 3419 est,
1626 3361 1701 3408 non
1738 3358 1812 3407 esse
1846 3333 2077 3405 necessariam

1094 3440 1378 3513 observationem
1393 3438 1673 3511 ceremoniarum
1687 3435 1939 3508 Mosaicarum.
1973 3431 2076 3504 Hanc

1094 3542 1388 3617 asseverationem
1411 3539 1575 3633 Apostoli
1595 3563 1671 3612 non
1701 3537 1892 3611 autoritate
1920 3530 2077 3606 humana

1094 3646 1350 3728 condiderunt,
1383 3645 1443 3713 sed
1468 3665 1549 3714 cum
1571 3641 1702 3713 scirent
1724 3638 1922 3712 doctrinam
1945 3638 1990 3708 dc
2008 3636 2077 3705 line
2208 3710 2213 3719 ¹

1094 3748 1239 3839 politiae
1261 3744 1444 3833 iudaicae,
1472 3757 1505 3815 et
1527 3743 1572 3813 de
1596 3742 1799 3814 discrimine
1821 3741 1922 3832 regni
1941 3737 2078 3833 politici

1093 3862 1128 3919 et
1143 3849 1244 3939 regni
1260 3843 1415 3929 Christi,
1442 3859 1478 3917 et
1497 3843 1657 3915 iusticias
1672 3842 1952 3914 ceremoniarum
1970 3852 2004 3909 et
2020 3838 2077 3908 iu-

1093 3950 1214 4022 sticiee
1237 3964 1400 4021 aeternae
1423 3973 1444 4018 a
1471 3943 1549 4017 Deo
1580 3968 1644 4036 per
1663 3939 1859 4036 Prophetas
1885 3939 2075 4011 revelatam

1093 4074 1189 4137 esse,
1230 4047 1293 4122 has
1317 4049 1456 4121 divinas
1487 4046 1747 4138 praedictiones
1778 4042 2018 4137 repetiverunt
2044 4051 2078 4108 et

1093 4154 1372 4224 illustraverunt.

1191 4268 1262 4342 Sed
1281 4264 1318 4339 hi
1335 4267 1397 4362 qui
1415 4265 1637 4339 contendunt
1646 4258 1810 4359 Synodos
1830 4272 1864 4331 et
1881 4254 2079 4351 Episcopus

1090 4367 1223 4444 habere
1243 4371 1468 4442 autoritatem
1493 4365 1673 4438 condendi
1706 4385 1817 4435 novas
1846 4362 1958 4451 leges,
1991 4383 2078 4455 quas

1090 4474 1254 4568 amplecti
1278 4468 1475 4542 Ecclesiam
1499 4466 1726 4556 accessesit,
1767 4465 1878 4536 citant
1898 4464 2078 4533 decretum

54 4581 235 4643 ueccntos
259 4587 447 4645 coronatos
472 4589 506 4647 et
527 4575 794 4672 qninquaginta.
847 4576 890 4648 ln
915 4577 1042 4650 studiis
1090 4576 1130 4646 in
1155 4598 1194 4646 ea
1212 4573 1358 4669 Synodo
1382 4573 1515 4642 lactum
1538 4571 1582 4640 de
1598 4562 1827 4661 idolothytis,
1853 4563 2077 4646 scortatione,

53 4672 280 4767 eloquentiae
302 4698 343 4744 eo
367 4678 557 4767 processit,
595 4693 636 4748 ut
661 4674 828 4752 historias
852 4679 1042 4773 scripserit,
1089 4677 1261 4748 suffocato
1285 4688 1320 4748 et
1344 4672 1529 4764 sanguine.
1579 4667 1639 4741 Ad
1655 4664 1748 4738 hanc
1765 4663 2001 4736 obiectioncm
2017 4684 2074 4730 rc·

52 4773 182 4869 quain
199 4798 238 4844 re
251 4776 458 4865 magistrum
474 4774 762 4853 habuitLivium.
814 4779 883 4852 Sed
900 4780 1042 4853 fatuitas
1090 4778 1338 4872 spondendum
1356 4788 1423 4845 est:
1451 4771 1712 4844 Scortationem
1728 4781 1764 4840 et
1784 4789 1882 4836 esum
1897 4758 2079 4856 idolothy-

49 4874 132 4947 eiua
144 4876 390 4968 multipliciter
404 4881 574 4971 exagitata
588 4897 658 4966 cst,
685 4906 764 4954 cum
780 4884 968 4977 praecipue
984 4905 1042 4952 re-
1089 4894 1207 4951 torum
1232 4873 1418 4970 prohiberi
1440 4873 1690 4945 universaliter
1717 4867 1885 4940 omnihus
1909 4860 2079 4956 tempori-

49 4988 196 5070 geretur
216 5001 237 5048 a
255 4977 429 5062 Libertis‚
456 5005 609 5075 quorum
630 4983 787 5074 ingentia
809 4985 903 5057 turta
925 4998 960 5055 et
983 5007 1041 5078 sy·
1088 4983 1179 5064 bus,
1204 4981 1395 5052 autoritate
1409 4973 1588 5065 Decologi.
1639 4970 1736 5061 Ergo
1755 4970 1852 5064 quod
1877 4968 1921 5037 ad
1940 4967 2007 5036 ista
2024 4977 2078 5034 at·

47 5072 300 5171 cophanticam
314 5083 468 5175 populus
483 5084 740 5156 detestabatur:
757 5083 911 5179 Fuitque
927 5086 964 5155 in
981 5107 1041 5155 eos
1089 5085 1189 5167 tinet,
1214 5076 1307 5151 nihil
1324 5078 1411 5150 novi
1430 5078 1691 5149 constituerunt
1707 5069 1885 5164 Apostoli,
1913 5069 1974 5138 sed
1999 5079 2078 5134 tan·

43 5181 310 5279 pronunciatus
332 5206 455 5254 versus
478 5185 517 5254 in
539 5179 694 5257 theatro:
728 5179 916 5282 ἀφόρητος
939 5182 1040 5259 ἐστὶν
1089 5199 1164 5257 tum
1187 5184 1429 5277 repetiverunt
1444 5177 1681 5266 Decalogom,
1716 5173 1780 5268 qui
1802 5185 1853 5242 est
1867 5170 1923 5239 lex
1937 5180 2079 5239 aeterna

41 5280 223 5372 adragas
248 5279 466 5381 μαστιγίας,
494 5300 536 5358 ut
559 5287 666 5377 vulgo
689 5290 841 5362 dicitur:
868 5284 1039 5382 Asperius
1089 5300 1124 5357 et
1140 5283 1384 5356 immutabilis.
1419 5280 1491 5353 Sed
1509 5275 1740 5368 desaoguine
1756 5272 2079 5345 etsuliocatocon·

41 5377 147 5461 nihil
162 5395 214 5456 est
227 5385 357 5457 misero
370 5411 450 5458 cum
463 5388 575 5480 surgit
601 5389 640 5459 in
657 5390 782 5470 altum.
1089 5387 1315 5460 suetudinem
1333 5397 1486 5459 veterem
1502 5379 1669 5454 traditam
1683 5400 1704 5449 a
1718 5375 1817 5463 Noe,
1843 5370 2079 5445 retinuerunt.
