4680 6038
197 129 272 204 661
397 184 402 189 -

200 305 294 384 vita,
317 299 411 375 simi
428 300 472 372 ad
486 296 803 381 Galatas'dicitur,
833 311 875 372 ut
895 301 1084 395 promissio
1102 302 1186 399 Spi-

199 407 289 477 ritus
302 407 457 476 donetur
471 427 536 496 per
549 403 667 477 fidem.

203 570 208 575 -
300 521 436 598 xxvi.
467 518 700 593 Affirmamus
721 518 831 611 igitur
856 518 962 591 etiam
986 514 1074 608 hoc,
1105 523 1185 596 dari

197 624 372 721 Spiritum
387 636 560 708 sanctum,
586 636 620 693 et
636 644 764 693 novam
779 621 956 742 iusticiam
972 645 1035 695 scu
1050 647 1182 698 novam

197 727 435 801 obedientiam
452 721 616 795 inchoari
633 723 672 792 in
689 718 755 794 hac
767 737 852 800 vita.

296 841 448 916 xxvtt.
488 840 609 914 Status
638 854 754 910 autem
784 836 894 911 liuius
921 844 1181 918 controversiae

194 960 323 1033 est,an
338 943 582 1017 cumdicitur:
608 936 725 1013 Fide
744 940 1095 1044 iustificamur,
1121 947 1180 1017 in-

193 1049 304 1137 telligi
320 1070 462 1118 necesse
477 1045 522 1118 sit
537 1046 663 1133 fidem,
689 1045 772 1139 quia
786 1045 855 1117 sibi
871 1047 1021 1141 quisque
1033 1063 1180 1142 propter

191 1150 421 1221 mediatorem
445 1148 579 1223 remitti
602 1162 741 1238 peccata
765 1147 888 1222 credit.
942 1145 997 1221 Dc
1019 1144 1087 1222 hac
1108 1153 1178 1224 fide

191 1251 333 1345 speciali
347 1250 528 1322 dimicatio
546 1261 606 1320 est

289 1367 462 1445 XXVlll.
491 1366 594 1440 Hanc
608 1368 774 1441 reiiciunt
791 1368 998 1458 adversarii,
1024 1385 1058 1443 et
1073 1397 1176 1494 prae-

188 1472 327 1566 cipiunt
350 1472 527 1546 dubitare.
592 1468 689 1541 Haec
713 1470 913 1565 corruptela
934 1473 1175 1596 multoioalios

187 1597 326 1647 errores
344 1573 551 1659 confirmat,
577 1569 670 1643 nihil
686 1596 760 1644 esse
776 1574 1049 1696 imputationem
1070 1592 1174 1698 insti-

186 1678 272 1747 ciae.
303 1740 307 1749 .
338 1675 445 1760 Item,
488 1670 651 1746 homines
681 1674 793 1746 iustos
818 1698 891 1745 esse
918 1699 1063 1797 propria
1085 1678 1173 1770 legis

184 1777 404 1869 impletione.
436 1776 536 1864 Item,
552 1775 819 1868 promissionem
827 1773 1012 1868 Evangelii
1026 1800 1171 1851 inanem

186 1879 345 1952 sonitum
359 1901 450 1965 esse,
476 1902 541 1949 nec
555 1879 686 1949 editam
706 1901 797 1965 esse,
820 1892 861 1948 ut
885 1893 1020 1951 mentes
1042 1906 1170 2002 conso-

184 1982 277 2052 letur
298 1993 360 2053 aut
379 1980 447 2051 fide
468 1981 680 2073 accipiatur,
714 1980 799 2074 quia
823 2003 976 2101 neccsse·
986 1996 1047 2054 aut
1068 2008 1167 2105 pium

183 2085 229 2155 sit
243 2084 417 2155 dubitare.
460 2080 566 2164 ltem,
593 2106 797 2176 quanquam
814 2084 1000 2201 promissio
1017 2099 1068 2157 est
1083 2111 1168 2207 unp·

181 2184 345 2271 versalis,
371 2199 490 2256 tamen
512 2208 592 2254 cum
612 2184 788 2255 dubitatio
806 2186 1042 2306 praecipitur,
1068 2189 1167 2308 tolli-

179 2302 240 2361 tur
268 2280 355 2357 haec
382 2286 598 2371 consolatio,
636 2311 734 2397 cum‘
750 2309 850 2357 mens
879 2287 919 2356 in
941 2290 1165 2410 dubitatione

179 2383 324 2460 ethnico
346 2411 444 2458 more
467 2388 618 2477 cogitati
640 2389 788 2459 fortasse
802 2389 846 2458 ad
862 2412 919 2458 mc
940 2385 1033 2460 nihil
1053 2408 1164 2513 pcrti-

177 2501 240 2560 net
257 2489 457 2580 promissio.
508 2487 618 2570 Item,
643 2513 719 2559 non
735 2489 894 2560 intuetur
911 2514 1011 2610 mens
1027 2497 1163 2615 media-

175 2607 308 2676 torem,
339 2612 403 2660 nec
424 2613 467 2659 eo
492 2590 625 2675 utitur,
654 2608 734 2661 cuin
757 2591 934 2662 existimat
954 2616 995 2712 in
1019 2595 1161 2668 dubita-

174 2693 274 2767 tione
301 2691 519 2761 manendum
550 2715 634 2763 esse.
693 2690 858 2785 Denique
892 2694 997 2765 multi
1025 2720 1162 2817 errores

174 2775 340 2887 impliciti
356 2806 438 2864 sunt
453 2793 633 2864 doctrinae
648 2794 932 2866 adversariorum
953 2798 998 2866 de
1016 2799 1159 2871 dubita-

174 2894 285 2969 tione.

274 3010 411 3088 XXIX.
444 3009 535 3085 Cum
550 3012 659 3105 igitur
675 3012 835 3085 doctrina
860 3014 921 3084 illa
939 3019 1159 3134 praecipiens

170 3115 356 3197 dubitare,
379 3129 413 3187 rt
433 3116 519 3186 falsa
535 3117 601 3201 sit,
628 3129 662 3186 et
685 3116 799 3185 deleat
818 3140 1050 3189 necessariam
1071 3147 1158 3192 con-

169 3219 399 3303 sulationem,
424 3231 460 3288 et
479 3218 632 3290 excutiat
645 3241 764 3286 veram
781 3217 1060 3291 invocationem:
1093 3248 1156 3293 ne-

170 3343 264 3391 cesse
280 3333 333 3390 est
349 3343 505 3389 errorem
522 3320 625 3390 illum
640 3319 798 3390 refutari.

269 3449 388 3523 XXX.
426 3450 628 3543 Tencamus
655 3448 765 3554 igitur
795 3444 882 3520 haec
910 3456 1098 3548 praecipua
1119 3475 1156 3532 et

167 3555 271 3623 firma
286 3565 493 3641 argumenta
509 3554 553 3622 de
569 3552 658 3634 fide,
682 3575 751 3643 qua
767 3552 835 3621 sibi
862 3555 1013 3650 quisque
1037 3562 1153 3653 appli-

168 3653 525 3745 catpromissionem.
654 3751 664 3770 .

269 3751 449 3841 Primum,
475 3755 573 3849 quod
594 3765 719 3823 recitat
733 3750 866 3824 Paulus
890 3759 934 3876 ad
950 3755 1078 3835 Roma.
1096 3760 1150 3840 4.:

104 3826 109 3837 .
165 3856 443 3929 Promissioncm
468 3857 537 3926 fide
568 3855 725 3946 accipere
748 3879 985 3929 necessarium
1008 3876 1079 3950 est,

51 3922 66 3934 ⁰
164 3959 298 4030 Paulus
312 3960 405 4030 clare
420 3959 589 4030 affirmat:
621 3958 708 4029 Ideo
731 3980 773 4027 ex
794 3958 864 4029 fide
885 3963 1012 4052 gratis,
1029 3979 1084 4084 ‘nt

162 4062 264 4132 brrna
286 4062 486 4152 promissio.
540 4057 712 4151 Accipere
732 4072 850 4131 autem
875 4065 1145 4154 promissionem

161 4161 253 4247 fide,
277 4176 328 4233 est
353 4185 550 4254 repugnare
572 4161 807 4254 dubitationi,
842 4177 877 4235 et
900 4189 966 4234 nos
986 4169 1146 4260 singulos

163 4266 208 4334 de
224 4265 329 4332 nobis
343 4277 514 4348 statuere,
538 4264 784 4363 pertinere-ad
804 4289 870 4338 nos
886 4271 1144 4345 reconciliatio-

159 4388 255 4435 nem.
283 4362 378 4455 Ergo
388 4388 584 4456 repugnare
597 4366 813 4437 dubitationi
831 4373 1066 4443 necessarium
1080 4392 1142 4452 est.

261 4464 485 4537 Secundum:
529 4465 570 4538 si
590 4490 662 4535 non
688 4481 739 4538 est
757 4469 917 4541 facienda
938 4475 1141 4565 applicatio,

155 4570 288 4640 frustra
301 4583 351 4639 est
364 4570 457 4639 edita
471 4568 679 4659 promissio,
705 4581 740 4639 et
752 4569 883 4642 frustra
897 4590 999 4645 sonat
1016 4577 1054 4646 in
1069 4577 1139 4651 Ec.

156 4672 260 4743 clesia
279 4696 347 4742 vox
361 4669 608 4741 absolutionis.
659 4667 734 4740 Cur
753 4672 849 4751 enim
872 4678 1061 4749 autoritate
1083 4684 1139 4750 di-

91 4732 107 4753 ‘
155 4773 240 4841 vina
262 4773 519 4864 pronunciatur
541 4767 629 4842 baec
654 4775 844 4846 sententia:
888 4773 1138 4853 Remittuntur

153 4874 221 4946 tibi
237 4890 388 4966 peccata,
402 4873 432 4943 si
448 4874 782 4967 simulpraecipitur
794 4876 984 4954 dubitatio.
1016 4878 1092 4955 lob.
1101 4882 1149 4957 5.·

154 4978 300 5048 dicitur:
328 4974 402 5066 Qui
423 5000 500 5047 non
517 4978 631 5048 credit
644 4973 741 5062 Deo,
773 4993 913 5050 accusat
932 5004 1014 5053 euin
1033 5008 1135 5057 meri-

152 5080 257 5150 dacii.
309 5076 410 5167 Quid
427 5078 524 5149 aliud
539 5079 578 5149 fit
592 5080 638 5149 ab
650 5079 737 5167 ipsis
750 5080 1047 5172 praecipientibus
1066 5089 1136 5158 du-

149 5179 385 5252 bitationem?
457 5175 562 5251 Certe
588 5177 764 5250 Davidem
798 5185 957 5271 oportuit
992 5190 1135 5261 credere

963 90 1452 224 oisaorario'iins

2148 181 2222 259 660

1236 307 1287 383 ita
1314 327 1349 386 et
1370 339 1437 388 nos
1456 318 1495 390 in
1516 316 1677 400 Ecclesia
1703 356 1787 407 vere
1806 338 1977 417 debemus
2005 344 2220 429 absolutioni

1236 416 1396 504 credere,
1419 434 1590 519 tanquam
1607 432 1685 502 voci
1699 429 1766 506 Dei
1783 441 1827 511 de
1842 444 1941 516 coelo
1955 453 2117 531 sonanti.

1337 514 1520 597 Tertium:
1573 526 1756 609 Instilicati
1785 542 1855 614 lide
1881 570 2006 641 pacem
2036 547 2218 635 habemus.

1233 613 1465 695 Manifestum
1483 643 1535 702 est
1548 631 1773 713 dubitatione
1790 668 1864 716 non
1879 650 1971 725 effici
1990 678 2120 747 pacem
2137 682 2219 733 rou·

1232 719 1418 813 scientiae,
1443 732 1504 800 sed
1519 736 1630 828 magis
1646 745 1767 833 augeri
1784 770 1964 839 pavorem.
1997 755 2089 833 Vult
2104 774 2217 835 auteur

1232 818 1366 896 Paulus
1386 828 1492 902 talem
1515 857 1588 908 esse
1609 840 1735 930 fidem,
1767 873 1859 942 qnae
1880 878 2001 947 pacem
2026 861 2216 955 efficiatis

1231 929 1460 1018 conscientia,
1485 940 1679 1033 etquidem
1696 953 1839 1024 accedat
1858 961 1905 1026 ad
1923 953 2060 1048 Deum,
2086 977 2130 1037 ut
2144 962 2213 1040 Ro-

1231 1050 1300 1102 ma.
1315 1025 1352 1106 6.
1375 1032 1516 1108 dicitur.
1563 1039 1711 1118 Necesse
1730 1066 1782 1123 est
1799 1054 1910 1144 igitur
1928 1055 2023 1135 hanc
2036 1064 2149 1138 fidem
2162 1068 2211 1141 iu·

1229 1128 1342 1221 telligi
1361 1134 1405 1204 dc
1426 1139 1588 1228 speciali,
1612 1171 1702 1239 quac
1719 1172 1894 1247 repugnat
1910 1162 2155 1258 dubitationi,
2179 1186 2209 1244 tt

1228 1237 1485 1321 perterrefactis
1511 1249 1691 1322 mentibus
1718 1255 1808 1329 lenit
1838 1261 2019 1356 dolorem,
2051 1294 2139 1343 cnm
2156 1293 2209 1345 at·

1228 1334 1415 1426 quiescunt
1427 1339 1466 1410 in
1481 1347 1686 1424 mediatore.
1748 1398 1753 1406 -

1329 1436 1523 1528 Quartum:
1574 1447 1722 1526 Tollcns
1754 1452 1847 1533 banc
1874 1465 1981 1540 fidem
2012 1474 2208 1572 specialem,

1225 1536 1322 1609 tollit
1335 1564 1439 1613 usum
1455 1549 1680 1637 mediatoris,
1705 1561 1789 1651 quia
1804 1566 1972 1643 dubitans
1992 1568 2042 1645 an
2064 1581 2213 1676 recipia-

1225 1650 1304 1725 tur,
1329 1665 1405 1714 uon
1423 1651 1649 1741 amplectitur
1663 1658 1873 1737 beneficium
1893 1674 2126 1766 mediatoris,
2148 1689 2204 1763 ted

1223 1740 1395 1837 relinquit
1417 1772 1499 1819 eum
1514 1767 1693 1851 ‚tanquam
1715 1764 1887 1857 otiosum,
1919 1797 1986 1847 nec
2008 1785 2145 1856 accedit
2164 1792 2203 1860 ad

1222 1865 1323 1930 eum,
1348 1850 1554 1942 confugiens
1569 1862 1614 1928 ad
1631 1859 1742 1952 ipsius
1757 1866 2063 1952 intercessionem.
2115 1885 2200 1962 llaec

1220 1959 1337 2016 autem
1368 1950 1451 2040 fuga
1484 1959 1614 2031 mentis
1646 1982 1781 2057 pugnat
1811 1976 2000 2055 manifeste
2033 2009 2117 2058 cum
2152 1986 2201 2064 liis

1219 2045 1342 2135 dictis,
1367 2053 1411 2120 ad
1427 2051 1554 2133 Roma.
1569 2057 1623 2137 5.:
1650 2063 1719 2137 Per
1731 2064 1828 2143 hunc
1842 2069 2016 2154 habemus
2032 2110 2202 2166 accessum

1218 2159 1282 2222 etc.
1333 2148 1392 2222 Ad
1408 2150 1537 2248 Ephes.
1554 2162 1605 2233 5.:
1630 2165 1701 2239 Per
1721 2181 2016 2265 quemaudemus
2032 2196 2203 2285 accedere,

1218 2263 1252 2319 ct
1268 2250 1434 2325 fiduciam
1460 2254 1632 2336 habemus
1651 2293 1716 2362 per
1737 2274 1841 2346 fidem
1867 2281 1906 2352 iii
1928 2285 2062 2377 ipsunt.
2108 2294 2200 2373 flasi

1216 2351 1406 2446 descriptio
1423 2363 1506 2432 satis
1521 2368 1705 2455 perspicue
1721 2380 1877 2455 ostendit
1900 2390 2075 2475 postulari
2097 2400 2198 2473 talem

1215 2451 1331 2541 fidem,
1353 2483 1443 2551 quae
1457 2463 1503 2538 sit
1517 2467 1646 2540 fiducia
1665 2482 1833 2553 accedens
1850 2486 2033 2578 adDmm,
2054 2503 2193 2573 musul-

1214 2554 1258 2624 tis
1273 2557 1472 2649 insignibus
1486 2570 1604 2641 verbis
1619 2596 1696 2644 eam
1710 2578 1876 2670 illustrat,
1894 2603 1943 2662 ut
1956 2616 2052 2665 mens
2063 2602 2193 2692 pauida

1212 2668 1248 2826 (eit
1275 2659 1444 2736 dubitans
1471 2667 1670 2747 attrahatur
1696 2682 1740 2750 ad
1770 2680 1887 2758 Deum
1918 2693 2101 2789 adiuncta,
2120 2728 2193 2777 iue-

1239 2759 1354 2835 iatori.

1313 2879 1448 2955 XXXI.
1505 2886 1603 2964 Haec
1642 2919 1848 2990 argumenta
1888 2917 2079 3009 perspicua
2113 2939 2186 2997 tunt

1211 2978 1398 3066 omnibus,
1437 2991 1499 3082 qni
1531 3012 1665 3070 norunt
1695 3009 1858 3080 exercitia
1888 3019 2130 3107 poenitentiae
2153 3040 2184 3098 et

1210 3078 1304 3153 fidei.
1357 3083 1431 3175 Qui
1445 3115 1530 3163 vero
1545 3108 1618 3183 tam
1634 3105 1829 3180 manifestis
1844 3124 2069 3204 argumentis
2091 3141 2125 3200 et
2139 3141 2185 3200 ta

1209 3181 1388 3257 stimoniis
1414 3188 1520 3262 Pauli
1545 3220 1764 3294 repugnant,
1805 3221 2004 3294 ostendunt
2035 3248 2075 3297 se
2102 3230 2184 3303 vitu

1208 3279 1406 3375 Ethnicos,
1426 3317 1492 3365 nec
1508 3302 1745 3387 poenitentiae
1763 3334 1828 3384 nec
1844 3317 1926 3391 fidei
1941 3327 2110 3402 exercitia
2127 3356 2181 3403 us·

1208 3385 1318 3474 visse,
1339 3405 1373 3461 et
1386 3393 1571 3487 indulgere
1585 3404 1886 3507 dubitationibus,
1913 3448 2073 3518 quarum
2092 3434 2179 3527 plot

1206 3501 1290 3558 sunt
1304 3485 1490 3567 bominum
1506 3516 1667 3593 pectora,
1695 3527 1736 3582 ut
1752 3517 1925 3594 clamores
1940 3531 2176 3607 motioriiiiiio

1206 3595 1386 3664 aerumnis
1401 3604 1612 3693 ostendunt,
1638 3612 1701 3702 qui
1715 3628 1800 3688 tunc
1815 3626 2013 3702 ostendunt
2029 3658 2111 3710 auae
2121 3640 2193 3737 dtt·x

1203 3688 1413 3784 bitatioues,
1436 3715 1477 3775 ut
1492 3703 1527 3775 t.
1543 3703 1694 3782 Aeneid.
1708 3716 1827 3812 inquit
1842 3749 1904 3796 rex
1916 3729 2075 3825 impius:

1514 3811 1580 3878 Nos
1600 3840 1724 3885 munera
1745 3836 1877 3914 templis,

1198 4096 1311 4171 filium
1332 4101 1399 4176 Dei
1415 4124 1448 4181 ct
1464 4112 1581 4201 fidem.

1228 4281 1236 4293 ,
1298 4220 1451 4298 XXXII.
1482 4225 1564 4304 Etsi
1578 4252 1695 4311 autem
1712 4263 1916 4325 sanctorum
1939 4261 2059 4335 animi
2078 4265 2169 4340 etiam

1195 4319 1234 4389 in
1273 4317 1340 4395 hac
1371 4329 1444 4399 vita
1478 4333 1682 4426 ingentibus
1716 4350 1984 4432 dubitationum
2018 4368 2170 4443 fluctibus

1193 4445 1296 4515 saepe
1309 4433 1572 4528 concutiuntur,
1598 4457 1715 4518 tamen
1732 4453 1782 4544 pii
1800 4460 2078 4546 promissionem
2091 4466 2169 4543 diri-

1192 4546 1275 4596 nam
1299 4552 1508 4622 opponuot,
1541 4556 1576 4614 et
1596 4570 1796 4640 repugnant
1818 4561 2060 4658 dubitationi,
2089 4587 2121 4646 et
2138 4575 2169 4645 io

1191 4629 1386 4703 mediatore
1400 4640 1638 4733 acquiescunt.

1398 4892 1683 4990 Disputatio
1730 4916 1961 4993 secundo:

1472 5031 1534 5105 De
1559 5033 1665 5112 bonis
1690 5046 1877 5137 operibus.

150 5282 230 5352 voci
252 5275 412 5352 Nathan:
446 5277 622 5352 Dominus
644 5282 790 5354 abstulit
813 5299 993 5372 peccatum
1014 5303 1133 5363 tuum:
1183 5323 1275 5390 genu
1307 5300 1331 5377 h
