<?xml version="1.0" encoding="UTF-8"?>
<!DOCTYPE html PUBLIC "-//W3C//DTD XHTML 1.0 Transitional//EN"
    "http://www.w3.org/TR/xhtml1/DTD/xhtml1-transitional.dtd">
<html xmlns="http://www.w3.org/1999/xhtml" xml:lang="en" lang="en">
 <head>
  <title>
</title>
<meta http-equiv="Content-Type" content="text/html;charset=utf-8" />
  <meta name='ocr-system' content='tesseract 3.04.00' />
  <meta name='ocr-capabilities' content='ocr_page ocr_carea ocr_par ocr_line ocrx_word'/>
</head>
<body>
  <div class='ocr_page' id='page_1' title='image "./corpusreformato00bretgoog_0479.png"; bbox 0 0 4680 6038; ppageno 0'>
   <div class='ocr_carea' id='block_1_1' title="bbox 36 90 2226 290">
    <p class='ocr_par' dir='ltr' id='par_1_1' title="bbox 36 90 2226 290">
     <span class='ocr_line' id='line_1_1' title="bbox 36 90 2226 290; baseline -0.018 -29"><span class='ocrx_word' id='word_1_1' title='bbox 36 90 44 101; x_wconf 20' lang='grc' dir='ltr'>ί</span> <span class='ocrx_word' id='word_1_2' title='bbox 173 177 269 257; x_wconf 79' lang='lat' dir='ltr'>sou</span> <span class='ocrx_word' id='word_1_3' title='bbox 414 161 624 245; x_wconf 79' lang='lat' dir='ltr'>semera</span> <span class='ocrx_word' id='word_1_4' title='bbox 650 160 728 240; x_wconf 81' lang='lat' dir='ltr'>ea,</span> <span class='ocrx_word' id='word_1_5' title='bbox 752 154 870 237; x_wconf 78' lang='lat' dir='ltr'>uus.</span> <span class='ocrx_word' id='word_1_6' title='bbox 893 120 1379 233; x_wconf 71' lang='lat' dir='ltr'>tonsuratores</span> <span class='ocrx_word' id='word_1_7' title='bbox 1404 138 1959 290; x_wconf 60' lang='lat' dir='ltr'>monuissemus</span> <span class='ocrx_word' id='word_1_8' title='bbox 2092 165 2226 277; x_wconf 69' lang='lat' dir='ltr'>¹⁰l2²</span> 
     </span>
    </p>
   </div>
   <div class='ocr_carea' id='block_1_2' title="bbox 170 324 2197 3319">
    <p class='ocr_par' dir='ltr' id='par_1_2' title="bbox 170 324 2197 3319">
     <span class='ocr_line' id='line_1_2' title="bbox 170 324 2191 427; baseline -0.008 -4"><span class='ocrx_word' id='word_1_9' title='bbox 170 350 284 423; x_wconf 89' lang='lat' dir='ltr'>vietus</span> <span class='ocrx_word' id='word_1_10' title='bbox 305 355 380 417; x_wconf 86' lang='lat' dir='ltr'>arte</span> <span class='ocrx_word' id='word_1_11' title='bbox 400 366 437 416; x_wconf 87' lang='lat' dir='ltr'>se</span> <span class='ocrx_word' id='word_1_12' title='bbox 457 361 579 417; x_wconf 75' lang='lat' dir='ltr'>seusus</span> <span class='ocrx_word' id='word_1_13' title='bbox 594 335 715 410; x_wconf 84' lang='lat' dir='ltr'>erexit.</span> <span class='ocrx_word' id='word_1_14' title='bbox 765 328 862 404; x_wconf 86' lang='lat' dir='ltr'>Pene</span> <span class='ocrx_word' id='word_1_15' title='bbox 876 328 1036 405; x_wconf 86' lang='lat' dir='ltr'>Sertorio</span> <span class='ocrx_word' id='word_1_16' title='bbox 1057 329 1159 405; x_wconf 88' lang='lat' dir='ltr'>simi-</span> <span class='ocrx_word' id='word_1_17' title='bbox 1203 326 1308 413; x_wconf 88' lang='lat' dir='ltr'>liliis,</span> <span class='ocrx_word' id='word_1_18' title='bbox 1331 337 1367 397; x_wconf 92' lang='lat' dir='ltr'>et</span> <span class='ocrx_word' id='word_1_19' title='bbox 1388 324 1599 421; x_wconf 88' lang='lat' dir='ltr'>quibusdam</span> <span class='ocrx_word' id='word_1_20' title='bbox 1623 330 1782 422; x_wconf 88' lang='lat' dir='ltr'>cognatis</span> <span class='ocrx_word' id='word_1_21' title='bbox 1803 331 1878 405; x_wconf 87' lang='lat' dir='ltr'>eins</span> <span class='ocrx_word' id='word_1_22' title='bbox 1899 357 2055 427; x_wconf 86' lang='lat' dir='ltr'>regnum</span> <span class='ocrx_word' id='word_1_23' title='bbox 2078 338 2191 413; x_wconf 83' lang='lat' dir='ltr'>tenuit</span> 
     </span>
     <span class='ocr_line' id='line_1_3' title="bbox 171 429 2193 538; baseline -0.007 -15"><span class='ocrx_word' id='word_1_24' title='bbox 171 453 237 534; x_wconf 94' lang='lat' dir='ltr'>lis,</span> <span class='ocrx_word' id='word_1_25' title='bbox 269 470 418 538; x_wconf 86' lang='lat' dir='ltr'>regnum</span> <span class='ocrx_word' id='word_1_26' title='bbox 449 445 488 514; x_wconf 91' lang='lat' dir='ltr'>in</span> <span class='ocrx_word' id='word_1_27' title='bbox 510 443 626 512; x_wconf 86' lang='lat' dir='ltr'>aliena</span> <span class='ocrx_word' id='word_1_28' title='bbox 659 454 752 512; x_wconf 84' lang='lat' dir='ltr'>terra</span> <span class='ocrx_word' id='word_1_29' title='bbox 782 461 856 507; x_wconf 90' lang='lat' dir='ltr'>nnn</span> <span class='ocrx_word' id='word_1_30' title='bbox 884 434 1021 526; x_wconf 90' lang='lat' dir='ltr'>magnis</span> <span class='ocrx_word' id='word_1_31' title='bbox 1046 433 1158 527; x_wconf 88' lang='lat' dir='ltr'>copiis</span> <span class='ocrx_word' id='word_1_32' title='bbox 1205 429 1480 502; x_wconf 90' lang='lat' dir='ltr'>Gitimerannos</span> <span class='ocrx_word' id='word_1_33' title='bbox 1495 431 1665 526; x_wconf 90' lang='lat' dir='ltr'>quinque.</span> <span class='ocrx_word' id='word_1_34' title='bbox 1700 429 2193 531; x_wconf 84' lang='lat' dir='ltr'>Hildericumetiampostre-</span> 
     </span>
     <span class='ocr_line' id='line_1_4' title="bbox 172 532 2192 645; baseline -0.007 -18"><span class='ocrx_word' id='word_1_35' title='bbox 172 555 332 645; x_wconf 87' lang='lat' dir='ltr'>adeptus.</span> <span class='ocrx_word' id='word_1_36' title='bbox 393 544 569 619; x_wconf 90' lang='lat' dir='ltr'>Addictus</span> <span class='ocrx_word' id='word_1_37' title='bbox 603 539 750 615; x_wconf 88' lang='lat' dir='ltr'>Arianis</span> <span class='ocrx_word' id='word_1_38' title='bbox 788 537 922 631; x_wconf 76' lang='lat' dir='ltr'>expulit</span> <span class='ocrx_word' id='word_1_39' title='bbox 961 532 1159 630; x_wconf 83' lang='lat' dir='ltr'>Episcopus</span> <span class='ocrx_word' id='word_1_40' title='bbox 1204 557 1263 603; x_wconf 90' lang='lat' dir='ltr'>mo</span> <span class='ocrx_word' id='word_1_41' title='bbox 1287 555 1381 601; x_wconf 90' lang='lat' dir='ltr'>anno</span> <span class='ocrx_word' id='word_1_42' title='bbox 1414 533 1599 607; x_wconf 71' lang='lat' dir='ltr'><strong>interfecit.</strong></span> <span class='ocrx_word' id='word_1_43' title='bbox 1651 532 1748 624; x_wconf 88' lang='lat' dir='ltr'>Quia</span> <span class='ocrx_word' id='word_1_44' title='bbox 1769 561 1853 609; x_wconf 92' lang='lat' dir='ltr'>vero</span> <span class='ocrx_word' id='word_1_45' title='bbox 1878 537 2085 615; x_wconf 83' lang='lat' dir='ltr'>iustiniano</span> <span class='ocrx_word' id='word_1_46' title='bbox 2116 566 2192 613; x_wconf 85' lang='lat' dir='ltr'>euro</span> 
     </span>
     <span class='ocr_line' id='line_1_5' title="bbox 173 633 2195 734; baseline -0.005 -7"><span class='ocrx_word' id='word_1_47' title='bbox 173 667 267 727; x_wconf 89' lang='lat' dir='ltr'>recte</span> <span class='ocrx_word' id='word_1_48' title='bbox 291 651 494 724; x_wconf 75' lang='lat' dir='ltr'>sentientes.</span> <span class='ocrx_word' id='word_1_49' title='bbox 1204 633 1387 705; x_wconf 86' lang='lat' dir='ltr'>Hilderico</span> <span class='ocrx_word' id='word_1_50' title='bbox 1407 634 1532 707; x_wconf 78' lang='lat' dir='ltr'>foedus</span> <span class='ocrx_word' id='word_1_51' title='bbox 1554 648 1647 722; x_wconf 90' lang='lat' dir='ltr'>erat,</span> <span class='ocrx_word' id='word_1_52' title='bbox 1679 637 1832 711; x_wconf 88' lang='lat' dir='ltr'>liberare</span> <span class='ocrx_word' id='word_1_53' title='bbox 1853 657 1998 734; x_wconf 87' lang='lat' dir='ltr'>captum</span> <span class='ocrx_word' id='word_1_54' title='bbox 2014 644 2195 716; x_wconf 87' lang='lat' dir='ltr'>studebat.</span> 
     </span>
     <span class='ocr_line' id='line_1_6' title="bbox 664 733 2197 835; baseline 0.01 -31"><span class='ocrx_word' id='word_1_55' title='bbox 664 812 673 828; x_wconf 49' lang='lat'><strong>·</strong></span> <span class='ocrx_word' id='word_1_56' title='bbox 906 736 916 755; x_wconf 84' lang='lat'>&#39;</span> <span class='ocrx_word' id='word_1_57' title='bbox 1205 735 1277 809; x_wconf 87' lang='lat' dir='ltr'>Sed</span> <span class='ocrx_word' id='word_1_58' title='bbox 1299 759 1380 807; x_wconf 88' lang='lat' dir='ltr'>cum</span> <span class='ocrx_word' id='word_1_59' title='bbox 1407 733 1560 808; x_wconf 85' lang='lat' dir='ltr'>Gilimer</span> <span class='ocrx_word' id='word_1_60' title='bbox 1583 741 1733 832; x_wconf 82' lang='lat' dir='ltr'>superbe</span> <span class='ocrx_word' id='word_1_61' title='bbox 1757 748 2007 835; x_wconf 77' lang='lat' dir='ltr'>responderet,</span> <span class='ocrx_word' id='word_1_62' title='bbox 2041 747 2197 819; x_wconf 88' lang='lat' dir='ltr'>etmulti</span> 
     </span>
     <span class='ocr_line' id='line_1_7' title="bbox 493 803 2194 937; baseline 0.005 -26"><span class='ocrx_word' id='word_1_63' title='bbox 493 816 761 931; x_wconf 49' lang='lat' dir='ltr'>,HW‘WM</span> <span class='ocrx_word' id='word_1_64' title='bbox 786 803 836 878; x_wconf 79' lang='grc' dir='ltr'>ῙῙ·</span> <span class='ocrx_word' id='word_1_65' title='bbox 1205 839 1244 909; x_wconf 90' lang='lat' dir='ltr'>in</span> <span class='ocrx_word' id='word_1_66' title='bbox 1263 834 1382 909; x_wconf 85' lang='lat' dir='ltr'>Alrica</span> <span class='ocrx_word' id='word_1_67' title='bbox 1396 840 1636 912; x_wconf 80' lang='lat' dir='ltr'>defensionem</span> <span class='ocrx_word' id='word_1_68' title='bbox 1650 856 1773 914; x_wconf 90' lang='lat' dir='ltr'>contra</span> <span class='ocrx_word' id='word_1_69' title='bbox 1788 845 1939 937; x_wconf 89' lang='lat' dir='ltr'>impium</span> <span class='ocrx_word' id='word_1_70' title='bbox 1962 861 1997 918; x_wconf 93' lang='lat' dir='ltr'>et</span> <span class='ocrx_word' id='word_1_71' title='bbox 2013 849 2194 919; x_wconf 81' lang='lat' dir='ltr'>crudelem</span> 
     </span>
     <span class='ocr_line' id='line_1_8' title="bbox 276 933 2195 1034; baseline -0.002 -10"><span class='ocrx_word' id='word_1_72' title='bbox 276 947 487 1025; x_wconf 83' lang='lat' dir='ltr'>Honoricus</span> <span class='ocrx_word' id='word_1_73' title='bbox 508 945 673 1020; x_wconf 89' lang='lat' dir='ltr'>successit</span> <span class='ocrx_word' id='word_1_74' title='bbox 697 942 889 1014; x_wconf 87' lang='lat' dir='ltr'>Genserico</span> <span class='ocrx_word' id='word_1_75' title='bbox 910 963 1005 1013; x_wconf 90' lang='lat' dir='ltr'>anno</span> <span class='ocrx_word' id='word_1_76' title='bbox 1023 933 1160 1011; x_wconf 86' lang='lat' dir='ltr'>Christi</span> <span class='ocrx_word' id='word_1_77' title='bbox 1205 963 1322 1032; x_wconf 89' lang='lat' dir='ltr'>regem</span> <span class='ocrx_word' id='word_1_78' title='bbox 1347 955 1522 1034; x_wconf 87' lang='lat' dir='ltr'>peterent,</span> <span class='ocrx_word' id='word_1_79' title='bbox 1547 943 1645 1015; x_wconf 87' lang='lat' dir='ltr'>misit</span> <span class='ocrx_word' id='word_1_80' title='bbox 1670 968 1711 1017; x_wconf 89' lang='lat' dir='ltr'>eo</span> <span class='ocrx_word' id='word_1_81' title='bbox 1729 942 1948 1021; x_wconf 76' lang='lat' dir='ltr'>lastinianus</span> <span class='ocrx_word' id='word_1_82' title='bbox 1964 950 2099 1022; x_wconf 90' lang='lat' dir='ltr'>ducem</span> <span class='ocrx_word' id='word_1_83' title='bbox 2115 947 2195 1021; x_wconf 91' lang='lat' dir='ltr'>Bel·</span> 
     </span>
     <span class='ocr_line' id='line_1_9' title="bbox 177 1042 2196 1152; baseline -0.002 -24"><span class='ocrx_word' id='word_1_84' title='bbox 177 1052 524 1152; x_wconf 86' lang='lat' dir='ltr'>quadringentesimo</span> <span class='ocrx_word' id='word_1_85' title='bbox 546 1047 758 1140; x_wconf 83' lang='lat' dir='ltr'>sexagesimo</span> <span class='ocrx_word' id='word_1_86' title='bbox 784 1059 893 1117; x_wconf 83' lang='lat' dir='ltr'>sexto.</span> <span class='ocrx_word' id='word_1_87' title='bbox 946 1042 1081 1114; x_wconf 90' lang='lat' dir='ltr'>Tenuit</span> <span class='ocrx_word' id='word_1_88' title='bbox 1102 1056 1160 1111; x_wconf 74' lang='lat' dir='ltr'>re·</span> <span class='ocrx_word' id='word_1_89' title='bbox 1205 1043 1365 1115; x_wconf 89' lang='lat' dir='ltr'>lisariom</span> <span class='ocrx_word' id='word_1_90' title='bbox 1381 1044 1606 1118; x_wconf 84' lang='lat' dir='ltr'>excellentem</span> <span class='ocrx_word' id='word_1_91' title='bbox 1633 1044 1793 1135; x_wconf 88' lang='lat' dir='ltr'>iusticia,</span> <span class='ocrx_word' id='word_1_92' title='bbox 1818 1050 1966 1123; x_wconf 89' lang='lat' dir='ltr'>scientia</span> <span class='ocrx_word' id='word_1_93' title='bbox 1994 1052 2052 1123; x_wconf 88' lang='lat' dir='ltr'>rei</span> <span class='ocrx_word' id='word_1_94' title='bbox 2067 1053 2196 1123; x_wconf 90' lang='lat' dir='ltr'>milita-</span> 
     </span>
     <span class='ocr_line' id='line_1_10' title="bbox 175 1136 2195 1251; baseline -0.002 -24"><span class='ocrx_word' id='word_1_95' title='bbox 175 1181 286 1251; x_wconf 85' lang='lat' dir='ltr'>gnum</span> <span class='ocrx_word' id='word_1_96' title='bbox 298 1177 412 1226; x_wconf 89' lang='lat' dir='ltr'>annos</span> <span class='ocrx_word' id='word_1_97' title='bbox 428 1136 579 1245; x_wconf 88' lang='lat' dir='ltr'>septem,</span> <span class='ocrx_word' id='word_1_98' title='bbox 605 1150 704 1221; x_wconf 88' lang='lat' dir='ltr'>cuius</span> <span class='ocrx_word' id='word_1_99' title='bbox 720 1162 859 1241; x_wconf 88' lang='lat' dir='ltr'>tempus</span> <span class='ocrx_word' id='word_1_100' title='bbox 875 1146 1011 1236; x_wconf 79' lang='lat' dir='ltr'>insigne</span> <span class='ocrx_word' id='word_1_101' title='bbox 1033 1156 1084 1214; x_wconf 91' lang='lat' dir='ltr'>est</span> <span class='ocrx_word' id='word_1_102' title='bbox 1101 1143 1161 1212; x_wconf 91' lang='lat' dir='ltr'>in·</span> <span class='ocrx_word' id='word_1_103' title='bbox 1207 1144 1532 1233; x_wconf 82' lang='lat' dir='ltr'>ris,--sortitudine,</span> <span class='ocrx_word' id='word_1_104' title='bbox 1558 1147 1789 1221; x_wconf 80' lang='lat' dir='ltr'>beneficentia</span> <span class='ocrx_word' id='word_1_105' title='bbox 1805 1165 1840 1223; x_wconf 94' lang='lat' dir='ltr'>et</span> <span class='ocrx_word' id='word_1_106' title='bbox 1858 1154 2048 1227; x_wconf 87' lang='lat' dir='ltr'>modestia.</span> <span class='ocrx_word' id='word_1_107' title='bbox 2093 1152 2195 1242; x_wconf 82' lang='lat' dir='ltr'>Huic,</span> 
     </span>
     <span class='ocr_line' id='line_1_11' title="bbox 176 1244 2195 1350; baseline -0 -22"><span class='ocrx_word' id='word_1_108' title='bbox 176 1260 273 1350; x_wconf 86' lang='lat' dir='ltr'>genti</span> <span class='ocrx_word' id='word_1_109' title='bbox 289 1255 495 1328; x_wconf 88' lang='lat' dir='ltr'>crudelitate</span> <span class='ocrx_word' id='word_1_110' title='bbox 510 1253 618 1343; x_wconf 85' lang='lat' dir='ltr'>regis,</span> <span class='ocrx_word' id='word_1_111' title='bbox 640 1252 733 1323; x_wconf 86' lang='lat' dir='ltr'>lame</span> <span class='ocrx_word' id='word_1_112' title='bbox 749 1263 783 1321; x_wconf 92' lang='lat' dir='ltr'>et</span> <span class='ocrx_word' id='word_1_113' title='bbox 798 1248 998 1343; x_wconf 88' lang='lat' dir='ltr'>pestilentia</span> <span class='ocrx_word' id='word_1_114' title='bbox 1008 1244 1160 1326; x_wconf 83' lang='lat' dir='ltr'>Africae,</span> <span class='ocrx_word' id='word_1_115' title='bbox 1207 1269 1287 1319; x_wconf 89' lang='lat' dir='ltr'>cum</span> <span class='ocrx_word' id='word_1_116' title='bbox 1301 1246 1416 1340; x_wconf 81' lang='lat' dir='ltr'>primp</span> <span class='ocrx_word' id='word_1_117' title='bbox 1434 1249 1568 1341; x_wconf 90' lang='lat' dir='ltr'>praelio</span> <span class='ocrx_word' id='word_1_118' title='bbox 1585 1249 1725 1324; x_wconf 87' lang='lat' dir='ltr'>vicisset</span> <span class='ocrx_word' id='word_1_119' title='bbox 1743 1249 1981 1341; x_wconf 88' lang='lat' dir='ltr'>Gilimemm,</span> <span class='ocrx_word' id='word_1_120' title='bbox 2008 1250 2195 1348; x_wconf 79' lang='lat' dir='ltr'>Carthagi-</span> 
     </span>
     <span class='ocr_line' id='line_1_12' title="bbox 176 1350 2194 1450; baseline -0.002 -17"><span class='ocrx_word' id='word_1_121' title='bbox 176 1374 211 1433; x_wconf 90' lang='lat' dir='ltr'>et</span> <span class='ocrx_word' id='word_1_122' title='bbox 240 1372 332 1432; x_wconf 89' lang='lat' dir='ltr'>tetro</span> <span class='ocrx_word' id='word_1_123' title='bbox 364 1357 459 1427; x_wconf 80' lang='lat' dir='ltr'>exitu</span> <span class='ocrx_word' id='word_1_124' title='bbox 491 1354 645 1450; x_wconf 78' lang='lat' dir='ltr'>tyranni.</span> <span class='ocrx_word' id='word_1_125' title='bbox 706 1351 880 1424; x_wconf 90' lang='lat' dir='ltr'>Honestas</span> <span class='ocrx_word' id='word_1_126' title='bbox 911 1364 1092 1421; x_wconf 87' lang='lat' dir='ltr'>matronas</span> <span class='ocrx_word' id='word_1_127' title='bbox 1125 1359 1162 1417; x_wconf 88' lang='lat' dir='ltr'>et</span> <span class='ocrx_word' id='word_1_128' title='bbox 1207 1371 1333 1422; x_wconf 88' lang='lat' dir='ltr'>nenses</span> <span class='ocrx_word' id='word_1_129' title='bbox 1349 1350 1444 1421; x_wconf 91' lang='lat' dir='ltr'>ultro</span> <span class='ocrx_word' id='word_1_130' title='bbox 1465 1352 1588 1421; x_wconf 89' lang='lat' dir='ltr'>urbem</span> <span class='ocrx_word' id='word_1_131' title='bbox 1609 1354 1859 1444; x_wconf 75' lang='lat' dir='ltr'>patefecerunt.</span> <span class='ocrx_word' id='word_1_132' title='bbox 1909 1356 2045 1430; x_wconf 88' lang='lat' dir='ltr'>Postea</span> <span class='ocrx_word' id='word_1_133' title='bbox 2059 1360 2194 1450; x_wconf 85' lang='lat' dir='ltr'>lugien-</span> 
     </span>
     <span class='ocr_line' id='line_1_13' title="bbox 176 1448 2194 1553; baseline 0 -22"><span class='ocrx_word' id='word_1_134' title='bbox 176 1461 331 1553; x_wconf 89' lang='lat' dir='ltr'>virgines</span> <span class='ocrx_word' id='word_1_135' title='bbox 347 1459 496 1529; x_wconf 87' lang='lat' dir='ltr'>nudatas</span> <span class='ocrx_word' id='word_1_136' title='bbox 511 1456 712 1550; x_wconf 85' lang='lat' dir='ltr'>suspendit,</span> <span class='ocrx_word' id='word_1_137' title='bbox 738 1455 873 1525; x_wconf 84' lang='lat' dir='ltr'>facibus</span> <span class='ocrx_word' id='word_1_138' title='bbox 890 1452 979 1524; x_wconf 91' lang='lat' dir='ltr'>ussit</span> <span class='ocrx_word' id='word_1_139' title='bbox 1000 1473 1161 1543; x_wconf 89' lang='lat' dir='ltr'>corpora,</span> <span class='ocrx_word' id='word_1_140' title='bbox 1207 1467 1277 1524; x_wconf 92' lang='lat' dir='ltr'>tem</span> <span class='ocrx_word' id='word_1_141' title='bbox 1296 1448 1510 1523; x_wconf 86' lang='lat' dir='ltr'>Gilimerum</span> <span class='ocrx_word' id='word_1_142' title='bbox 1525 1478 1567 1524; x_wconf 83' lang='lat' dir='ltr'>ex</span> <span class='ocrx_word' id='word_1_143' title='bbox 1582 1454 1661 1525; x_wconf 91' lang='lat' dir='ltr'>aliis</span> <span class='ocrx_word' id='word_1_144' title='bbox 1680 1456 1767 1527; x_wconf 91' lang='lat' dir='ltr'>locis</span> <span class='ocrx_word' id='word_1_145' title='bbox 1781 1457 1819 1528; x_wconf 93' lang='lat' dir='ltr'>in</span> <span class='ocrx_word' id='word_1_146' title='bbox 1834 1458 1903 1529; x_wconf 90' lang='lat' dir='ltr'>alia</span> <span class='ocrx_word' id='word_1_147' title='bbox 1920 1473 1956 1532; x_wconf 92' lang='lat' dir='ltr'>et</span> <span class='ocrx_word' id='word_1_148' title='bbox 1972 1459 2016 1530; x_wconf 91' lang='lat' dir='ltr'>in</span> <span class='ocrx_word' id='word_1_149' title='bbox 2035 1462 2194 1532; x_wconf 87' lang='lat' dir='ltr'>solitudi-</span> 
     </span>
     <span class='ocr_line' id='line_1_14' title="bbox 176 1550 2194 1655; baseline 0.001 -22"><span class='ocrx_word' id='word_1_150' title='bbox 176 1561 349 1655; x_wconf 81' lang='lat' dir='ltr'>praetidit</span> <span class='ocrx_word' id='word_1_151' title='bbox 369 1559 544 1630; x_wconf 76' lang='lat' dir='ltr'>mamillas</span> <span class='ocrx_word' id='word_1_152' title='bbox 561 1571 594 1630; x_wconf 93' lang='lat' dir='ltr'>et</span> <span class='ocrx_word' id='word_1_153' title='bbox 612 1553 756 1627; x_wconf 88' lang='lat' dir='ltr'>brachia</span> <span class='ocrx_word' id='word_1_154' title='bbox 774 1556 979 1627; x_wconf 87' lang='lat' dir='ltr'>nolentibus</span> <span class='ocrx_word' id='word_1_155' title='bbox 1000 1550 1164 1623; x_wconf 82' lang='lat' dir='ltr'>assentiri</span> <span class='ocrx_word' id='word_1_156' title='bbox 1208 1576 1271 1624; x_wconf 88' lang='lat' dir='ltr'>nes</span> <span class='ocrx_word' id='word_1_157' title='bbox 1292 1554 1405 1644; x_wconf 77' lang='lat' dir='ltr'>coegit</span> <span class='ocrx_word' id='word_1_158' title='bbox 1424 1552 1632 1627; x_wconf 90' lang='lat' dir='ltr'>Bellisarius</span> <span class='ocrx_word' id='word_1_159' title='bbox 1651 1558 1760 1644; x_wconf 86' lang='lat' dir='ltr'>lame,</span> <span class='ocrx_word' id='word_1_160' title='bbox 1790 1572 1832 1631; x_wconf 90' lang='lat' dir='ltr'>ut</span> <span class='ocrx_word' id='word_1_161' title='bbox 1858 1583 1934 1631; x_wconf 88' lang='lat' dir='ltr'>sese</span> <span class='ocrx_word' id='word_1_162' title='bbox 1964 1565 2133 1652; x_wconf 88' lang='lat' dir='ltr'>dederet,</span> <span class='ocrx_word' id='word_1_163' title='bbox 2162 1580 2194 1635; x_wconf 87' lang='lat' dir='ltr'>et</span> 
     </span>
     <span class='ocr_line' id='line_1_15' title="bbox 176 1651 2195 1756; baseline 0 -21"><span class='ocrx_word' id='word_1_164' title='bbox 176 1665 332 1735; x_wconf 79' lang='lat' dir='ltr'>Arianae</span> <span class='ocrx_word' id='word_1_165' title='bbox 355 1660 540 1753; x_wconf 85' lang='lat' dir='ltr'>impietati.</span> <span class='ocrx_word' id='word_1_166' title='bbox 591 1656 636 1731; x_wconf 87' lang='lat' dir='ltr'>ln</span> <span class='ocrx_word' id='word_1_167' title='bbox 666 1659 742 1752; x_wconf 92' lang='lat' dir='ltr'>ipso</span> <span class='ocrx_word' id='word_1_168' title='bbox 771 1659 945 1750; x_wconf 88' lang='lat' dir='ltr'>supplicio</span> <span class='ocrx_word' id='word_1_169' title='bbox 966 1651 1161 1748; x_wconf 80' lang='lat' dir='ltr'>Dionysia</span> <span class='ocrx_word' id='word_1_170' title='bbox 1209 1655 1311 1728; x_wconf 83' lang='lat' dir='ltr'>duxit</span> <span class='ocrx_word' id='word_1_171' title='bbox 1334 1680 1414 1726; x_wconf 89' lang='lat' dir='ltr'>eum</span> <span class='ocrx_word' id='word_1_172' title='bbox 1438 1658 1616 1749; x_wconf 88' lang='lat' dir='ltr'>captivum</span> <span class='ocrx_word' id='word_1_173' title='bbox 1637 1656 2003 1756; x_wconf 85' lang='lat' dir='ltr'>Constantinopolin,</span> <span class='ocrx_word' id='word_1_174' title='bbox 2035 1666 2097 1738; x_wconf 92' lang='lat' dir='ltr'>nbi</span> <span class='ocrx_word' id='word_1_175' title='bbox 2119 1692 2195 1738; x_wconf 89' lang='lat' dir='ltr'>com</span> 
     </span>
     <span class='ocr_line' id='line_1_16' title="bbox 177 1753 2193 1861; baseline -0 -24"><span class='ocrx_word' id='word_1_176' title='bbox 177 1782 339 1837; x_wconf 87' lang='lat' dir='ltr'>matrona</span> <span class='ocrx_word' id='word_1_177' title='bbox 354 1763 488 1834; x_wconf 91' lang='lat' dir='ltr'>nobilis</span> <span class='ocrx_word' id='word_1_178' title='bbox 502 1762 615 1833; x_wconf 89' lang='lat' dir='ltr'>filium</span> <span class='ocrx_word' id='word_1_179' title='bbox 629 1756 1162 1850; x_wconf 84' lang='lat' dir='ltr'>unicumMnioricumraptnm</span> <span class='ocrx_word' id='word_1_180' title='bbox 1208 1759 1247 1828; x_wconf 94' lang='lat' dir='ltr'>in</span> <span class='ocrx_word' id='word_1_181' title='bbox 1280 1753 1462 1851; x_wconf 89' lang='lat' dir='ltr'>triumpho</span> <span class='ocrx_word' id='word_1_182' title='bbox 1495 1758 1675 1831; x_wconf 90' lang='lat' dir='ltr'>Bellisarii</span> <span class='ocrx_word' id='word_1_183' title='bbox 1703 1765 1850 1857; x_wconf 83' lang='lat' dir='ltr'>supplex</span> <span class='ocrx_word' id='word_1_184' title='bbox 1882 1765 1929 1835; x_wconf 88' lang='lat' dir='ltr'>ad</span> <span class='ocrx_word' id='word_1_185' title='bbox 1947 1765 2193 1861; x_wconf 74' lang='lat' dir='ltr'>⁸iustinianum</span> 
     </span>
     <span class='ocr_line' id='line_1_17' title="bbox 179 1861 2189 1956; baseline 0 -17"><span class='ocrx_word' id='word_1_186' title='bbox 179 1871 224 1939; x_wconf 90' lang='lat' dir='ltr'>ad</span> <span class='ocrx_word' id='word_1_187' title='bbox 242 1890 362 1937; x_wconf 90' lang='lat' dir='ltr'>necem</span> <span class='ocrx_word' id='word_1_188' title='bbox 380 1864 602 1936; x_wconf 80' lang='lat' dir='ltr'>confirmavit</span> <span class='ocrx_word' id='word_1_189' title='bbox 618 1862 800 1956; x_wconf 90' lang='lat' dir='ltr'>inquiens:</span> <span class='ocrx_word' id='word_1_190' title='bbox 826 1862 1010 1934; x_wconf 88' lang='lat' dir='ltr'>Memento</span> <span class='ocrx_word' id='word_1_191' title='bbox 1031 1861 1103 1945; x_wconf 89' lang='lat' dir='ltr'>lili,</span> <span class='ocrx_word' id='word_1_192' title='bbox 1128 1872 1162 1929; x_wconf 90' lang='lat' dir='ltr'>te</span> <span class='ocrx_word' id='word_1_193' title='bbox 1208 1863 1414 1953; x_wconf 86' lang='lat' dir='ltr'>duceretur,</span> <span class='ocrx_word' id='word_1_194' title='bbox 1439 1862 1596 1954; x_wconf 88' lang='lat' dir='ltr'>cogitans</span> <span class='ocrx_word' id='word_1_195' title='bbox 1616 1863 1782 1936; x_wconf 83' lang='lat' dir='ltr'>fortunae</span> <span class='ocrx_word' id='word_1_196' title='bbox 1798 1867 1892 1938; x_wconf 89' lang='lat' dir='ltr'>vices</span> <span class='ocrx_word' id='word_1_197' title='bbox 1912 1867 1953 1938; x_wconf 92' lang='lat' dir='ltr'>in</span> <span class='ocrx_word' id='word_1_198' title='bbox 1970 1865 2042 1943; x_wconf 85' lang='lat' dir='ltr'>hac</span> <span class='ocrx_word' id='word_1_199' title='bbox 2055 1870 2189 1941; x_wconf 87' lang='lat' dir='ltr'>calami-</span> 
     </span>
     <span class='ocr_line' id='line_1_18' title="bbox 178 1960 2194 2058; baseline 0.001 -21"><span class='ocrx_word' id='word_1_200' title='bbox 178 1971 217 2038; x_wconf 90' lang='lat' dir='ltr'>in</span> <span class='ocrx_word' id='word_1_201' title='bbox 236 1970 381 2038; x_wconf 90' lang='lat' dir='ltr'>nomine</span> <span class='ocrx_word' id='word_1_202' title='bbox 396 1966 521 2048; x_wconf 82' lang='lat' dir='ltr'>Patris,</span> <span class='ocrx_word' id='word_1_203' title='bbox 547 1979 582 2036; x_wconf 91' lang='lat' dir='ltr'>et</span> <span class='ocrx_word' id='word_1_204' title='bbox 596 1963 682 2036; x_wconf 85' lang='lat' dir='ltr'>Filii</span> <span class='ocrx_word' id='word_1_205' title='bbox 698 1979 731 2035; x_wconf 91' lang='lat' dir='ltr'>et</span> <span class='ocrx_word' id='word_1_206' title='bbox 747 1964 902 2058; x_wconf 90' lang='lat' dir='ltr'>Spiritus</span> <span class='ocrx_word' id='word_1_207' title='bbox 920 1963 1032 2035; x_wconf 87' lang='lat' dir='ltr'>saneti</span> <span class='ocrx_word' id='word_1_208' title='bbox 1046 1960 1163 2054; x_wconf 88' lang='lat' dir='ltr'>hapti·</span> <span class='ocrx_word' id='word_1_209' title='bbox 1209 1977 1297 2044; x_wconf 91' lang='lat' dir='ltr'>tate,</span> <span class='ocrx_word' id='word_1_210' title='bbox 1324 1962 1363 2032; x_wconf 93' lang='lat' dir='ltr'>in</span> <span class='ocrx_word' id='word_1_211' title='bbox 1379 1987 1483 2057; x_wconf 89' lang='lat' dir='ltr'>quam</span> <span class='ocrx_word' id='word_1_212' title='bbox 1501 1988 1605 2034; x_wconf 87' lang='lat' dir='ltr'>senex</span> <span class='ocrx_word' id='word_1_213' title='bbox 1620 1965 1813 2054; x_wconf 90' lang='lat' dir='ltr'>inciderat,</span> <span class='ocrx_word' id='word_1_214' title='bbox 1836 1963 1923 2040; x_wconf 83' lang='lat' dir='ltr'>haec</span> <span class='ocrx_word' id='word_1_215' title='bbox 1938 1973 2052 2043; x_wconf 85' lang='lat' dir='ltr'>verba</span> <span class='ocrx_word' id='word_1_216' title='bbox 2072 1972 2194 2042; x_wconf 83' lang='lat' dir='ltr'>edidit:</span> 
     </span>
     <span class='ocr_line' id='line_1_19' title="bbox 179 2063 2197 2168; baseline 0.002 -28"><span class='ocrx_word' id='word_1_217' title='bbox 179 2084 295 2141; x_wconf 88' lang='lat' dir='ltr'>zatum</span> <span class='ocrx_word' id='word_1_218' title='bbox 314 2093 397 2139; x_wconf 90' lang='lat' dir='ltr'>esse.</span> <span class='ocrx_word' id='word_1_219' title='bbox 1210 2063 1358 2137; x_wconf 89' lang='lat' dir='ltr'>Vanitas</span> <span class='ocrx_word' id='word_1_220' title='bbox 1381 2065 1577 2138; x_wconf 89' lang='lat' dir='ltr'>vanitatum</span> <span class='ocrx_word' id='word_1_221' title='bbox 1603 2081 1638 2141; x_wconf 92' lang='lat' dir='ltr'>et</span> <span class='ocrx_word' id='word_1_222' title='bbox 1655 2070 1774 2141; x_wconf 90' lang='lat' dir='ltr'>omnia</span> <span class='ocrx_word' id='word_1_223' title='bbox 1788 2071 1945 2160; x_wconf 90' lang='lat' dir='ltr'>vanitas.</span> <span class='ocrx_word' id='word_1_224' title='bbox 2005 2071 2057 2146; x_wconf 90' lang='lat' dir='ltr'>lta</span> <span class='ocrx_word' id='word_1_225' title='bbox 2074 2098 2197 2168; x_wconf 89' lang='lat' dir='ltr'>poenas</span> 
     </span>
     <span class='ocr_line' id='line_1_20' title="bbox 283 2164 2196 2266; baseline 0.002 -23"><span class='ocrx_word' id='word_1_226' title='bbox 283 2170 374 2243; x_wconf 90' lang='lat' dir='ltr'>Cum</span> <span class='ocrx_word' id='word_1_227' title='bbox 389 2171 520 2242; x_wconf 88' lang='lat' dir='ltr'>talibus</span> <span class='ocrx_word' id='word_1_228' title='bbox 538 2169 719 2263; x_wconf 89' lang='lat' dir='ltr'>suppliciis</span> <span class='ocrx_word' id='word_1_229' title='bbox 736 2184 770 2242; x_wconf 91' lang='lat' dir='ltr'>et</span> <span class='ocrx_word' id='word_1_230' title='bbox 794 2170 908 2240; x_wconf 83' lang='lat' dir='ltr'>exiliis</span> <span class='ocrx_word' id='word_1_231' title='bbox 924 2168 1035 2239; x_wconf 89' lang='lat' dir='ltr'>multa</span> <span class='ocrx_word' id='word_1_232' title='bbox 1051 2164 1164 2235; x_wconf 93' lang='lat' dir='ltr'>millia</span> <span class='ocrx_word' id='word_1_233' title='bbox 1210 2168 1307 2239; x_wconf 90' lang='lat' dir='ltr'>dedit</span> <span class='ocrx_word' id='word_1_234' title='bbox 1331 2164 1486 2238; x_wconf 89' lang='lat' dir='ltr'>Gilimer</span> <span class='ocrx_word' id='word_1_235' title='bbox 1509 2169 1743 2257; x_wconf 88' lang='lat' dir='ltr'>crudelitatis,</span> <span class='ocrx_word' id='word_1_236' title='bbox 1776 2195 1882 2266; x_wconf 89' lang='lat' dir='ltr'>qnam</span> <span class='ocrx_word' id='word_1_237' title='bbox 1906 2192 2115 2248; x_wconf 85' lang='lat' dir='ltr'>exercuerat</span> <span class='ocrx_word' id='word_1_238' title='bbox 2138 2180 2196 2246; x_wconf 89' lang='lat' dir='ltr'>ad·</span> 
     </span>
     <span class='ocr_line' id='line_1_21' title="bbox 181 2266 2196 2358; baseline 0.004 -16"><span class='ocrx_word' id='word_1_239' title='bbox 181 2271 369 2344; x_wconf 89' lang='lat' dir='ltr'>hominum</span> <span class='ocrx_word' id='word_1_240' title='bbox 385 2273 580 2344; x_wconf 84' lang='lat' dir='ltr'>sustulisset</span> <span class='ocrx_word' id='word_1_241' title='bbox 593 2271 808 2358; x_wconf 90' lang='lat' dir='ltr'>Honoricus‚</span> <span class='ocrx_word' id='word_1_242' title='bbox 833 2283 948 2343; x_wconf 89' lang='lat' dir='ltr'>secuta</span> <span class='ocrx_word' id='word_1_243' title='bbox 966 2283 1019 2341; x_wconf 91' lang='lat' dir='ltr'>est</span> <span class='ocrx_word' id='word_1_244' title='bbox 1034 2267 1165 2340; x_wconf 90' lang='lat' dir='ltr'>sterili·</span> <span class='ocrx_word' id='word_1_245' title='bbox 1209 2293 1331 2341; x_wconf 83' lang='lat' dir='ltr'>versus</span> <span class='ocrx_word' id='word_1_246' title='bbox 1345 2266 1567 2342; x_wconf 87' lang='lat' dir='ltr'>Hildericnm</span> <span class='ocrx_word' id='word_1_247' title='bbox 1586 2284 1621 2342; x_wconf 91' lang='lat' dir='ltr'>et</span> <span class='ocrx_word' id='word_1_248' title='bbox 1638 2274 1768 2344; x_wconf 89' lang='lat' dir='ltr'>multos</span> <span class='ocrx_word' id='word_1_249' title='bbox 1781 2274 1882 2347; x_wconf 90' lang='lat' dir='ltr'>alios.</span> <span class='ocrx_word' id='word_1_250' title='bbox 1931 2272 1988 2349; x_wconf 87' lang='lat' dir='ltr'>Et</span> <span class='ocrx_word' id='word_1_251' title='bbox 2001 2280 2111 2350; x_wconf 87' lang='lat' dir='ltr'>simul</span> <span class='ocrx_word' id='word_1_252' title='bbox 2123 2303 2196 2350; x_wconf 86' lang='lat' dir='ltr'>eum</span> 
     </span>
     <span class='ocr_line' id='line_1_22' title="bbox 178 2368 2196 2468; baseline 0.001 -22"><span class='ocrx_word' id='word_1_253' title='bbox 178 2392 232 2446; x_wconf 90' lang='lat' dir='ltr'>tas</span> <span class='ocrx_word' id='word_1_254' title='bbox 253 2389 397 2468; x_wconf 87' lang='lat' dir='ltr'>propter</span> <span class='ocrx_word' id='word_1_255' title='bbox 416 2375 624 2455; x_wconf 90' lang='lat' dir='ltr'>siccitatem,</span> <span class='ocrx_word' id='word_1_256' title='bbox 651 2374 687 2442; x_wconf 93' lang='lat' dir='ltr'>in</span> <span class='ocrx_word' id='word_1_257' title='bbox 717 2399 786 2468; x_wconf 93' lang='lat' dir='ltr'>qua</span> <span class='ocrx_word' id='word_1_258' title='bbox 806 2387 840 2445; x_wconf 95' lang='lat' dir='ltr'>et</span> <span class='ocrx_word' id='word_1_259' title='bbox 862 2368 1026 2443; x_wconf 90' lang='lat' dir='ltr'>homines</span> <span class='ocrx_word' id='word_1_260' title='bbox 1047 2385 1082 2444; x_wconf 90' lang='lat' dir='ltr'>et</span> <span class='ocrx_word' id='word_1_261' title='bbox 1103 2394 1165 2463; x_wconf 89' lang='lat' dir='ltr'>pe·</span> <span class='ocrx_word' id='word_1_262' title='bbox 1210 2397 1252 2444; x_wconf 91' lang='lat' dir='ltr'>eo</span> <span class='ocrx_word' id='word_1_263' title='bbox 1275 2372 1446 2466; x_wconf 89' lang='lat' dir='ltr'>reliquiae</span> <span class='ocrx_word' id='word_1_264' title='bbox 1473 2371 1715 2446; x_wconf 82' lang='lat' dir='ltr'>Vandalorum</span> <span class='ocrx_word' id='word_1_265' title='bbox 1739 2377 1778 2446; x_wconf 91' lang='lat' dir='ltr'>in</span> <span class='ocrx_word' id='word_1_266' title='bbox 1801 2373 1922 2450; x_wconf 84' lang='lat' dir='ltr'>Africa</span> <span class='ocrx_word' id='word_1_267' title='bbox 1947 2382 2092 2453; x_wconf 88' lang='lat' dir='ltr'>deletae</span> <span class='ocrx_word' id='word_1_268' title='bbox 2112 2395 2196 2465; x_wconf 89' lang='lat' dir='ltr'>sunt,</span> 
     </span>
     <span class='ocr_line' id='line_1_23' title="bbox 180 2474 2195 2578; baseline 0.003 -30"><span class='ocrx_word' id='word_1_269' title='bbox 180 2478 286 2548; x_wconf 88' lang='lat' dir='ltr'>eudes</span> <span class='ocrx_word' id='word_1_270' title='bbox 303 2476 611 2569; x_wconf 85' lang='lat' dir='ltr'>lamcperierunt,</span> <span class='ocrx_word' id='word_1_271' title='bbox 638 2489 671 2546; x_wconf 90' lang='lat' dir='ltr'>et</span> <span class='ocrx_word' id='word_1_272' title='bbox 691 2476 760 2546; x_wconf 89' lang='lat' dir='ltr'>late</span> <span class='ocrx_word' id='word_1_273' title='bbox 783 2490 906 2566; x_wconf 87' lang='lat' dir='ltr'>vagata</span> <span class='ocrx_word' id='word_1_274' title='bbox 932 2487 983 2546; x_wconf 91' lang='lat' dir='ltr'>est</span> <span class='ocrx_word' id='word_1_275' title='bbox 997 2474 1165 2567; x_wconf 90' lang='lat' dir='ltr'>pestilen-</span> <span class='ocrx_word' id='word_1_276' title='bbox 1210 2498 1317 2570; x_wconf 89' lang='lat' dir='ltr'>quam</span> <span class='ocrx_word' id='word_1_277' title='bbox 1333 2488 1529 2568; x_wconf 63' lang='lat' dir='ltr'>⁵tenuerant</span> <span class='ocrx_word' id='word_1_278' title='bbox 1553 2474 1709 2547; x_wconf 89' lang='lat' dir='ltr'>Vandali</span> <span class='ocrx_word' id='word_1_279' title='bbox 1732 2501 1847 2553; x_wconf 89' lang='lat' dir='ltr'>annos</span> <span class='ocrx_word' id='word_1_280' title='bbox 1870 2485 2078 2575; x_wconf 82' lang='lat' dir='ltr'>nonaginta</span> <span class='ocrx_word' id='word_1_281' title='bbox 2098 2484 2195 2578; x_wconf 89' lang='lat' dir='ltr'>qoin-</span> 
     </span>
     <span class='ocr_line' id='line_1_24' title="bbox 179 2571 2196 2679; baseline 0.005 -32"><span class='ocrx_word' id='word_1_282' title='bbox 179 2578 249 2661; x_wconf 88' lang='lat' dir='ltr'>tia,</span> <span class='ocrx_word' id='word_1_283' title='bbox 275 2579 312 2647; x_wconf 93' lang='lat' dir='ltr'>in</span> <span class='ocrx_word' id='word_1_284' title='bbox 336 2602 405 2669; x_wconf 92' lang='lat' dir='ltr'>qua</span> <span class='ocrx_word' id='word_1_285' title='bbox 428 2592 461 2648; x_wconf 93' lang='lat' dir='ltr'>et</span> <span class='ocrx_word' id='word_1_286' title='bbox 485 2571 696 2674; x_wconf 79' lang='grc' dir='ltr'><strong><em>φθειριάσει</em></strong></span> <span class='ocrx_word' id='word_1_287' title='bbox 718 2578 809 2667; x_wconf 90' lang='lat' dir='ltr'>regis</span> <span class='ocrx_word' id='word_1_288' title='bbox 830 2599 958 2667; x_wconf 87' lang='lat' dir='ltr'>corpus</span> <span class='ocrx_word' id='word_1_289' title='bbox 981 2577 1028 2646; x_wconf 88' lang='lat' dir='ltr'>ita</span> <span class='ocrx_word' id='word_1_290' title='bbox 1046 2589 1166 2667; x_wconf 90' lang='lat' dir='ltr'>putre-</span> <span class='ocrx_word' id='word_1_291' title='bbox 1202 2599 1291 2671; x_wconf 91' lang='lat' dir='ltr'>que.</span> <span class='ocrx_word' id='word_1_292' title='bbox 1342 2577 1395 2646; x_wconf 88' lang='lat' dir='ltr'>Ac</span> <span class='ocrx_word' id='word_1_293' title='bbox 1422 2599 1546 2648; x_wconf 89' lang='lat' dir='ltr'>rursus</span> <span class='ocrx_word' id='word_1_294' title='bbox 1574 2574 1696 2650; x_wconf 81' lang='lat' dir='ltr'>Africa</span> <span class='ocrx_word' id='word_1_295' title='bbox 1734 2571 1990 2655; x_wconf 83' lang='lat' dir='ltr'>Romanorum</span> <span class='ocrx_word' id='word_1_296' title='bbox 2022 2587 2196 2679; x_wconf 83' lang='lat' dir='ltr'>provincia</span> 
     </span>
     <span class='ocr_line' id='line_1_25' title="bbox 179 2675 2195 2775; baseline 0.007 -29"><span class='ocrx_word' id='word_1_297' title='bbox 179 2683 310 2765; x_wconf 77' lang='lat' dir='ltr'>factum</span> <span class='ocrx_word' id='word_1_298' title='bbox 334 2692 402 2761; x_wconf 89' lang='lat' dir='ltr'>est,</span> <span class='ocrx_word' id='word_1_299' title='bbox 434 2680 564 2748; x_wconf 90' lang='lat' dir='ltr'>utalia</span> <span class='ocrx_word' id='word_1_300' title='bbox 587 2679 744 2748; x_wconf 90' lang='lat' dir='ltr'>membra</span> <span class='ocrx_word' id='word_1_301' title='bbox 767 2690 847 2770; x_wconf 92' lang='lat' dir='ltr'>post</span> <span class='ocrx_word' id='word_1_302' title='bbox 869 2677 938 2747; x_wconf 88' lang='lat' dir='ltr'>alia</span> <span class='ocrx_word' id='word_1_303' title='bbox 961 2675 1167 2751; x_wconf 87' lang='lat' dir='ltr'>deciderint.</span> <span class='ocrx_word' id='word_1_304' title='bbox 1211 2681 1301 2750; x_wconf 87' lang='lat' dir='ltr'>lacta</span> <span class='ocrx_word' id='word_1_305' title='bbox 1320 2692 1497 2775; x_wconf 78' lang='lat' dir='ltr'>estusque</span> <span class='ocrx_word' id='word_1_306' title='bbox 1512 2681 1557 2751; x_wconf 87' lang='lat' dir='ltr'>ad</span> <span class='ocrx_word' id='word_1_307' title='bbox 1574 2676 1736 2771; x_wconf 69' lang='lat' dir='ltr'>Heraclii</span> <span class='ocrx_word' id='word_1_308' title='bbox 1747 2694 1918 2775; x_wconf 88' lang='lat' dir='ltr'>tempora.</span> <span class='ocrx_word' id='word_1_309' title='bbox 1975 2687 2107 2763; x_wconf 85' lang='lat' dir='ltr'>Postea</span> <span class='ocrx_word' id='word_1_310' title='bbox 2128 2711 2195 2761; x_wconf 83' lang='lat' dir='ltr'>ean</span> 
     </span>
     <span class='ocr_line' id='line_1_26' title="bbox 181 2775 1702 2879; baseline 0.003 -29"><span class='ocrx_word' id='word_1_311' title='bbox 181 2777 279 2850; x_wconf 87' lang='lat' dir='ltr'>Uxor</span> <span class='ocrx_word' id='word_1_312' title='bbox 293 2775 453 2848; x_wconf 81' lang='lat' dir='ltr'>Eudoxio</span> <span class='ocrx_word' id='word_1_313' title='bbox 469 2779 540 2849; x_wconf 87' lang='lat' dir='ltr'>filia</span> <span class='ocrx_word' id='word_1_314' title='bbox 561 2779 784 2872; x_wconf 87' lang='lat' dir='ltr'>imperatoris</span> <span class='ocrx_word' id='word_1_315' title='bbox 800 2778 1063 2864; x_wconf 90' lang='lat' dir='ltr'>Valentiniani,</span> <span class='ocrx_word' id='word_1_316' title='bbox 1088 2802 1166 2849; x_wconf 92' lang='lat' dir='ltr'>ma·</span> <span class='ocrx_word' id='word_1_317' title='bbox 1211 2779 1378 2879; x_wconf 81' lang='lat' dir='ltr'>Saraceni</span> <span class='ocrx_word' id='word_1_318' title='bbox 1400 2782 1616 2854; x_wconf 82' lang='lat' dir='ltr'>invaserunt.</span> <span class='ocrx_word' id='word_1_319' title='bbox 1692 2854 1702 2871; x_wconf 75' lang='grc'><strong><em>,</em></strong></span> 
     </span>
     <span class='ocr_line' id='line_1_27' title="bbox 179 2878 2191 2986; baseline 0.005 -34"><span class='ocrx_word' id='word_1_320' title='bbox 179 2893 235 2952; x_wconf 90' lang='lat' dir='ltr'>ter</span> <span class='ocrx_word' id='word_1_321' title='bbox 248 2878 423 2951; x_wconf 90' lang='lat' dir='ltr'>Hilderici</span> <span class='ocrx_word' id='word_1_322' title='bbox 446 2882 497 2973; x_wconf 90' lang='lat' dir='ltr'>pii</span> <span class='ocrx_word' id='word_1_323' title='bbox 522 2881 613 2971; x_wconf 88' lang='lat' dir='ltr'>regis</span> <span class='ocrx_word' id='word_1_324' title='bbox 637 2881 829 2952; x_wconf 89' lang='lat' dir='ltr'>discessita</span> <span class='ocrx_word' id='word_1_325' title='bbox 853 2881 980 2951; x_wconf 90' lang='lat' dir='ltr'>marito</span> <span class='ocrx_word' id='word_1_326' title='bbox 997 2895 1165 2976; x_wconf 84' lang='lat' dir='ltr'>tanquam</span> <span class='ocrx_word' id='word_1_327' title='bbox 1313 2881 1396 2955; x_wconf 85' lang='lat' dir='ltr'>Fuit</span> <span class='ocrx_word' id='word_1_328' title='bbox 1415 2897 1532 2955; x_wconf 91' lang='lat' dir='ltr'>autem</span> <span class='ocrx_word' id='word_1_329' title='bbox 1555 2879 1795 2957; x_wconf 81' lang='lat' dir='ltr'>lastinianus</span> <span class='ocrx_word' id='word_1_330' title='bbox 1818 2886 2005 2962; x_wconf 80' lang='lat' dir='ltr'>beneficus</span> <span class='ocrx_word' id='word_1_331' title='bbox 2028 2915 2109 2986; x_wconf 81' lang='lat' dir='ltr'>erga</span> <span class='ocrx_word' id='word_1_332' title='bbox 2120 2891 2191 2964; x_wconf 84' lang='lat' dir='ltr'>llil-</span> 
     </span>
     <span class='ocr_line' id='line_1_28' title="bbox 180 2979 2194 3081; baseline 0.008 -31"><span class='ocrx_word' id='word_1_333' title='bbox 180 2982 254 3052; x_wconf 89' lang='lat' dir='ltr'>voti</span> <span class='ocrx_word' id='word_1_334' title='bbox 269 3006 371 3053; x_wconf 88' lang='lat' dir='ltr'>causa</span> <span class='ocrx_word' id='word_1_335' title='bbox 387 2979 640 3079; x_wconf 87' lang='lat' dir='ltr'>lerosolymam</span> <span class='ocrx_word' id='word_1_336' title='bbox 657 2981 893 3075; x_wconf 85' lang='lat' dir='ltr'>proficiscens,</span> <span class='ocrx_word' id='word_1_337' title='bbox 918 2984 981 3055; x_wconf 92' lang='lat' dir='ltr'>ubi</span> <span class='ocrx_word' id='word_1_338' title='bbox 996 2983 1035 3052; x_wconf 91' lang='lat' dir='ltr'>in</span> <span class='ocrx_word' id='word_1_339' title='bbox 1051 2984 1165 3079; x_wconf 86' lang='lat' dir='ltr'>lacry-</span> <span class='ocrx_word' id='word_1_340' title='bbox 1212 2983 1321 3056; x_wconf 82' lang='lat' dir='ltr'>derisi</span> <span class='ocrx_word' id='word_1_341' title='bbox 1346 2986 1436 3058; x_wconf 87' lang='lat' dir='ltr'>filios</span> <span class='ocrx_word' id='word_1_342' title='bbox 1458 2999 1492 3058; x_wconf 89' lang='lat' dir='ltr'>et</span> <span class='ocrx_word' id='word_1_343' title='bbox 1516 3001 1679 3081; x_wconf 90' lang='lat' dir='ltr'>nepotes,</span> <span class='ocrx_word' id='word_1_344' title='bbox 1716 3002 1750 3059; x_wconf 94' lang='lat' dir='ltr'>et</span> <span class='ocrx_word' id='word_1_345' title='bbox 1774 2988 1825 3058; x_wconf 89' lang='lat' dir='ltr'>eis</span> <span class='ocrx_word' id='word_1_346' title='bbox 1854 2991 1894 3060; x_wconf 92' lang='lat' dir='ltr'>in</span> <span class='ocrx_word' id='word_1_347' title='bbox 1918 2989 2085 3066; x_wconf 88' lang='lat' dir='ltr'>Thracia</span> <span class='ocrx_word' id='word_1_348' title='bbox 2110 2999 2194 3069; x_wconf 89' lang='lat' dir='ltr'>dedit</span> 
     </span>
     <span class='ocr_line' id='line_1_29' title="bbox 178 3084 2194 3191; baseline 0.006 -37"><span class='ocrx_word' id='word_1_349' title='bbox 178 3084 247 3152; x_wconf 89' lang='lat' dir='ltr'>mis</span> <span class='ocrx_word' id='word_1_350' title='bbox 263 3098 296 3157; x_wconf 91' lang='lat' dir='ltr'>et</span> <span class='ocrx_word' id='word_1_351' title='bbox 314 3084 515 3177; x_wconf 88' lang='lat' dir='ltr'>precatione</span> <span class='ocrx_word' id='word_1_352' title='bbox 531 3085 630 3160; x_wconf 86' lang='lat' dir='ltr'>vixit.</span> <span class='ocrx_word' id='word_1_353' title='bbox 1211 3088 1354 3178; x_wconf 89' lang='lat' dir='ltr'>praedia</span> <span class='ocrx_word' id='word_1_354' title='bbox 1385 3103 1420 3163; x_wconf 87' lang='lat' dir='ltr'>et</span> <span class='ocrx_word' id='word_1_355' title='bbox 1442 3089 1588 3162; x_wconf 89' lang='lat' dir='ltr'>victum.</span> <span class='ocrx_word' id='word_1_356' title='bbox 1647 3088 1716 3163; x_wconf 91' lang='lat' dir='ltr'>Sed</span> <span class='ocrx_word' id='word_1_357' title='bbox 1741 3088 1964 3164; x_wconf 84' lang='lat' dir='ltr'>Gilimerum</span> <span class='ocrx_word' id='word_1_358' title='bbox 1997 3098 2141 3191; x_wconf 82' lang='lat' dir='ltr'>longius</span> <span class='ocrx_word' id='word_1_359' title='bbox 2163 3102 2194 3170; x_wconf 90' lang='lat' dir='ltr'>in</span> 
     </span>
     <span class='ocr_line' id='line_1_30' title="bbox 579 3186 1564 3319; baseline 0.003 -57"><span class='ocrx_word' id='word_1_360' title='bbox 579 3251 629 3319; x_wconf 74' lang='lat' dir='ltr'>m</span> <span class='ocrx_word' id='word_1_361' title='bbox 666 3253 752 3319; x_wconf 55' lang='lat' dir='ltr'>Rex</span> <span class='ocrx_word' id='word_1_362' title='bbox 1212 3186 1368 3259; x_wconf 88' lang='lat' dir='ltr'>Galliam</span> <span class='ocrx_word' id='word_1_363' title='bbox 1386 3190 1564 3279; x_wconf 84' lang='lat' dir='ltr'>relegavit.</span> 
     </span>
    </p>
   </div>
   <div class='ocr_carea' id='block_1_3' title="bbox 282 3289 2193 3500">
    <p class='ocr_par' dir='ltr' id='par_1_3' title="bbox 282 3289 2193 3500">
     <span class='ocr_line' id='line_1_31' title="bbox 1312 3289 2193 3385; baseline 0.018 -24"><span class='ocrx_word' id='word_1_364' title='bbox 1312 3289 1416 3362; x_wconf 87' lang='lat' dir='ltr'>Hane</span> <span class='ocrx_word' id='word_1_365' title='bbox 1436 3292 1562 3364; x_wconf 90' lang='lat' dir='ltr'>seriem</span> <span class='ocrx_word' id='word_1_366' title='bbox 1584 3294 1685 3385; x_wconf 91' lang='lat' dir='ltr'>regni</span> <span class='ocrx_word' id='word_1_367' title='bbox 1706 3293 1897 3369; x_wconf 90' lang='lat' dir='ltr'>Vandalici</span> <span class='ocrx_word' id='word_1_368' title='bbox 1922 3299 1966 3369; x_wconf 91' lang='lat' dir='ltr'>in</span> <span class='ocrx_word' id='word_1_369' title='bbox 1988 3296 2193 3377; x_wconf 86' lang='lat' dir='ltr'>Alrieahre·</span> 
     </span>
     <span class='ocr_line' id='line_1_32' title="bbox 282 3378 2192 3500; baseline 0.012 -44"><span class='ocrx_word' id='word_1_370' title='bbox 282 3378 586 3456; x_wconf 85' lang='lat' dir='ltr'>Gandnmundos</span> <span class='ocrx_word' id='word_1_371' title='bbox 600 3398 705 3457; x_wconf 90' lang='lat' dir='ltr'>natus</span> <span class='ocrx_word' id='word_1_372' title='bbox 718 3408 759 3455; x_wconf 84' lang='lat' dir='ltr'>ex</span> <span class='ocrx_word' id='word_1_373' title='bbox 774 3385 882 3458; x_wconf 83' lang='lat' dir='ltr'>fratre</span> <span class='ocrx_word' id='word_1_374' title='bbox 896 3382 1070 3457; x_wconf 90' lang='lat' dir='ltr'>Honorici</span> <span class='ocrx_word' id='word_1_375' title='bbox 1085 3408 1165 3457; x_wconf 87' lang='lat' dir='ltr'>suc·</span> <span class='ocrx_word' id='word_1_376' title='bbox 1211 3393 1302 3464; x_wconf 87' lang='lat' dir='ltr'>viter</span> <span class='ocrx_word' id='word_1_377' title='bbox 1316 3388 1375 3464; x_wconf 91' lang='lat' dir='ltr'>hic</span> <span class='ocrx_word' id='word_1_378' title='bbox 1389 3390 1687 3488; x_wconf 85' lang='lat' dir='ltr'>comprehendere</span> <span class='ocrx_word' id='word_1_379' title='bbox 1702 3400 1820 3486; x_wconf 90' lang='lat' dir='ltr'>volui,</span> <span class='ocrx_word' id='word_1_380' title='bbox 1844 3414 1886 3473; x_wconf 93' lang='lat' dir='ltr'>nt</span> <span class='ocrx_word' id='word_1_381' title='bbox 1898 3415 1981 3475; x_wconf 91' lang='lat' dir='ltr'>tota</span> <span class='ocrx_word' id='word_1_382' title='bbox 2005 3406 2046 3475; x_wconf 91' lang='lat' dir='ltr'>in</span> <span class='ocrx_word' id='word_1_383' title='bbox 2062 3429 2192 3500; x_wconf 89' lang='lat' dir='ltr'>conspe·</span> 
     </span>
    </p>
   </div>
   <div class='ocr_carea' id='block_1_4' title="bbox 162 3486 2190 3696">
    <p class='ocr_par' dir='ltr' id='par_1_4' title="bbox 162 3486 2190 3696">
     <span class='ocr_line' id='line_1_33' title="bbox 178 3486 2190 3602; baseline 0.012 -45"><span class='ocrx_word' id='word_1_384' title='bbox 178 3486 301 3571; x_wconf 89' lang='lat' dir='ltr'>cessit,</span> <span class='ocrx_word' id='word_1_385' title='bbox 327 3489 389 3581; x_wconf 92' lang='lat' dir='ltr'>qui</span> <span class='ocrx_word' id='word_1_386' title='bbox 405 3511 551 3578; x_wconf 85' lang='lat' dir='ltr'>regnum</span> <span class='ocrx_word' id='word_1_387' title='bbox 569 3488 686 3559; x_wconf 91' lang='lat' dir='ltr'>tenuit</span> <span class='ocrx_word' id='word_1_388' title='bbox 705 3510 819 3557; x_wconf 89' lang='lat' dir='ltr'>annos</span> <span class='ocrx_word' id='word_1_389' title='bbox 835 3489 1042 3572; x_wconf 89' lang='lat' dir='ltr'>duodecim,</span> <span class='ocrx_word' id='word_1_390' title='bbox 1066 3512 1165 3559; x_wconf 83' lang='lat' dir='ltr'>exer·</span> <span class='ocrx_word' id='word_1_391' title='bbox 1212 3510 1270 3566; x_wconf 90' lang='lat' dir='ltr'>ctu</span> <span class='ocrx_word' id='word_1_392' title='bbox 1296 3509 1402 3581; x_wconf 89' lang='lat' dir='ltr'>esset,</span> <span class='ocrx_word' id='word_1_393' title='bbox 1429 3498 1567 3568; x_wconf 89' lang='lat' dir='ltr'>etiamsi</span> <span class='ocrx_word' id='word_1_394' title='bbox 1587 3500 1780 3592; x_wconf 89' lang='lat' dir='ltr'>posteriora</span> <span class='ocrx_word' id='word_1_395' title='bbox 1795 3502 1888 3574; x_wconf 90' lang='lat' dir='ltr'>hella</span> <span class='ocrx_word' id='word_1_396' title='bbox 1915 3507 1966 3576; x_wconf 87' lang='lat' dir='ltr'>ad</span> <span class='ocrx_word' id='word_1_397' title='bbox 1982 3511 2190 3602; x_wconf 82' lang='lat' dir='ltr'>sequentium</span> 
     </span>
     <span class='ocr_line' id='line_1_34' title="bbox 162 3584 1848 3696; baseline 0.01 -37"><span class='ocrx_word' id='word_1_398' title='bbox 162 3587 252 3666; x_wconf 84' lang='lat' dir='ltr'>,cuit</span> <span class='ocrx_word' id='word_1_399' title='bbox 268 3603 302 3659; x_wconf 89' lang='lat' dir='ltr'>et</span> <span class='ocrx_word' id='word_1_400' title='bbox 319 3584 376 3659; x_wconf 91' lang='lat' dir='ltr'>hic</span> <span class='ocrx_word' id='word_1_401' title='bbox 391 3590 578 3661; x_wconf 87' lang='lat' dir='ltr'>saeviciam</span> <span class='ocrx_word' id='word_1_402' title='bbox 595 3591 874 3665; x_wconf 80' lang='lat' dir='ltr'>adversusrecte</span> <span class='ocrx_word' id='word_1_403' title='bbox 889 3590 1087 3661; x_wconf 83' lang='lat' dir='ltr'>sentientes.</span> <span class='ocrx_word' id='word_1_404' title='bbox 1212 3598 1465 3689; x_wconf 84' lang='lat' dir='ltr'>imperatorum</span> <span class='ocrx_word' id='word_1_405' title='bbox 1482 3613 1640 3694; x_wconf 90' lang='lat' dir='ltr'>tempora</span> <span class='ocrx_word' id='word_1_406' title='bbox 1657 3604 1848 3696; x_wconf 91' lang='lat' dir='ltr'>pertinent.</span> 
     </span>
    </p>
   </div>
   <div class='ocr_carea' id='block_1_5' title="bbox 267 3755 2188 3984">
    <p class='ocr_par' dir='ltr' id='par_1_5' title="bbox 267 3755 2188 3984">
     <span class='ocr_line' id='line_1_35' title="bbox 582 3755 2188 3906; baseline 0.015 -47"><span class='ocrx_word' id='word_1_407' title='bbox 582 3755 643 3826; x_wconf 60' lang='lat' dir='ltr'>fv·</span> <span class='ocrx_word' id='word_1_408' title='bbox 666 3757 758 3824; x_wconf 61' lang='lat'>3⁰¹·</span> <span class='ocrx_word' id='word_1_409' title='bbox 1262 3797 1370 3872; x_wconf 92' lang='lat' dir='ltr'>Anno</span> <span class='ocrx_word' id='word_1_410' title='bbox 1388 3805 1514 3875; x_wconf 89' lang='lat' dir='ltr'>mnndi</span> <span class='ocrx_word' id='word_1_411' title='bbox 1535 3819 1660 3898; x_wconf 88' lang='lat' dir='ltr'>quater</span> <span class='ocrx_word' id='word_1_412' title='bbox 1674 3806 1863 3880; x_wconf 88' lang='lat' dir='ltr'>millesimo</span> <span class='ocrx_word' id='word_1_413' title='bbox 1888 3815 2188 3906; x_wconf 77' lang='lat' dir='ltr'>quadringentesi-</span> 
     </span>
     <span class='ocr_line' id='line_1_36' title="bbox 267 3878 1785 3984; baseline 0.015 -31"><span class='ocrx_word' id='word_1_414' title='bbox 267 3878 573 3958; x_wconf 82' lang='lat' dir='ltr'>Tlsrnsimundus</span> <span class='ocrx_word' id='word_1_415' title='bbox 583 3887 743 3978; x_wconf 89' lang='lat' dir='ltr'>regnavit</span> <span class='ocrx_word' id='word_1_416' title='bbox 757 3890 1004 3980; x_wconf 85' lang='lat' dir='ltr'>annosviginti</span> <span class='ocrx_word' id='word_1_417' title='bbox 1020 3906 1163 3984; x_wconf 90' lang='lat' dir='ltr'>septem,</span> <span class='ocrx_word' id='word_1_418' title='bbox 1412 3909 1474 3976; x_wconf 88' lang='lat' dir='ltr'>mo</span> <span class='ocrx_word' id='word_1_419' title='bbox 1489 3909 1656 3979; x_wconf 87' lang='lat' dir='ltr'>vicesimo</span> <span class='ocrx_word' id='word_1_420' title='bbox 1669 3912 1785 3981; x_wconf 89' lang='lat' dir='ltr'>tertio.</span> 
     </span>
    </p>
   </div>
   <div class='ocr_carea' id='block_1_6' title="bbox 170 3987 2188 4214">
    <p class='ocr_par' dir='ltr' id='par_1_6' title="bbox 170 3987 2188 4214">
     <span class='ocr_line' id='line_1_37' title="bbox 170 3987 2188 4104; baseline 0.013 -51"><span class='ocrx_word' id='word_1_421' title='bbox 170 3987 240 4080; x_wconf 86' lang='lat' dir='ltr'>¹qui</span> <span class='ocrx_word' id='word_1_422' title='bbox 258 3994 460 4104; x_wconf 76' lang='lat' dir='ltr'>quanquam</span> <span class='ocrx_word' id='word_1_423' title='bbox 476 4005 550 4062; x_wconf 86' lang='lat' dir='ltr'>erat</span> <span class='ocrx_word' id='word_1_424' title='bbox 565 3991 733 4076; x_wconf 80' lang='lat' dir='ltr'>Asianus,</span> <span class='ocrx_word' id='word_1_425' title='bbox 759 4004 878 4061; x_wconf 89' lang='lat' dir='ltr'>tamen</span> <span class='ocrx_word' id='word_1_426' title='bbox 893 3993 1078 4065; x_wconf 90' lang='lat' dir='ltr'>saeviciam</span> <span class='ocrx_word' id='word_1_427' title='bbox 1089 4019 1162 4065; x_wconf 92' lang='lat' dir='ltr'>non</span> <span class='ocrx_word' id='word_1_428' title='bbox 1261 4004 1517 4079; x_wconf 68' lang='lat' dir='ltr'>Annoltomae</span> <span class='ocrx_word' id='word_1_429' title='bbox 1532 4009 1721 4083; x_wconf 71' lang='lat' dir='ltr'>millesimo</span> <span class='ocrx_word' id='word_1_430' title='bbox 1737 4015 1987 4089; x_wconf 72' lang='lat' dir='ltr'>ducentesimo</span> <span class='ocrx_word' id='word_1_431' title='bbox 2003 4021 2188 4091; x_wconf 60' lang='lat' dir='ltr'>undecima.</span> 
     </span>
     <span class='ocr_line' id='line_1_38' title="bbox 178 4104 2188 4214; baseline 0.018 -58"><span class='ocrx_word' id='word_1_432' title='bbox 178 4104 341 4159; x_wconf 82' lang='lat' dir='ltr'>exercmt.</span> <span class='ocrx_word' id='word_1_433' title='bbox 1261 4108 1368 4180; x_wconf 91' lang='lat' dir='ltr'>Anno</span> <span class='ocrx_word' id='word_1_434' title='bbox 1414 4106 1549 4181; x_wconf 85' lang='lat' dir='ltr'>Christi</span> <span class='ocrx_word' id='word_1_435' title='bbox 1591 4116 1947 4208; x_wconf 88' lang='lat' dir='ltr'>quadringentesimo</span> <span class='ocrx_word' id='word_1_436' title='bbox 1993 4124 2188 4214; x_wconf 79' lang='lat' dir='ltr'>sexagesimo</span> 
     </span>
    </p>
   </div>
   <div class='ocr_carea' id='block_1_7' title="bbox 587 4212 1543 4329">
    <p class='ocr_par' dir='ltr' id='par_1_7' title="bbox 587 4212 1543 4329">
     <span class='ocr_line' id='line_1_39' title="bbox 587 4212 1543 4329; baseline 0.02 -59"><span class='ocrx_word' id='word_1_437' title='bbox 587 4261 630 4329; x_wconf 42' lang='lat' dir='ltr'>v·</span> <span class='ocrx_word' id='word_1_438' title='bbox 656 4260 750 4329; x_wconf 44' lang='lat' dir='ltr'>Ru·</span> <span class='ocrx_word' id='word_1_439' title='bbox 1413 4212 1543 4304; x_wconf 85' lang='lat' dir='ltr'>primo.</span> 
     </span>
    </p>
   </div>
   <div class='ocr_carea' id='block_1_8' title="bbox 278 4364 1848 4487">
    <p class='ocr_par' dir='ltr' id='par_1_8' title="bbox 278 4364 1848 4487">
     <span class='ocr_line' id='line_1_40' title="bbox 278 4364 1848 4487; baseline 0.003 -29"><span class='ocrx_word' id='word_1_440' title='bbox 278 4381 493 4458; x_wconf 77' lang='lat' dir='ltr'>Hitdartcns</span> <span class='ocrx_word' id='word_1_441' title='bbox 511 4403 615 4461; x_wconf 90' lang='lat' dir='ltr'>natus</span> <span class='ocrx_word' id='word_1_442' title='bbox 629 4416 670 4463; x_wconf 82' lang='lat' dir='ltr'>ex</span> <span class='ocrx_word' id='word_1_443' title='bbox 684 4388 866 4481; x_wconf 82' lang='lat' dir='ltr'>Eudoxia,</span> <span class='ocrx_word' id='word_1_444' title='bbox 891 4410 984 4468; x_wconf 87' lang='lat' dir='ltr'>recte</span> <span class='ocrx_word' id='word_1_445' title='bbox 998 4400 1163 4487; x_wconf 88' lang='lat' dir='ltr'>sentiens,</span> <span class='ocrx_word' id='word_1_446' title='bbox 1551 4364 1588 4435; x_wconf 73' lang='lat' dir='ltr'><em>D</em></span> <span class='ocrx_word' id='word_1_447' title='bbox 1604 4385 1626 4436; x_wconf 76' lang='lat'>⁰</span> <span class='ocrx_word' id='word_1_448' title='bbox 1657 4368 1723 4439; x_wconf 62' lang='grc' dir='ltr'>Μ</span> <span class='ocrx_word' id='word_1_449' title='bbox 1739 4390 1759 4440; x_wconf 87' lang='lat'>⁰</span> <span class='ocrx_word' id='word_1_450' title='bbox 1775 4386 1801 4440; x_wconf 75' lang='lat'>&#39;¹</span> <span class='ocrx_word' id='word_1_451' title='bbox 1815 4389 1848 4441; x_wconf 66' lang='grc' dir='ltr'>θ·</span> 
     </span>
    </p>
   </div>
   <div class='ocr_carea' id='block_1_9' title="bbox 176 4485 2191 4805">
    <p class='ocr_par' dir='ltr' id='par_1_9' title="bbox 176 4485 2191 4805">
     <span class='ocr_line' id='line_1_41' title="bbox 177 4485 2190 4593; baseline 0.014 -35"><span class='ocrx_word' id='word_1_452' title='bbox 177 4485 520 4562; x_wconf 86' lang='lat' dir='ltr'>restituitEcclesias</span> <span class='ocrx_word' id='word_1_453' title='bbox 536 4491 575 4593; x_wconf 85' lang='lat' dir='ltr'>in</span> <span class='ocrx_word' id='word_1_454' title='bbox 593 4492 725 4569; x_wconf 82' lang='lat' dir='ltr'>Attica.</span> <span class='ocrx_word' id='word_1_455' title='bbox 777 4493 912 4569; x_wconf 88' lang='lat' dir='ltr'>Tenuit</span> <span class='ocrx_word' id='word_1_456' title='bbox 927 4522 1075 4590; x_wconf 89' lang='lat' dir='ltr'>regnum</span> <span class='ocrx_word' id='word_1_457' title='bbox 1095 4525 1160 4573; x_wconf 91' lang='lat' dir='ltr'>an·</span> <span class='ocrx_word' id='word_1_458' title='bbox 1309 4500 1390 4577; x_wconf 83' lang='lat' dir='ltr'>Leo</span> <span class='ocrx_word' id='word_1_459' title='bbox 1410 4522 1514 4582; x_wconf 88' lang='lat' dir='ltr'>natus</span> <span class='ocrx_word' id='word_1_460' title='bbox 1534 4508 1573 4582; x_wconf 89' lang='lat' dir='ltr'>in</span> <span class='ocrx_word' id='word_1_461' title='bbox 1596 4507 1752 4586; x_wconf 85' lang='lat' dir='ltr'>Thracia</span> <span class='ocrx_word' id='word_1_462' title='bbox 1771 4516 1885 4587; x_wconf 85' lang='lat' dir='ltr'>factus</span> <span class='ocrx_word' id='word_1_463' title='bbox 1907 4530 1964 4589; x_wconf 91' lang='lat' dir='ltr'>est</span> <span class='ocrx_word' id='word_1_464' title='bbox 1990 4543 2034 4590; x_wconf 83' lang='lat' dir='ltr'>ex</span> <span class='ocrx_word' id='word_1_465' title='bbox 2055 4520 2190 4591; x_wconf 85' lang='lat' dir='ltr'>tribuno</span> 
     </span>
     <span class='ocr_line' id='line_1_42' title="bbox 176 4592 2191 4709; baseline 0.015 -50"><span class='ocrx_word' id='word_1_466' title='bbox 176 4613 243 4660; x_wconf 88' lang='lat' dir='ltr'>nos</span> <span class='ocrx_word' id='word_1_467' title='bbox 274 4604 420 4684; x_wconf 89' lang='lat' dir='ltr'>septem.</span> <span class='ocrx_word' id='word_1_468' title='bbox 484 4592 554 4665; x_wconf 89' lang='lat' dir='ltr'>Sed</span> <span class='ocrx_word' id='word_1_469' title='bbox 590 4616 653 4684; x_wconf 91' lang='lat' dir='ltr'>per</span> <span class='ocrx_word' id='word_1_470' title='bbox 684 4596 893 4669; x_wconf 88' lang='lat' dir='ltr'>seditionem</span> <span class='ocrx_word' id='word_1_471' title='bbox 929 4624 949 4671; x_wconf 90' lang='lat' dir='ltr'>a</span> <span class='ocrx_word' id='word_1_472' title='bbox 985 4600 1160 4677; x_wconf 88' lang='lat' dir='ltr'>Gilimern</span> <span class='ocrx_word' id='word_1_473' title='bbox 1208 4607 1355 4679; x_wconf 88' lang='lat' dir='ltr'>militari</span> <span class='ocrx_word' id='word_1_474' title='bbox 1397 4611 1588 4703; x_wconf 86' lang='lat' dir='ltr'>imperator</span> <span class='ocrx_word' id='word_1_475' title='bbox 1625 4612 1940 4709; x_wconf 90' lang='lat' dir='ltr'>Constantinopoli</span> <span class='ocrx_word' id='word_1_476' title='bbox 1978 4619 2133 4694; x_wconf 87' lang='lat' dir='ltr'>Senatus</span> <span class='ocrx_word' id='word_1_477' title='bbox 2162 4633 2191 4689; x_wconf 88' lang='lat' dir='ltr'>et</span> 
     </span>
     <span class='ocr_line' id='line_1_43' title="bbox 177 4695 2190 4805; baseline 0.014 -43"><span class='ocrx_word' id='word_1_478' title='bbox 177 4705 299 4781; x_wconf 86' lang='lat' dir='ltr'>captus</span> <span class='ocrx_word' id='word_1_479' title='bbox 315 4707 388 4780; x_wconf 90' lang='lat' dir='ltr'>est,</span> <span class='ocrx_word' id='word_1_480' title='bbox 413 4709 448 4766; x_wconf 88' lang='lat' dir='ltr'>et</span> <span class='ocrx_word' id='word_1_481' title='bbox 465 4695 648 4790; x_wconf 89' lang='lat' dir='ltr'>aliquanto</span> <span class='ocrx_word' id='word_1_482' title='bbox 666 4716 743 4787; x_wconf 89' lang='lat' dir='ltr'>post</span> <span class='ocrx_word' id='word_1_483' title='bbox 759 4713 914 4777; x_wconf 89' lang='lat' dir='ltr'>necatus.</span> <span class='ocrx_word' id='word_1_484' title='bbox 1209 4713 1380 4784; x_wconf 82' lang='lat' dir='ltr'>exereitus</span> <span class='ocrx_word' id='word_1_485' title='bbox 1411 4713 1672 4805; x_wconf 84' lang='lat' dir='ltr'>suffragatione.</span> <span class='ocrx_word' id='word_1_486' title='bbox 1731 4715 2009 4794; x_wconf 87' lang='lat' dir='ltr'>Coronatus.ab</span> <span class='ocrx_word' id='word_1_487' title='bbox 2031 4722 2190 4795; x_wconf 84' lang='lat' dir='ltr'>Anatolio</span> 
     </span>
    </p>
   </div>
   <div class='ocr_carea' id='block_1_10' title="bbox 576 4809 2190 4939">
    <p class='ocr_par' dir='ltr' id='par_1_10' title="bbox 576 4809 2190 4939">
     <span class='ocr_line' id='line_1_44' title="bbox 576 4809 2190 4939; baseline 0.008 -56"><span class='ocrx_word' id='word_1_488' title='bbox 576 4865 637 4939; x_wconf 44' lang='lat' dir='ltr'>w·</span> <span class='ocrx_word' id='word_1_489' title='bbox 662 4868 757 4934; x_wconf 44' lang='lat' dir='ltr'><strong>Rex·</strong></span> <span class='ocrx_word' id='word_1_490' title='bbox 1208 4809 1424 4885; x_wconf 88' lang='lat' dir='ltr'>Patriarcha.</span> <span class='ocrx_word' id='word_1_491' title='bbox 1477 4813 1595 4912; x_wconf 89' lang='lat' dir='ltr'>Atque</span> <span class='ocrx_word' id='word_1_492' title='bbox 1616 4814 1713 4889; x_wconf 85' lang='lat' dir='ltr'>hunc</span> <span class='ocrx_word' id='word_1_493' title='bbox 1735 4820 1893 4911; x_wconf 85' lang='lat' dir='ltr'>primum</span> <span class='ocrx_word' id='word_1_494' title='bbox 1919 4822 2076 4896; x_wconf 88' lang='lat' dir='ltr'>invenio</span> <span class='ocrx_word' id='word_1_495' title='bbox 2100 4825 2190 4896; x_wconf 83' lang='lat' dir='ltr'>al’a-</span> 
     </span>
    </p>
   </div>
   <div class='ocr_carea' id='block_1_11' title="bbox 277 4912 2189 5122">
    <p class='ocr_par' dir='ltr' id='par_1_11' title="bbox 277 4912 2189 5122">
     <span class='ocr_line' id='line_1_45' title="bbox 1207 4912 2189 5001; baseline 0.013 -17"><span class='ocrx_word' id='word_1_496' title='bbox 1207 4912 1361 4986; x_wconf 89' lang='lat' dir='ltr'>triarcha</span> <span class='ocrx_word' id='word_1_497' title='bbox 1376 4933 1595 4993; x_wconf 88' lang='lat' dir='ltr'>coronatum.</span> <span class='ocrx_word' id='word_1_498' title='bbox 1647 4918 1721 4992; x_wconf 89' lang='lat' dir='ltr'>Nec</span> <span class='ocrx_word' id='word_1_499' title='bbox 1743 4945 1827 4993; x_wconf 86' lang='lat' dir='ltr'>vero</span> <span class='ocrx_word' id='word_1_500' title='bbox 1842 4928 2038 4998; x_wconf 84' lang='lat' dir='ltr'>coronatio</span> <span class='ocrx_word' id='word_1_501' title='bbox 2058 4951 2123 5001; x_wconf 86' lang='lat' dir='ltr'>sen</span> <span class='ocrx_word' id='word_1_502' title='bbox 2132 4925 2189 4998; x_wconf 83' lang='lat' dir='ltr'>Ps-</span> 
     </span>
     <span class='ocr_line' id='line_1_46' title="bbox 277 4985 2188 5122; baseline 0.02 -57"><span class='ocrx_word' id='word_1_503' title='bbox 277 4985 552 5070; x_wconf 81' lang='lat' dir='ltr'>Gilimernatus</span> <span class='ocrx_word' id='word_1_504' title='bbox 569 5025 610 5070; x_wconf 90' lang='lat' dir='ltr'>ex</span> <span class='ocrx_word' id='word_1_505' title='bbox 626 5002 733 5072; x_wconf 87' lang='lat' dir='ltr'>tratre</span> <span class='ocrx_word' id='word_1_506' title='bbox 748 4997 935 5091; x_wconf 90' lang='lat' dir='ltr'>Honorici,</span> <span class='ocrx_word' id='word_1_507' title='bbox 960 5006 1029 5079; x_wconf 85' lang='lat' dir='ltr'>tuit</span> <span class='ocrx_word' id='word_1_508' title='bbox 1044 5012 1159 5081; x_wconf 81' lang='lat' dir='ltr'>audax</span> <span class='ocrx_word' id='word_1_509' title='bbox 1206 5013 1362 5089; x_wconf 88' lang='lat' dir='ltr'>triarcha</span> <span class='ocrx_word' id='word_1_510' title='bbox 1383 5019 1484 5090; x_wconf 88' lang='lat' dir='ltr'>dedit</span> <span class='ocrx_word' id='word_1_511' title='bbox 1506 5020 1715 5113; x_wconf 89' lang='lat' dir='ltr'>imperium,</span> <span class='ocrx_word' id='word_1_512' title='bbox 1740 5024 1802 5094; x_wconf 90' lang='lat' dir='ltr'>sed</span> <span class='ocrx_word' id='word_1_513' title='bbox 1823 5025 1927 5096; x_wconf 90' lang='lat' dir='ltr'>testis</span> <span class='ocrx_word' id='word_1_514' title='bbox 1947 5029 2120 5101; x_wconf 81' lang='lat' dir='ltr'>tuitenm</span> <span class='ocrx_word' id='word_1_515' title='bbox 2136 5027 2188 5122; x_wconf 68' lang='grc' dir='ltr'>ψ’</span> 
     </span>
    </p>
   </div>
   <div class='ocr_carea' id='block_1_12' title="bbox 174 5095 2189 5432">
    <p class='ocr_par' dir='ltr' id='par_1_12' title="bbox 174 5095 2189 5432">
     <span class='ocr_line' id='line_1_47' title="bbox 175 5095 2189 5210; baseline 0.023 -51"><span class='ocrx_word' id='word_1_516' title='bbox 175 5106 209 5163; x_wconf 94' lang='lat' dir='ltr'>et</span> <span class='ocrx_word' id='word_1_517' title='bbox 227 5095 361 5183; x_wconf 88' lang='lat' dir='ltr'>peritus</span> <span class='ocrx_word' id='word_1_518' title='bbox 383 5096 435 5164; x_wconf 87' lang='lat' dir='ltr'>rei</span> <span class='ocrx_word' id='word_1_519' title='bbox 461 5098 643 5188; x_wconf 89' lang='lat' dir='ltr'>militaris,</span> <span class='ocrx_word' id='word_1_520' title='bbox 669 5103 783 5174; x_wconf 89' lang='lat' dir='ltr'>movit</span> <span class='ocrx_word' id='word_1_521' title='bbox 806 5108 1014 5193; x_wconf 84' lang='lat' dir='ltr'>seditionem</span> <span class='ocrx_word' id='word_1_522' title='bbox 1031 5112 1159 5183; x_wconf 87' lang='lat' dir='ltr'>adver·</span> <span class='ocrx_word' id='word_1_523' title='bbox 1206 5116 1339 5193; x_wconf 78' lang='lat' dir='ltr'>eleotllt</span> <span class='ocrx_word' id='word_1_524' title='bbox 1362 5135 1455 5208; x_wconf 81' lang='lat' dir='ltr'>erat,</span> <span class='ocrx_word' id='word_1_525' title='bbox 1486 5117 1730 5195; x_wconf 89' lang='lat' dir='ltr'>Christianum</span> <span class='ocrx_word' id='word_1_526' title='bbox 1754 5147 1848 5210; x_wconf 89' lang='lat' dir='ltr'>esse,</span> <span class='ocrx_word' id='word_1_527' title='bbox 1882 5139 1918 5199; x_wconf 90' lang='lat' dir='ltr'>et</span> <span class='ocrx_word' id='word_1_528' title='bbox 1941 5128 2110 5205; x_wconf 80' lang='lat' dir='ltr'>alienum</span> <span class='ocrx_word' id='word_1_529' title='bbox 2127 5152 2189 5202; x_wconf 72' lang='lat' dir='ltr'>ests</span> 
     </span>
     <span class='ocr_line' id='line_1_48' title="bbox 175 5192 2189 5328; baseline 0.022 -68"><span class='ocrx_word' id='word_1_530' title='bbox 175 5213 233 5310; x_wconf 79' lang='lat' dir='ltr'>sus</span> <span class='ocrx_word' id='word_1_531' title='bbox 247 5192 487 5316; x_wconf 67' lang='lat' dir='ltr'>Hildericum3</span> <span class='ocrx_word' id='word_1_532' title='bbox 512 5202 575 5293; x_wconf 91' lang='lat' dir='ltr'>qni</span> <span class='ocrx_word' id='word_1_533' title='bbox 591 5201 744 5275; x_wconf 83' lang='lat' dir='ltr'>Vandali</span> <span class='ocrx_word' id='word_1_534' title='bbox 761 5230 842 5276; x_wconf 91' lang='lat' dir='ltr'>eum</span> <span class='ocrx_word' id='word_1_535' title='bbox 856 5210 1006 5281; x_wconf 89' lang='lat' dir='ltr'>oderant</span> <span class='ocrx_word' id='word_1_536' title='bbox 1020 5212 1158 5285; x_wconf 89' lang='lat' dir='ltr'>dissen-</span> <span class='ocrx_word' id='word_1_537' title='bbox 1207 5241 1225 5287; x_wconf 91' lang='lat' dir='ltr'>a</span> <span class='ocrx_word' id='word_1_538' title='bbox 1241 5218 1587 5312; x_wconf 84' lang='lat' dir='ltr'>talsisdogmatibns.</span> <span class='ocrx_word' id='word_1_539' title='bbox 1610 5218 1787 5320; x_wconf 56' lang='lat' dir='ltr'>*Eamque</span> <span class='ocrx_word' id='word_1_540' title='bbox 1800 5228 1850 5299; x_wconf 92' lang='lat' dir='ltr'>oh</span> <span class='ocrx_word' id='word_1_541' title='bbox 1863 5251 2014 5304; x_wconf 82' lang='lat' dir='ltr'>eausmn</span> <span class='ocrx_word' id='word_1_542' title='bbox 2031 5231 2189 5328; x_wconf 80' lang='lat' dir='ltr'>protessis</span> 
     </span>
     <span class='ocr_line' id='line_1_49' title="bbox 174 5293 2187 5432; baseline 0.025 -70"><span class='ocrx_word' id='word_1_543' title='bbox 174 5304 320 5365; x_wconf 77' lang='lat' dir='ltr'>trentem</span> <span class='ocrx_word' id='word_1_544' title='bbox 349 5297 394 5366; x_wconf 91' lang='lat' dir='ltr'>ab</span> <span class='ocrx_word' id='word_1_545' title='bbox 416 5293 571 5374; x_wconf 75' lang='lat' dir='ltr'>Arianis.</span> <span class='ocrx_word' id='word_1_546' title='bbox 628 5303 740 5399; x_wconf 90' lang='lat' dir='ltr'>Capto</span> <span class='ocrx_word' id='word_1_547' title='bbox 770 5306 881 5399; x_wconf 89' lang='lat' dir='ltr'>igitur</span> <span class='ocrx_word' id='word_1_548' title='bbox 910 5309 1094 5387; x_wconf 86' lang='lat' dir='ltr'>Hilderico</span> <span class='ocrx_word' id='word_1_549' title='bbox 1123 5331 1158 5388; x_wconf 92' lang='lat' dir='ltr'>et</span> <span class='ocrx_word' id='word_1_550' title='bbox 1206 5321 1482 5400; x_wconf 87' lang='lat' dir='ltr'>doctrinaeante</span> <span class='ocrx_word' id='word_1_551' title='bbox 1502 5328 1766 5399; x_wconf 85' lang='lat' dir='ltr'>coronationem</span> <span class='ocrx_word' id='word_1_552' title='bbox 1780 5329 1996 5424; x_wconf 85' lang='lat' dir='ltr'>petebatur,</span> <span class='ocrx_word' id='word_1_553' title='bbox 2021 5352 2067 5410; x_wconf 91' lang='lat' dir='ltr'>ut</span> <span class='ocrx_word' id='word_1_554' title='bbox 2086 5349 2187 5432; x_wconf 63' lang='lat' dir='ltr'>poste</span> 
     </span>
    </p>
   </div>
   <div class='ocr_carea' id='block_1_13' title="bbox 0 0 2347 6036">
    <p class='ocr_par' dir='ltr' id='par_1_13' title="bbox 0 0 2347 6036">
     <span class='ocr_line' id='line_1_50' title="bbox 0 0 2347 6036; baseline 0 0"><span class='ocrx_word' id='word_1_555' title='bbox 0 0 2347 6036; x_wconf 95' lang='lat' dir='ltr'> </span> 
     </span>
    </p>
   </div>
  </div>
 </body>
</html>
