4680 6038
181 204 258 287 dssl
565 200 569 207 ’
727 136 731 155 ·
816 199 1572 283 PHlLlPPlMELANTHONIS.
2137 211 2215 289 522

182 392 228 452 ιιι
249 375 426 471 intelligat
443 376 610 449 universa
630 376 818 473 posteritas
842 399 963 450 veram
986 400 1061 449 esse
1082 371 1176 451 hanc
1334 379 1395 457 12.
1432 375 1557 473 ltaque
1580 403 1649 451 vox
1670 378 1860 454 ministerii
1881 402 1957 451 oon
1978 395 2031 455 est
2053 376 2211 456 humana

183 480 416 555 sententiam:
450 480 545 551 Vivo
569 501 652 570 ego,
682 481 768 551 nolo
798 493 949 552 mortem
971 482 1177 573 peccatoris,
1228 479 1371 576 opinio,
1396 485 1455 552 sed
1475 495 1576 554 sonat
1591 482 1703 572 legem
1718 480 1788 555 Dei
1804 483 1969 554 traditam
1992 485 2097 557 certis
2110 487 2210 559 testi-

183 586 248 656 aed
263 597 306 654 ut
321 595 547 655 convertatur
562 596 597 654 et
614 582 724 658 vivat.
765 579 827 677 Ut,
849 583 968 655 Adam
983 596 1018 655 et
1037 580 1173 654 Hevam
1226 584 1359 654 moniis
1382 584 1427 655 ab
1452 585 1556 656 initio
1579 586 1719 657 mundi.
1768 583 1880 658 Sonat
1902 587 1987 659 item
2002 587 2210 679 promissio·

182 686 345 759 ruituros
368 686 407 755 iu
433 700 614 758 aeternam
636 698 808 771 mortem,
840 685 881 755 in
912 685 990 777 ipso
1023 685 1173 758 articulo
1226 709 1308 757 nem
1322 686 1471 777 gratiae,
1496 700 1531 759 et
1555 687 1673 777 arguit
1693 687 1896 759 universam
1917 687 2207 761 inobedientiam.

182 782 334 861 retrahit
347 786 386 858 in
402 788 531 870 vitam,
555 811 622 857 nec
636 785 723 858 sinit
738 808 797 857 eos
812 787 941 880 perire,
966 787 1027 858 sed
1043 787 1175 880 promit
1223 782 1273 860 Et
1287 788 1395 859 simul
1409 812 1489 859 rum
1505 784 1572 860 hac
1586 812 1670 859 voce
1684 789 1874 860 ministerii
1886 784 2110 863 horribiliter
2121 816 2209 864 con·

180 912 226 961 ιι
241 912 371 962 amano
390 888 608 962 sinuvocem
622 884 829 982 Evangelii,
853 889 902 962 ita
924 902 960 962 ιι
975 890 1079 961 nohis
1095 891 1174 964 vult
1223 889 1387 962 tinuatur
1406 891 1512 962 nobis
1535 891 1696 963 omnium
1719 892 1956 966 calamitatum
1984 893 2139 988 impetus
2156 894 2209 964 ir-

178 992 365 1085 opitulari.
1223 995 1406 1065 ruentium
1427 993 1467 1062 iu
1488 988 1702 1080 Ecclesiam,
1725 1008 1767 1066 ut
1788 994 1828 1063 in
1849 995 2132 1087 promulgatione
2156 997 2209 1068 le-

285 1092 322 1168 4.
362 1091 413 1168 Ut
434 1094 544 1188 igitur
565 1108 653 1166 tone
668 1093 849 1167 incoatum
867 1106 919 1165 est
931 1091 1169 1166 ministerium
1221 1094 1293 1184 gis,
1318 1090 1491 1167 horrendi
1505 1095 1661 1187 fragores
1675 1119 1711 1167 es
1727 1097 1968 1191 quassationea
1992 1111 2093 1170 erant
2117 1098 2207 1170 coeli

184 1198 446 1290 praedicandae
471 1196 710 1291 poenitentiae
728 1211 764 1270 et
778 1193 997 1267 remissionis
1011 1205 1172 1289 peccato-
1220 1208 1256 1268 et
1269 1209 1395 1271 terrae.

179 1321 282 1387 rum,
307 1298 357 1370 ita
377 1322 515 1392 semper
536 1312 656 1392 postea
674 1297 772 1372 Deus
793 1294 862 1370 hoc
883 1323 987 1370 suum
1009 1296 1170 1369 ministe—
1325 1300 1387 1372 ts.
1422 1297 1466 1370 lu
1484 1294 1541 1370 his
1560 1298 1670 1374 tantis
1691 1300 1844 1370 miseriis
1867 1316 1986 1401 tamen
2008 1300 2105 1375 Deus
2126 1325 2204 1374 sus-

177 1401 277 1494 rium
308 1400 348 1471 iu
372 1396 531 1473 Ecdesia
550 1426 612 1473 sua
639 1402 718 1473 vult
747 1425 891 1487 sonore,
924 1400 1102 1493 delendit,
1134 1411 1168 1470 et
1223 1413 1335 1473 tentat
1353 1424 1454 1473 suam
1468 1398 1685 1488 Ecclesiam,
1710 1416 1750 1473 ut
1766 1399 1882 1474 Adam
1909 1418 1944 1476 et
1958 1402 2109 1476 Hevam.
2156 1399 2205 1476 Et

177 1524 283 1596 saepe
297 1501 472 1579 instaurat
486 1504 714 1577 obscuratum
736 1504 834 1575 falsis
854 1500 1104 1601 opinionibus,
1127 1514 1168 1573 ut
1219 1528 1289 1575 vox
1311 1500 1500 1594 Evangelii
1524 1505 1749 1579 annuncians
1772 1504 2017 1578 remissionem
2041 1518 2204 1600 peccato·

177 1600 362 1676 Pharisaei
386 1620 422 1678 et
441 1601 615 1678 Monachi
639 1606 729 1677 fictis
756 1605 1075 1690 satisfactionibus,
1108 1603 1167 1673 iu·
1217 1628 1311 1688 rum,
1336 1606 1470 1677 multos
1483 1606 1650 1680 viviticat.
1701 1604 1849 1679 Necesse
1866 1621 1919 1679 est
1935 1608 2046 1707 igitur
2058 1611 2103 1680 ad
2117 1631 2205 1681 con·

177 1708 376 1799 dulgentiis
395 1722 432 1778 et
452 1708 532 1780 aliis
554 1708 712 1780 tenebris
727 1709 1007 1782 obscuraverunt
1032 1705 1166 1778 contri·
1218 1706 1402 1778 tritiouem
1425 1710 1591 1780 accedere
1612 1704 1705 1781 hauc
1727 1708 1854 1797 tidem,
1880 1734 1970 1806 quae
1984 1711 2107 1784 statuit
2121 1732 2205 1781 vere

178 1808 290 1881 tionis
303 1824 338 1881 et
352 1810 434 1881 fidei
450 1808 664 1884 doctrinam.
1217 1808 1324 1881 nohis
1337 1806 1672 1902 propterChristum
1687 1810 1795 1902 gratis
1811 1812 1946 1885 remitti
1960 1826 2114 1907 peccam,
2128 1835 2204 1884 non

279 1908 316 1986 5.
358 1910 513 1984 Aeterna
534 1925 569 1984 et
589 1912 824 1985 immutabilis
836 1909 905 1984 Dei
926 1912 1091 1997 voluntas
1104 1924 1168 1999 est,
1217 1924 1361 2006 propter
1375 1912 1467 1983 ullas
1481 1927 1620 1984 nostras
1640 1914 1801 1986 virtutes.

175 2025 221 2083 ut
240 2029 433 2107 arguantur
454 2009 641 2086 homiuum
665 2028 826 2108 peccata,
858 2026 1078 2106 proponatur
1099 2015 1166 2083 do·
1323 2010 1382 2085 14.
1414 2010 1511 2084 Haec
1526 2008 1614 2086 fides
1627 2038 1703 2085 non
1721 2028 1773 2087 est
1789 2016 1942 2103 noticia,
1965 2018 2082 2111 qualis
2094 2031 2146 2089 est
2164 2016 2203 2086 in

178 2114 292 2187 ctrina
315 2119 359 2187 de
381 2116 592 2187 remissione
609 2129 858 2208 peccatorum,
882 2129 918 2186 et
932 2115 1008 2187 vita
1021 2128 1164 2188 aetema
1216 2112 1396 2202 Diabolis,
1430 2118 1475 2187 de
1497 2138 1569 2211 qua
1590 2116 1681 2189 dicit
1701 2114 1869 2189 lacobus:
1902 2116 2103 2191 Daemones
2125 2143 2203 2190 cre·

174 2215 309 2290 donata
330 2233 477 2311 propter
494 2217 644 2290 Filium.
1216 2216 1309 2287 dunt
1332 2231 1367 2287 et
1398 2218 1687 2291 contremiscunt·
1744 2214 1841 2291 Haec
1863 2218 1958 2289 enim
1989 2245 2060 2314 quo
2091 2220 2204 2310 magis

280 2322 317 2393 6.
358 2318 444 2390 ldeo
467 2320 556 2392 dicit
569 2314 749 2390 Christus:
773 2318 929 2413 Spiritus
946 2331 1090 2391 sanctos
1107 2340 1165 2389 ar·
1217 2315 1582 2393 creditDeumiresci
1596 2332 1757 2412 peccato,
1778 2344 1823 2391 eo
1843 2321 2057 2414 profundius
2076 2319 2204 2411 mergit

173 2432 259 2511 guet
283 2422 477 2509 muudum,
501 2424 546 2494 de
565 2434 726 2513 peccato,
751 2422 796 2493 dc
817 2421 957 2494 iusticia
981 2434 1017 2495 et
1040 2422 1084 2492 de
1107 2421 1164 2492 iu·
1215 2419 1357 2490 animos
1368 2421 1407 2491 in
1422 2434 1586 2498 mortem.
1635 2420 1707 2495 Sed
1727 2434 1779 2492 est
1793 2422 1956 2494 assentiri
1969 2422 2200 2515 promissioni

173 2519 282 2596 dicio.
1214 2519 1367 2611 gratiae,
1392 2536 1426 2595 et
1439 2523 1567 2593 fiducia
1584 2523 1760 2615 accipiens
1775 2525 2020 2595 remissionem
2038 2539 2202 2618 peccato-

172 2658 194 2693 ·
277 2625 313 2698 7.
337 2619 418 2696 Etsi
431 2619 517 2696 haec
532 2625 710 2698 imbecilla
725 2639 761 2700 et
774 2650 877 2698 coeca
892 2622 1081 2699 hominum
1095 2648 1164 2698 na-
1214 2647 1295 2694 rum
1310 2638 1456 2718 propter
1468 2619 1670 2712 Clnistum,
1696 2638 1731 2697 et
1745 2624 1784 2696 in
1801 2622 1945 2698 Christo
1967 2626 2202 2721 acquiescens.

174 2735 253 2795 tura
272 2747 459 2820 nunquam
481 2729 568 2800 satis
588 2729 706 2816 videt,
730 2743 863 2826 quanta
882 2730 930 2802 sit
944 2730 995 2800 ira
1010 2727 1101 2816 Dei,
1126 2742 1163 2800 et
1212 2723 1310 2797 Haec
1340 2726 1509 2818 ignorant
1535 2721 1760 2824 hypocritae,
1793 2741 1830 2800 et
1847 2723 2105 2816 enthusiastae,
2137 2726 2201 2822 qui

170 2840 346 2919 quantum
360 2830 494 2899 malum
515 2831 562 2902 sit
583 2846 783 2923 peccatum:
810 2844 929 2903 tamen
949 2831 1107 2926 aliquam
1121 2831 1162 2902 in
1211 2826 1329 2900 Deum
1355 2841 1552 2923 quaerunt,
1584 2853 1658 2900 non
1680 2843 1720 2901 ut
1743 2853 1780 2901 se
1801 2830 1966 2924 patefecit
1990 2831 2100 2903 verbo
2123 2853 2202 2915 sno,

171 2920 319 2999 homine
333 2931 584 3003 contritionem
600 2934 748 3004 existere
764 2948 914 3026 oportet.
945 2929 993 3006 Et
1006 2947 1059 3006 ιιι
1073 2957 1163 3005 con-
1210 2932 1273 3004 sed
1286 2932 1455 3023 operibus
1470 2944 1533 3004 aut
1549 2932 1769 3024 vagabundis
1782 2931 2095 3025 speculationibus.

168 3029 270 3101 tritio
285 3055 368 3104 vere
384 3056 611 3125 expavescere
624 3036 806 3127 agnitione
820 3034 974 3109 iraellei
991 3038 1161 3108 adversus
1316 3029 1376 3107 15.
1402 3030 1451 3107 Et
1467 3059 1547 3107 cum
1563 3035 1633 3105 bde
1647 3035 1875 3126 recipimura
1891 3031 1982 3121 Deo,
2009 3034 2118 3107 simul
2133 3038 2201 3104 do·

168 3146 363 3223 matum.
414 3132 487 3207 Hic
499 3160 612 3229 pavor
628 3162 670 3208 ac
684 3139 789 3209 dolor
806 3141 845 3207 in
861 3139 940 3208 aliis
956 3138 1089 3224 maior,
1118 3137 1158 3207 in
1210 3158 1342 3207 namur
1358 3135 1497 3229 Spiritu
1511 3149 1653 3217 sancto,
1679 3136 1903 3207 etelhcimur
1922 3132 2094 3208 haeredes
2108 3136 2201 3206 vitae

167 3232 250 3302 aliis
271 3235 393 3308 minor
414 3250 484 3322 ιιι,
508 3240 570 3308 aed
593 3239 736 3326 crescit,
762 3254 797 3313 et
816 3240 856 3310 srt
879 3239 1005 3332 purior
1020 3239 1059 3308 in
1074 3261 1160 3310 aan-
1210 3251 1385 3309 aeternae.
1436 3234 1486 3309 Et
1506 3237 1593 3331 quid
1615 3237 1661 3307 sit
1684 3232 1771 3308 haec
1791 3234 1899 3321 fides,
1925 3237 1964 3306 in
1985 3237 2064 3329 ipso
2084 3258 2199 3328 agone

165 3334 255 3421 ctis,
288 3338 352 3431 qui
372 3339 581 3430 proficiunt,
611 3342 723 3415 utait
744 3337 934 3414 Ezechias:
974 3340 1077 3416 Sicut
1100 3342 1157 3412 leo
1209 3352 1246 3411 et
1259 3338 1485 3410 invocatione
1498 3339 1707 3434 quotidiana
1723 3338 1933 3409 discendum
1946 3339 2022 3430 [est.

127 3510 129 3517 ,
164 3438 339 3510 contrivit
352 3439 473 3510 osenia
490 3463 568 3512 ossa
589 3466 680 3513 mea.
1307 3440 1368 3514 16.
1399 3437 1507 3515 Hunc
1522 3441 1713 3513 articulum
1735 3440 1924 3532 dupliciter
1946 3440 2068 3512 delent
2092 3437 2198 3531 impii

270 3540 308 3615 8.
349 3537 441 3614 Cum
457 3538 681 3634 Augustinus
698 3560 781 3619 ante
802 3559 954 3618 mortem
977 3567 1077 3619 suam
1101 3545 1157 3617 la·
1207 3542 1401 3630 Doctores,
1426 3543 1563 3615 inimici
1578 3555 1781 3615 nostrarum
1797 3536 2048 3635 Ecclesiarum.
2101 3539 2198 3631 Quia

163 3662 333 3736 crymaus
346 3664 423 3715 sese
434 3660 625 3733 accusaret,
648 3649 744 3741 quod
759 3672 943 3743 nunquam
962 3650 1062 3742 prius
1075 3658 1157 3718 tan·
1207 3646 1356 3732 docent,
1389 3642 1554 3719 homines
1574 3645 1746 3740 consequi
1776 3644 2023 3727 remissionem
2050 3657 2201 3738 propter

162 3755 288 3835 tepere
325 3745 498 3817 doluisset
537 3761 685 3842 propter
719 3774 804 3823 suos
842 3752 982 3846 lapsus,
1028 3749 1156 3824 didicit
1206 3749 1352 3842 propria
1375 3749 1515 3821 merita.

166 3864 322 3918 masere
337 3847 593 3940 poenitentiam
610 3850 648 3920 iu
663 3853 801 3928 sanctis.
1310 3847 1368 3924 17.
1407 3847 1457 3924 Et
1479 3849 1613 3921 deiude
1631 3851 1792 3933 addunt,
1813 3848 1898 3942 quia
1921 3870 2107 3943 nunquam
2122 3845 2198 3920 sci-

268 3945 304 4019 9.
338 3948 415 4021 Iuro
431 3950 512 4020 ideo
528 3974 640 4042 genos
654 3946 852 4026 humanum
875 3977 1083 4047 oppressum
1099 3968 1154 4026 cst
1204 3975 1306 4038 mas,
1339 3954 1488 4046 quando
1507 3952 1593 4041 satis
1612 3951 1659 4022 sit
1680 3949 1909 4030 meritorum,
1940 3951 2084 4043 quando
2106 3973 2197 4019 con·

161 4060 300 4135 morte,
324 4052 452 4122 etaliis
465 4053 671 4138 ingentibus
685 4056 963 4143 calamitatibus,
987 4070 1027 4127 ut
1040 4080 1154 4147 agaro-
1204 4054 1304 4125 tritio
1319 4054 1365 4127 sit
1379 4053 1582 4140 sufficiens,
1604 4074 1744 4142 semper
1757 4050 2001 4122 dubitandum
2021 4072 2119 4130 esse,
2142 4073 2191 4118 au

156 4162 284 4220 aratur
301 4149 353 4222 ira
373 4149 440 4222 Dei
463 4154 633 4226 adsersus
654 4172 849 4248 peccatum·
896 4155 946 4229 Et
966 4159 1050 4252 quia
1072 4183 1150 4229 eam
1203 4154 1506 4248 simusingratia.

157 4251 267 4346 impii
287 4253 402 4324 securi
424 4267 678 4344 contemnunt,
698 4260 812 4350 magis
833 4258 1009 4351 premitur
1027 4256 1154 4332 Eccle-
1306 4257 1368 4331 ts.
1400 4257 1452 4330 Hi
1469 4259 1542 4328 duo
1565 4276 1705 4324 errores
1724 4268 1810 4325 sont
1824 4251 2033 4346 simpliciter
2049 4243 2193 4324 ethnica

156 4354 372 4448 aia,utipsa
389 4355 478 4426 ham
495 4370 529 4428 et
548 4357 721 4430 iodicium
731 4358 800 4432 Dei
815 4370 1029 4451 agnetcatet
1048 4385 1153 4452 prae·
1202 4359 1374 4437 doctrina.
1426 4359 1487 4434 sic
1507 4357 1641 4430 Gentes
1657 4355 1761 4428 etiam
1784 4356 1948 4427 colebant
1962 4354 2101 4443 Deum,
2126 4380 2191 4427 cu-

152 4456 274 4543 dicet,
297 4470 332 4529 et
348 4472 494 4553 quaerat
507 4459 760 4535 liberationem
774 4463 957 4553 agnitione
971 4462 1061 4534 Pilii
1074 4488 1151 4536 me·
1201 4461 1523 4556 mulautesopcra,
1549 4470 1716 4531 ettamen
1732 4458 1960 4544 dubitantes,
1981 4481 2030 4530 an
2054 4457 2191 4550 recipe·

152 4556 327 4645 disteria,
348 4561 439 4633 ιίιιι
453 4560 625 4656 scriptum
642 4578 715 4636 est:
738 4563 917 4637 Iudicium
932 4589 952 4636 a
967 4568 1074 4638 domo
1082 4563 1150 4638 Dei
1200 4578 1337 4640 remur.

151 4660 295 4754 incipit.
1306 4665 1366 4743 19.
1398 4661 1494 4735 Crem
1506 4662 1617 4754 igitur
1630 4684 1766 4733 enures
1781 4658 1842 4733 isti
1856 4656 2116 4733 monachorum
2127 4661 2193 4729 de-

263 4763 324 4836 10.
359 4759 443 4835 Ideo
458 4777 492 4836 et
506 4763 575 4852 les,
595 4792 687 4862 quae
701 4784 753 4842 est
769 4783 952 4842 aeternum
970 4770 1149 4842 etimne·
1201 4763 1566 4854 leantEvangelium,
1584 4788 1726 4836 neeesse
1743 4778 1795 4835 est
1811 4787 1871 4834 eos
1885 4762 2011 4835 taxari.

152 4863 270 4939 tabile
285 4864 458 4937 iudicium
473 4862 542 4937 Dei
556 4869 728 4941 adversus
741 4886 943 4963 peccatum,
968 4873 1062 4944 echte
1085 4885 1152 4958 est,
1300 4870 1366 4944 2⁰.
1397 4867 1446 4940 Ut
1460 4866 1725 4960 conspiciantur
1738 4864 1906 4936 benefida
1920 4858 2078 4946 Christi,
2098 4869 2133 4929 et
2155 4856 2189 4928 ei

151 4978 196 5039 ιι
211 4980 386 5038 monstret
400 4982 581 5060 peccatum
597 4983 631 5042 et
647 4993 769 5045 causas
782 4974 1038 5046 salonitatum.
1198 4993 1284 5042 suos
1297 4969 1466 5065 proprius
1480 4963 1595 5039 honos
1611 4969 1801 5039 tribuatur.
1853 4959 1967 5048 itero,
1987 4974 2027 5033 ut
2050 4973 2188 5031 mentes

259 5069 318 5140 11.
357 5066 446 5139 Vult
470 5065 570 5141 Deus
598 5086 715 5144 entare
746 5100 869 5147 vocem
899 5075 1007 5167 lagia,
1040 5089 1082 5149 ιιι
1106 5099 1148 5146 ex
1198 5072 1348 5165 pavidae
1366 5068 1522 5143 habeant
1534 5068 1674 5142 firmam
1691 5064 1983 5139 consolationem.
2033 5059 2134 5143 Item,
2147 5074 2188 5131 ut

148 5182 251 5243 certo
268 5171 378 5241 verbo
393 5168 464 5241 Dei
479 5172 649 5255 sciamus,
675 5176 763 5269 quid
788 5178 832 5249 sit
854 5191 1057 5270 peccatum,
1081 5200 1147 5247 nec
1197 5198 1280 5246 vera
1302 5173 1485 5246 invocatis
1508 5183 1732 5251 exerceatur,
1756 5190 1897 5237 necesse
1919 5179 1971 5237 est
1987 5164 2131 5236 delendi
2153 5177 2187 5233 et

145 5274 328 5364 fingamus
349 5272 420 5364 ipsi
440 5272 521 5345 aius
543 5274 748 5350 teatirnooio
765 5279 833 5352 Ilei
854 5293 1017 5373 peccata,
1040 5279 1143 5353 iusti·
1196 5276 1370 5349 illustrari
1388 5272 1588 5347 doctrinam
1603 5275 1647 5342 de
1661 5266 1865 5354 Exclusiva,
1889 5268 1985 5361 quod
2002 5263 2192 5336 solofide

127 5371 245 5444 'ciam
257 5374 432 5452 stcultus.
1166 5378 1453 5468 liuttifieemur,
1474 5376 1604 5461 idest,
1629 5373 1727 5468 quod
1745 5386 1891 5465 propter
1903 5364 2086 5442 Christum
2109 5390 2190 5455 gra-
