4680 6038
1118 1350 1191 1434 ΠΙ.

373 1545 979 1638 DECLAMA'FIONES
1037 1540 1350 1630 PllllrlPPl
1406 1542 1933 1636 MblerN'l'HONlS.

1034 1825 1290 1841 -nu———u—-n

146 2087 207 2183 Ns,
229 2087 312 2156 132,
952 2111 998 2148 an.
1024 2086 1119 2150 1553.
1183 2079 1231 2149 tia
1255 2046 1329 2150 non
1348 2080 1466 2169 ignota
1488 2090 1554 2159 est,
1591 2079 1729 2169 placare
1754 2099 1916 2171 possent,
1948 2111 2001 2158 res
2023 2091 2166 2185 quidem

641 2267 649 2285 ⁸
778 2268 784 2285 ι
915 2268 923 2286 ⁸
1182 2181 1257 2273 ipsa
1280 2181 1473 2251 calumnias
1494 2179 1631 2253 refutat.
1681 2176 1772 2251 Cum
1793 2197 1907 2254 autem
1930 2189 2009 2260 Deo
2032 2195 2095 2287 qui
2117 2208 2168 2266 est

341 2267 415 2350 De
446 2269 678 2351 calumma
703 2262 935 2350 Ostandrt·
1171 2274 1499 2380 ’καρδιογνώστης,
1545 2280 1744 2353 voluntates
1777 2299 1916 2356 nostrae
1947 2305 2053 2363 notae
2085 2296 2169 2383 sint,

213 2440 241 2492 tn
258 2439 349 2493 mm·
368 2437 448 2494 nect.
465 2436 497 2490 Τ,
513 2436 560 2493 m
577 2456 605 2509 p.
621 2435 753 2559 ⁷³⁷⁸pto
780 2437 896 2492 servesr.
913 2436 945 2490 T·
960 2436 1009 2492 HL
1026 2455 1052 2509 p.
1068 2436 1130 2494 696.
1182 2407 1324 2454 oramus
1339 2385 1465 2476 ipsum,
1490 2397 1531 2453 ut
1546 2395 1580 2453 et
1595 2397 1690 2472 regat
1708 2396 1846 2456 nostros
1862 2387 2009 2478 labores,
2033 2420 2167 2490 nosque

153 2182 321 2210 w

246 2520 272 2561 er
292 2509 416 2562 sichard.
438 2506 536 2561 'utu
556 2507 653 2575 pest.
707 2508 782 2562 'etam
807 2507 950 2578 separaum
971 2505 1051 2560 edita.
1088 2505 1132 2562 ct.
1182 2486 1287 2557 laciat
1301 2508 1383 2556 vasa
1402 2484 1680 2570 misericordiae,
1705 2510 1745 2556 ac
1767 2511 1897 2577 organa
1921 2494 2086 2567 salutaria
2103 2508 2170 2569 no-

246 2577 375 2631 suaserit
387 2576 453 2632 bist.
467 2577 534 2631 Md·
549 2577 595 2632 N‘·
608 2576 669 2630 ⁸⁹⁶·
1183 2589 1285 2658 biset
1300 2588 1397 2672 aliis,
1407 2600 1440 2657 ct
1455 2586 1563 2657 leniat
1578 2609 1764 2656 aerumnas
1779 2591 1937 2680 publicas
1952 2619 1992 2665 ac
2006 2598 2169 2687 privatas.
2281 2633 2284 2639 ·

1284 2688 1387 2759 Nunc
1403 2711 1486 2757 vero
1509 2688 1552 2756 de
1569 2700 1740 2759 venenata
1755 2693 1905 2783 quadam
1924 2690 2096 2769 Osiandri
2112 2726 2170 2772 ca-

1262 2791 1320 2860 nia
1337 2791 1464 2873 dicam,
1490 2811 1563 2858 non
1580 2801 1651 2859 tarn
1667 2790 1880 2862 defensionis
1896 2812 2034 2869 nostrae
2053 2826 2169 2889 causa,

1184 2917 1252 2987 qua
1269 2893 1307 2991 in
1323 2915 1361 2961 re
1374 2892 1556 2962 manifesta
1579 2913 1653 2958 non
1671 2914 1759 2983 opus
1777 2907 1847 2979 est,
1872 2920 1977 2988 quam
1994 2914 2034 2972 ut
2050 2903 2170 2974 iunio·

1184 3018 1238 3064 res
1255 3008 1370 3063 vetera
1386 2988 1531 3063 honesta
1549 2992 1705 3083 exempla
1720 2994 1866 3066 audiant
1883 3012 1916 3067 et
1933 3003 2170 3091 considerent,

148 3084 254 3164 luitio
270 3092 338 3163 tibi
352 3092 576 3183 omnipotens
590 3089 697 3171 Deus,
720 3105 859 3160 aeterne
876 3104 973 3182 pater
986 3089 1133 3160 Domini
1184 3099 1362 3189 quomodo
1387 3108 1537 3164 vetustas
1559 3093 1768 3183 obligaverit
1796 3120 1993 3170 accessuros
2016 3107 2061 3173 ad
2089 3131 2170 3177 mu·

150 3197 255 3266 nostri
275 3194 352 3263 lesu
365 3191 510 3278 Christi,
536 3194 700 3263 conditor
717 3193 806 3261 coeli
824 3208 858 3264 et
873 3207 996 3275 terrae,
1019 3207 1053 3263 et
1067 3189 1133 3261 bo·
1184 3221 1251 3265 nus
1266 3196 1428 3265 docendi.

150 3302 282 3366 minum
301 3311 335 3365 et
351 3298 500 3365 aliarum
517 3309 777 3377 creaturarum,
801 3318 966 3364 unacum
983 3294 1056 3363 lilio
1072 3309 1132 3365 tuo
1288 3295 1509 3365 Vociferatur
1524 3293 1618 3364 euim
1638 3288 1816 3366 Osiander
1829 3300 1942 3371 scelus
1958 3327 2048 3390 esse,
2074 3310 2172 3400 quod

151 3412 331 3469 coaeterno
350 3397 505 3467 Domino
528 3411 649 3466 nostro
669 3394 745 3464 lesu
763 3391 924 3479 Christo,
948 3409 982 3465 et
997 3395 1134 3488 Spiritu
1156 3426 1159 3463 ι
1185 3402 1222 3469 in
1240 3398 1507 3468 renunciatione
1522 3396 1655 3488 publici
1671 3399 1863 3468 testimonii
1879 3403 2039 3492 petimus,
2066 3423 2106 3479 ut
2121 3402 2171 3495 bi,

150 3520 285 3589 sancto,
318 3500 475 3591 sapiens,
507 3523 629 3578 verax,
662 3498 772 3582 bone,
805 3498 914 3582 iuste,
941 3511 1050 3581 caste,
1078 3500 1134 3589 inq
1186 3503 1314 3597 quibus
1339 3500 1528 3569 tribuimus
1550 3498 1807 3582 testimonium,
1833 3504 2020 3577 adfirment
2043 3531 2078 3577 se
2095 3534 2171 3581 am-

152 3608 229 3686 dex,
264 3603 461 3670 misericors
485 3614 518 3671 et
540 3600 737 3686 liberrime,
771 3600 898 3689 gratias
921 3622 1004 3688 ago,
1038 3601 1131 3691 quod
1186 3605 1288 3692 plecti
1313 3603 1552 3692 incorruptam
1578 3596 1761 3689 Evangelii
1787 3604 2004 3692 doctrinam,
2037 3626 2070 3681 et
2093 3596 2195 3682 eam'
2251 3637 2257 3644 ·

154 3701 317 3773 hactenus
338 3703 431 3772 iuter
448 3726 512 3771 nus
535 3703 598 3771 tibi
617 3702 753 3790 colligis
768 3698 979 3783 Ecclesiam,
1006 3714 1038 3770 et
1060 3726 1132 3769 non
1186 3709 1233 3775 sic
1250 3703 1464 3790 intelligere,
1487 3715 1526 3771 ut
1544 3701 1581 3768 in
1597 3702 1766 3794 symbolis
1782 3700 2007 3795 Apostolico,
2035 3710 2169 3783 Niceno

152 3809 233 3874 sinis
266 3805 423 3891 extingui
454 3807 566 3873 lucem
599 3817 679 3873 tuae
705 3804 904 3885 doctrinae,
934 3817 1037 3895 teque
1060 3815 1132 3872 toto
1186 3823 1218 3877 et
1243 3801 1485 3877 Athanasiano
1510 3818 1820 3890 commemoratur,
1854 3822 1888 3876 et
1908 3823 1947 3880 ut
1970 3812 2007 3879 in
2024 3811 2172 3883 Contes-

155 3924 286 3996 pectore
308 3932 389 3989 oro,
417 3921 455 3977 ut
477 3919 620 3996 propter
640 3905 771 3986 lilium,
798 3919 831 3974 et
856 3929 917 3994 per
937 3930 1016 3973 eum
1033 3905 1134 3973 dein·
1186 3911 1296 3988 sione,
1323 3930 1428 4000 quarn
1444 3903 1620 3974 Ecclesiae
1636 3919 1775 3974 nostrae
1792 3901 2026 3982 exbibuerunt
2041 3912 2170 3986 Carolo

157 4033 228 4098 ceps
243 4033 404 4102 (petoque,
431 4009 523 4077 inter
547 4031 611 4076 nos
626 4003 816 4074 Ecclesiam
839 4007 1000 4096 colligas,
1024 4021 1056 4074 et
1070 4009 1133 4074 do·
1186 4008 1389 4101 imperatori
1421 4008 1459 4074 in
1489 4017 1664 4075 conventu
1684 4002 1911 4096 Arignstano,
1941 4034 2035 4081 auno
2064 4014 2171 4093 1530.

149 2744 283 2824 Oratio,
307 2741 348 2806 in
365 2758 438 2828 qna
456 2731 653 2828 refutatur
666 2737 861 2807 calumnia
884 2733 1130 2825 Osiandri,
1183 2793 1257 2861 lum

148 2837 451 2933 reprehendentis
481 2842 767 2930 promissionem
803 2860 950 2928 eornm,
998 2836 1132 2931 quibus

299 2939 474 3012 tribuitur
499 2945 755 3013 testimoniiun
776 2936 979 3013 doctrinas.

157 4111 408 4180 ctriuaestudia
428 4112 610 4200 gubernes.
664 4105 759 4177 Haec
775 4133 912 4176 mecum
928 4110 1134 4176 ardentibus
1187 4113 1369 4193 recitatur,
1401 4123 1435 4179 et
1460 4107 1668 4199 promittant
1690 4107 1727 4175 iu
1754 4132 1791 4177 ea
1815 4113 2004 4199 sententia,
2036 4137 2072 4185 se
2093 4112 2170 4187 Deo
2292 4118 2295 4123 ’

155 4215 239 4282 votis
259 4229 292 4283 et
308 4213 401 4281 veris
418 4213 605 4303 gemitibus
621 4233 743 4278 omnes
761 4210 875 4301 petite.
1187 4214 1347 4295 iuvante,
1372 4221 1574 4280 constanter
1597 4223 1877 4296 perseveraturos
1898 4235 1988 4300 esse,
2009 4230 2043 4288 et
2058 4218 2172 4288 fideli-

250 4315 399 4405 Semper
413 4328 528 4384 autem
541 4313 636 4382 Deus
652 4308 939 4381 voluitErclesiis
953 4311 1136 4380 adiunctos
1187 4330 1240 4386 ter
1253 4314 1406 4383 facturos
1422 4311 1576 4378 officium
1593 4309 1630 4377 in
1646 4305 1813 4386 Ecclesia.

153 4441 221 4486 esse
245 4417 449 4486 docentium
472 4429 505 4485 et
528 4413 736 4482 discentium
759 4426 894 4498 coetus,
918 4413 979 4507 qui
1005 4413 1136 4481 maiore
1290 4414 1376 4483 ltem
1393 4414 1422 4480 si
1439 4411 1864 4483 incidentcontroversiae
1881 4437 2003 4497 novae,
2031 4421 2075 4489 de
2090 4423 2171 4516 qui.

154 4520 351 4588 assiduitate
368 4519 522 4587 colerent
536 4515 716 4586 doctrinae
733 4515 860 4598 studia,
881 4538 985 4607 quam
1003 4515 1136 4606 reliqua
1189 4521 1254 4588 bus
1278 4540 1351 4584 non
1376 4526 1493 4583 extant
1520 4514 1699 4604 perspicua
1734 4516 1879 4597 iudicia,
1914 4531 1955 4587 ut
1976 4520 2171 4596 deliberent

155 4622 342 4691 multitudo
361 4621 439 4689 aliis
454 4631 620 4708 occupata
643 4616 815 4706 negociis,
843 4618 919 4686 vult
936 4617 1029 4712 enim
1052 4640 1136 4684 con·
1188 4643 1266 4689 eum
1297 4619 1376 4686 aliis
1404 4615 1604 4686 senioribus
1629 4616 1666 4684 in
1695 4631 1812 4686 nostra
1836 4614 1990 4688 Ecclesia
2021 4637 2055 4693 et
2086 4648 2172 4694 con·

155 4723 281 4792 servari
304 4723 416 4791 libros
445 4717 668 4814 propheticos
691 4733 725 4787 et
753 4718 979 4808 apostoliens,
1008 4718 1139 4801 literas,
1190 4719 1327 4791 iunctis.

155 4825 307 4916 linguas,
333 4839 425 4894 artes
447 4847 536 4917 quae
557 4819 734 4890 Ecclesiae
754 4820 859 4890 utiles
881 4833 981 4903 sunt,
1006 4833 1040 4889 et
1057 4833 1139 4889 sunt
1289 4819 1391 4888 Hanc
1427 4831 1581 4887 nostram
1627 4817 1915 4886 consuetudinem
1949 4818 2176 4913 reprehendit

154 4927 272 4995 lumen
288 4927 378 4995 vitae
402 4921 589 4994 humanae.
642 4921 691 4991 lli
716 4934 834 4991 coetus
855 4923 944 4990 bene
968 4933 1139 4990 merentes
1191 4918 1385 5005 Osiander,
1419 4932 1583 4989 extenuat
1606 4917 1784 5015 symbola,
1812 4934 1928 5009 postea
1951 4923 2067 5018 inquit
2089 4952 2175 4997 con.

153 5019 194 5097 'de
217 5041 292 5099 toto
314 5051 439 5117 genere
461 5021 636 5110 humano,
661 5024 828 5093 omnibus
851 5023 975 5092 olliciis
996 5023 1138 5092 fovendi
1191 5022 1523 5116 stimi-tyrannidem
1544 5033 1578 5089 et
1592 5018 1773 5089 seditiosas
1788 5021 2067 5112 coniurationes,
2094 5054 2176 5100 cum

156 5147 251 5214 sunt,
277 5133 338 5198 sed
366 5127 435 5199 tlte
460 5125 648 5196 Homerica
665 5124 804 5216 ⁸multos
829 5124 1005 5207 incendit,
1030 5136 1141 5194 utne
1192 5122 1358 5194 uolumus
1378 5126 1577 5192 docentesa
1603 5119 1820 5191 confessione
1845 5137 1963 5194 nostra
1980 5127 2177 5218 dissentire,

156 5234 296 5324 quidem
317 5231 468 5300 fideliter
491 5228 726 5299 servientibus
748 5227 787 5295 in
813 5222 878 5295 hae
902 5225 1029 5295 militia
1059 5248 1141 5316 par·
1194 5230 1276 5297 item
1295 5244 1372 5295 cum
1389 5248 1461 5294 non
1485 5224 1708 5292 concedimus
1732 5221 1878 5312 singulis
1898 5219 2178 5321 ἰδιοβουλεύειν,

156 5349 248 5417 cant,
275 5320 366 5427 quos
383 5332 518 5403 utinam
534 5329 634 5403 Litas
650 5343 801 5413 nostrae,
826 5350 977 5422 quarum
993 5327 1141 5397 moesti-
1197 5344 1230 5400 et
1247 5326 1479 5423 pronunciare
1501 5347 1565 5394 suo
1586 5325 1718 5394 iudicio
1736 5326 1779 5392 ds
1798 5325 1900 5394 novis
1919 5333 2180 5407 controversiis.

1605 5431 1651 5499 μ
