4680 6038
148 205 224 282 ata

652 190 810 273 auct.
836 188 914 268 DE
951 188 1312 272 CONGRESSU
1349 191 1729 275 BONONlENSl.

2103 199 2172 275 stt

150 390 425 472 propagaretur,
449 394 556 467 quam
575 382 720 462 propter
734 366 882 457 gloriam
899 365 974 439 Dei
998 380 1034 436 et
1057 390 1141 457 pro·
1166 373 1172 439 l
1195 383 1323 448 scente,
1345 384 1379 440 et
1392 369 1540 459 insignis
1551 384 1633 460 post
1646 370 1844 455 victoriam,
1870 371 2083 447 moderatio.
2112 370 2173 443 aa

151 495 230 574 pter
247 480 395 550 salutem
410 488 568 547 nostram
586 472 743 544 studiose
761 469 951 556 discamus,
977 483 1013 540 et
1028 493 1144 560 agno·

151 598 287 656 scentes
303 581 474 651 immensa
484 576 552 648 Dei
567 574 750 659 beneficia,
776 570 867 662 grati
886 596 968 642 eum
987 573 1145 642 celebre·

151 709 249 768 mars,
275 699 309 754 et
324 685 369 753 ab
385 682 461 772 ipso
476 677 625 751 assiduis
641 675 735 745 votis
749 686 928 765 petamus,
954 689 994 746 ut
1017 698 1083 744 nos
1105 676 1145 744 in

153 789 260 858 tantis
294 783 564 855 confusionibus
598 777 737 869 generis
769 772 921 847 humani
953 778 1146 848 clementer

152 891 327 979 gubernet
342 902 376 958 et
391 897 562 979 protegat,
581 905 646 951 nec
661 880 756 953 sinat
768 902 834 949 uos
849 880 1015 970 implicar
1032 879 1144 950 ierro-

151 991 272 1076 ribus,
301 990 333 1060 ei
350 1015 391 1060 ex
406 984 565 1059 Ecclesia
583 985 621 1053 in
638 983 803 1055 tenebras
824 1006 938 1053 ruere.

254 1173 308 1244 Te
324 1173 376 1243 fili
393 1170 461 1244 Dei
471 1169 629 1242 Domine
647 1166 727 1239 Iesu
741 1163 902 1253 Christe,
928 1169 989 1263 qui
1009 1169 1145 1240 dixisti:

153 1277 281 1349 Venite
314 1278 357 1345 ad
387 1298 444 1344 me
475 1296 616 1358 omnes,
654 1272 716 1366 qui
745 1272 915 1343 laboratis
941 1286 975 1341 et
1008 1272 1146 1342 onerati

152 1381 256 1466 estis,
282 1402 345 1470 ego
368 1377 524 1448 reficiam
549 1399 630 1459 vos,
659 1374 808 1453 invoco,
841 1387 883 1445 ut
913 1397 979 1444 nos
1010 1376 1147 1460 doceas,

151 1506 252 1573 regas
275 1497 308 1552 et
333 1502 460 1551 serves.
515 1477 608 1548 Vera
631 1490 664 1547 te
687 1476 787 1569 loqui
810 1500 884 1546 non
908 1477 1055 1558 dubito,
1082 1504 1145 1548 vo-

152 1598 290 1656 cantem
311 1604 435 1652 omnes
450 1601 691 1652 aerumnosos.
716 1577 792 1648 Hac
806 1592 867 1649 tua
880 1604 965 1648 voce
980 1580 1090 1651 fretus
1100 1583 1143 1652 ad

151 1703 187 1759 te
202 1687 352 1769 accedo,
378 1698 412 1754 et
436 1696 517 1777 peto
540 1697 574 1754 et
600 1695 743 1775 expecto
760 1705 778 1751 a
795 1693 828 1751 te
845 1681 1017 1752 auxilium
1037 1696 1072 1754 et
1087 1707 1145 1755 sa-

152 1790 275 1864 lutem.
327 1784 423 1859 Dixi.

373 2039 559 2108 Petilio
594 2033 649 2107 ad
672 2036 927 2108 Decianum.

242 2221 402 2294 Revocat
416 2219 508 2291 mibi
524 2221 562 2290 in
579 2222 787 2292 memoriam
808 2217 894 2292 baec
911 2221 1143 2294 consiliorum

154 2325 294 2398 Carolis
306 2323 533 2416 lmperatoris
548 2325 851 2406 commemoratio,
869 2349 925 2394 eas
940 2350 1026 2418 quas
1041 2348 1144 2418 saepe

153 2424 264 2498 habui
286 2429 330 2495 de
353 2422 515 2517 Augusto
535 2423 701 2511 Caesare,
734 2441 768 2498 et
797 2421 865 2496 boc
899 2427 977 2517 ipso
1001 2425 1144 2513 Carolo,

155 2529 397 2618 cogitationes.
450 2526 567 2599 Multa
591 2529 729 2618 reperio
751 2528 790 2597 iu
806 2524 863 2597 his
879 2531 1018 2599 duobus
1036 2528 1145 2599 Prin·

155 2632 295 2724 cipibus
318 2629 468 2714 similia,
497 2644 531 2701 et
557 2654 760 2724 quanquam
787 2631 943 2722 potentia
959 2633 1143 2726 utriusque

155 2734 293 2827 dispar,
318 2746 354 2803 et
375 2754 495 2803 rerum
519 2731 674 2822 ipsarum
700 2759 739 2802 ac
755 2746 953 2824 temporum
971 2735 1143 2819 conditio,

154 2838 223 2908 sub
245 2847 399 2929 utroque
418 2834 487 2904 fuit
511 2834 709 2905 dissimilis:
743 2850 861 2906 tamen
890 2836 928 2905 in
952 2861 1007 2907 res
1030 2850 1143 2907 motas

114 3028 121 3034 -
154 2939 227 3009 iam
244 2950 278 3008 et
293 2938 448 3008 turbatas
462 2936 589 3007 incidit
600 2950 761 3032 uterque.
788 2936 1004 3010 Naturarum
1015 2940 1143 3009 simili·

154 3039 337 3120 tudinem,
366 3062 541 3130 geneseon
560 3042 787 3129 congruentia
805 3040 953 3113 indicat:
985 3040 1143 3136 Uterque

155 3142 252 3213 enim
270 3140 528 3235 Capricornum
546 3135 862 3236 ὥροσκοποῦντα,
891 3158 1037 3237 uterque
1062 3169 1141 3213 cum

155 3244 313 3316 Saturno
331 3242 482 3314 Martem
507 3245 738 3315 coniunctum
763 3241 902 3316 habuit.
955 3245 1043 3316 lnde
1069 3270 1141 3316 non

155 3347 306 3419 obscura
330 3359 382 3415 est
408 3370 508 3415 carisa
531 3346 798 3433 similitudinis,
832 3373 992 3430 morum,
1025 3350 1143 3419 consi-

156 3448 310 3533 liorum,
337 3463 551 3532 conatuum,
578 3461 793 3534 eventuum,
818 3475 938 3520 remam
958 3466 1144 3541 gestarum,

155 3549 336 3619 varietatis
353 3551 526 3622 fortunae.
565 3547 690 3621 Rediit
705 3552 743 3621 in
760 3553 884 3622 urbem
900 3551 1055 3624 Romam
1065 3549 1142 3621 Au-

155 3667 278 3741 gustus
302 3677 342 3722 ex
363 3648 484 3723 scbola
502 3648 668 3737 Rhodia,
694 3678 714 3723 a
737 3655 849 3724 literis
873 3656 917 3723 ad
943 3655 1143 3745 imperium,

154 3768 235 3845 post
258 3755 479 3826 intersectum
505 3753 548 3826 C.
570 3754 773 3840 Caesarem,
809 3781 827 3824 a
851 3781 922 3850 quo
946 3757 1058 3826 suerat
1080 3758 1144 3826 ad-

155 3869 295 3947 optatus
310 3859 514 3928 adolescens
532 3859 737 3942 admodum,
763 3870 797 3928 et
812 3873 852 3929 ut
867 3857 1094 3928 caesisHirco
1109 3872 1144 3928 et

153 3956 270 4030 Pansa
295 3961 501 4031 consulibus
522 3962 742 4044 succederet,
777 3975 913 4031 creatus
944 3976 995 4031 est
1018 3961 1143 4032 consul

154 4085 290 4132 annum
304 4086 410 4152 agens
424 4064 600 4133 decimum
625 4087 776 4136 nonum.
828 4060 994 4132 Eundem
1021 4064 1143 4133 aetatis

154 4188 289 4234 annum
306 4189 411 4255 agens
420 4163 571 4235 Carolus
587 4166 719 4236 accitus
734 4163 997 4235 estElectorum
1012 4166 1142 4236 suffra·

154 4267 221 4354 giis
245 4268 289 4335 ad
314 4267 453 4356 imperii
470 4264 627 4338 Romani
651 4267 1008 4339 administrationem.
1060 4265 1143 4337 Ma-

154 4389 223 4456 gna
238 4367 331 4436 bella
348 4369 452 4456 gessit
468 4381 618 4460 uterque
632 4382 724 4439 terra
741 4370 902 4464 marique
922 4371 1000 4462 pari
1015 4395 1141 4463 prope·

155 4469 305 4537 modum
321 4482 469 4552 eventu,
496 4483 529 4538 et
545 4470 670 4539 iisdem
687 4472 853 4542 fortunae
875 4473 1033 4557 vicibus,
1055 4498 1143 4543 con-

156 4584 209 4640 tra
228 4571 440 4640 domesticos
457 4572 565 4660 magis
580 4597 686 4665 quam
706 4586 842 4644 exteros
858 4571 986 4646 hostes.
1024 4574 1143 4645 Variis

154 4672 224 4743 luit
247 4687 395 4766 uterque
426 4673 557 4764 petitus
587 4677 896 4748 adversationibus
926 4693 960 4748 et
989 4678 1141 4750 insidiis.

155 4772 306 4868 Utrique
331 4776 652 4867 praestantissimos
674 4792 710 4849 et
740 4781 913 4870 sapientia
946 4795 978 4852 et
1010 4782 1143 4851 virtute

154 4876 285 4946 bellica
319 4878 416 4946 viros
436 4874 535 4948 Deus
569 4879 752 4966 adiunxit,
785 4908 938 4976 quorum
974 4884 1143 4967 consiliis,

154 4979 286 5062 ductu,
310 4980 477 5050 felicitate
502 5003 542 5049 ae
565 4983 785 5053 successibus
806 5008 861 5054 res
887 4998 1001 5056 tantas
1027 5009 1143 5076 gesse·

155 5093 251 5165 runt,
280 5075 441 5169 Augusto
461 5079 669 5175 Agrippam,
696 5084 958 5171 Maecenatem,
984 5087 1142 5159 Drusum

156 5195 190 5251 et
204 5181 308 5251 alios:
335 5180 488 5266 Carolo,
514 5182 773 5272 Marrucinum,
800 5187 1037 5272 Granvelum,
1065 5189 1143 5261 An·

156 5282 294 5352 tonium
318 5283 473 5368 Levana,
514 5298 549 5353 et
571 5283 859 5381 Frouspergium.
918 5293 960 5364 ln
988 5308 1143 5386 utroque

155 5383 324 5474 sapientis
356 5383 427 5455 luit
459 5386 632 5459 excellens
664 5392 769 5463 etiam
799 5398 992 5468 admodum
1020 5397 1170 5468 adole·.

1197 485 1280 540 rom
1307 470 1491 541 Nicolaum
1530 469 1813 562 Sebonbergiurn
1847 474 2078 546 Cardinalem
2115 473 2176 546 Ca·

1196 598 1352 665 puanum
1377 597 1458 644 cum
1482 574 1688 667 perfunctus
1719 576 1957 667 legationibus
1983 578 2085 671 apud
2114 589 2175 649 tres

1196 698 1316 765 reges,
1339 674 1507 747 Carolum
1531 674 1804 769 Hispaniarum,
1835 678 2068 752 Franciscum
2095 677 2176 753 Gal-

1196 778 1345 863 liarum,
1371 794 1405 849 et
1428 776 1623 848 Hearicum
1645 777 1816 871 Angliae,
1841 783 2005 855 rediisset
2019 779 2178 867 Roman,

1197 895 1230 951 et
1247 881 1483 972 interrogatus
1499 896 1587 952 emet
1601 906 1621 952 a
1637 880 1874 960 CardinnleS.
1883 883 2054 976 Georgii:
2082 885 2175 975 Quas

1198 983 1384 1075 reperisset
1397 984 1436 1055 in
1459 984 1532 1053 illis
1555 984 1670 1055 tribus
1684 987 1803 1077 regnis
1817 1000 2015 1059 memoratu
2033 987 2178 1058 maxine

1197 1086 1325 1176 digua,
1349 1087 1573 1178 respondisse
1597 1089 1772 1159 concinne
1793 1092 1989 1161 admodum
2013 1104 2051 1161 et
2066 1092 2176 1163 breri-

1197 1202 1267 1260 ter:
1319 1187 1506 1281 Reperisse
1531 1213 1567 1259 se
1592 1191 1630 1259 in
1654 1188 1785 1263 Galliis
1807 1189 1998 1284 pulchrum
2022 1214 2176 1284 regnunt,

1197 1290 1236 1360 in
1253 1286 1383 1382 Anglia
1400 1287 1588 1384 pulchrum
1606 1317 1734 1383 regern,
1761 1297 1829 1366 tuit
1844 1295 1941 1364 enim
1954 1292 2175 1366 iormallen·

1198 1393 1262 1463 rici
1286 1395 1378 1485 regis
1400 1394 1543 1464 eximia:
1569 1395 1608 1465 in
1622 1393 1804 1486 Hispaniis
1825 1422 1908 1468 vero
1932 1398 2083 1492 sapiens
2101 1422 2176 1469 cau·

1198 1496 1318 1567 silium
1334 1496 1436 1586 regis.
1487 1496 1594 1585 Quod
1618 1515 1652 1570 et
1679 1502 1723 1568 de
1747 1501 1824 1592 ipso
1838 1498 1969 1597 Carolo
1996 1499 2176 1573 essessa

1198 1599 1297 1689 regni
1312 1599 1462 1690 intelligi
1478 1600 1604 1676 voluit.
1655 1600 1739 1673 Fuit
1752 1617 1786 1674 et
1800 1604 1957 1674 studium
1974 1602 2177 1698 inutraque

1198 1702 1328 1772 serium
1350 1724 1406 1772 res
1430 1717 1623 1774 commotas
1647 1717 1682 1774 et
1704 1705 1916 1776 fluctuantes
1929 1706 2178 1800 componendi,

1198 1818 1233 1875 et
1254 1805 1324 1873 iam
1349 1819 1507 1898 reparata
1531 1819 1564 1875 et
1586 1808 1722 1885 firmata
1752 1832 1853 1897 pace,
1894 1831 2005 1903 quarn
2035 1808 2176 1880 dissidia

1198 1907 1448 1992 dissolverant,
1473 1908 1712 1979 constituendi
1725 1925 1835 1980 status
1851 1911 2007 1981 alicuius
2021 1912 2177 1983 duraturi

1198 2012 1241 2079 ad
1267 2024 1441 2102 posteros,
1465 2026 1499 2081 et
1522 2013 1698 2101 profuturi
1722 2013 1974 2107 tranquillitati
1995 2029 2111 2108 atque
2129 2014 2177 2084 iu·

1198 2112 1398 2184 columitati
1415 2113 1568 2206 imperii.

1272 2211 1453 2286 Deliberat
1469 2212 1649 2306 Augustus
1661 2218 1706 2287 de
1721 2217 1835 2288 lorma
1851 2215 2093 2311 Reipublicae
2107 2242 2177 2292 nun

1197 2319 1338 2388 duobus
1352 2317 1619 2410 sapientissimis
1634 2320 1720 2389 viris
1736 2317 1895 2413 Agrippa
1913 2336 1948 2392 et
1966 2320 2180 2406 Maecenate,

1197 2435 1317 2492 utrum
1343 2421 1543 2492 restitueret
1573 2435 1724 2492 veterem
1757 2425 1908 2494 formam
1932 2423 2179 2518 Reipublicae,

1197 2547 1287 2617 quae
1305 2538 1379 2594 erat
1395 2546 1436 2592 ex
1446 2522 1678 2595 Aristocratia
1692 2537 1728 2595 et
1739 2522 1966 2597 Democratia
1977 2519 2109 2612 mixta,
2130 2549 2176 2596 au

1196 2626 1294 2695 illam
1320 2650 1466 2718 prorsus
1490 2626 1660 2696 abolitam
1685 2643 1876 2719 praestaret
1903 2643 2122 2702 commutare
2141 2628 2179 2697 iu

1197 2722 1457 2798 Monarchiam.
1509 2726 1642 2799 Extant
1664 2730 1932 2801 deliberationis
1953 2731 2055 2803 illios
2071 2731 2179 2824 capita

1196 2831 1291 2924 apud
1306 2827 1460 2901 Dionem
1475 2831 1630 2924 exposita
1647 2831 1762 2923 longis
1779 2835 2029 2920 orationibus,
2053 2833 2096 2904 in
2106 2835 2180 2929 qoi-

1196 2935 1275 3003 bus
1297 2933 1410 3005 multa
1442 2934 1669 3024 disputantur
1696 2935 1849 3026 graviter
1880 2952 1916 3007 et
1946 2936 2179 3031 sapientexin

1196 3048 1385 3129 utramque
1407 3051 1560 3128 partem:
1588 3038 1636 3108 ita
1659 3041 1704 3107 de
1725 3038 1937 3109 dirimendis
1954 3054 1989 3112 et
2002 3038 2178 3131 sopiendis

1196 3138 1446 3209 controversiis
1461 3139 1703 3210 ecclesiasticis
1718 3154 1752 3211 et
1768 3143 2006 3212 emendandis
2016 3138 2176 3214 Ecclesiis

1197 3240 1337 3335 Synodi
1353 3240 1529 3330 legitimae
1544 3241 1696 3322 iudicio,
1718 3245 1832 3337 deque
1848 3244 2087 3316 instauranda
2099 3267 2177 3315 eon·

1196 3343 1335 3427 cordia,
1357 3357 1391 3414 et
1406 3358 1488 3414 ante
1507 3345 1640 3414 bellum
1661 3344 1915 3416 Germanicum
1933 3361 2082 3439 etpost,
2106 3371 2177 3419 cnm

1196 3445 1416 3535 sapientibus
1438 3447 1549 3517 multa
1567 3448 1717 3518 contulit
1733 3446 1882 3521 Carolus
1905 3450 1944 3519 in
1959 3474 2090 3522 omnes
2103 3473 2178 3543 par·

1196 3562 1247 3617 tes
1277 3561 1437 3619 accurate
1471 3550 1655 3641 pensitata.
1714 3549 1783 3621 Sed
1815 3553 1891 3644 pari
1923 3554 2176 3645 propemodum

1195 3672 1354 3720 successu
1370 3651 1520 3722 tentavit
1536 3667 1684 3746 uterque
1697 3656 1792 3746 quod
1810 3656 1871 3723 din
1896 3655 2128 3751 multumque
2147 3668 2177 3724 et

1194 3753 1371 3843 sapienter
1392 3754 1578 3843 cogitarat,
1604 3771 1639 3826 et
1662 3756 1906 3844 desperatione
1927 3759 2078 3829 tandem
2100 3780 2176 3830 uon·

1196 3855 1285 3923 siliis
1307 3855 1453 3926 abiectis
1477 3858 1521 3926 ab
1548 3858 1688 3949 incepto
1711 3859 1867 3940 destitit,
1894 3875 1929 3931 et
1950 3884 2031 3932 sese
2047 3885 2115 3932 eeu
2126 3882 2177 3931 rc·

1190 3958 1310 4028 -movit
1330 3982 1349 4028 a
1373 3956 1608 4050 Reipublicae
1633 3960 1960 4048 administratione,
1999 3959 2178 4055 Augustus

1194 4060 1302 4152 petita
1318 4058 1429 4145 Nola,
1454 4059 1605 4133 Carolus
1626 4063 1860 4150 monasterio,
1885 4064 1976 4136 etin
2003 4065 2178 4138 moesticia

1195 4188 1235 4233 ac
1253 4163 1448 4234 solitudine
1463 4179 1625 4235 mortuus
1640 4179 1693 4237 est
1706 4178 1865 4259 uterque.

1269 4261 1443 4359 Exemplo
1461 4281 1513 4338 est
1528 4280 1690 4361 uterque,
1707 4270 1873 4361 quamsit
1888 4269 2016 4341 infelix
2029 4270 2180 4343 humana

1195 4367 1386 4460 sapientia,
1413 4383 1449 4441 et
1464 4394 1570 4463 quam
1586 4369 1685 4442 irrita
1701 4393 1862 4464 prorsus,
1886 4372 1916 4442 si
1939 4397 2017 4444 uon
2043 4386 2181 4467 regatur

1194 4471 1379 4544 divinitus.

1281 4568 1337 4643 Eo
1358 4574 1528 4645 libentius
1550 4590 1668 4645 autem
1686 4598 1750 4666 ego
1769 4601 1912 4670 qnoque
1926 4575 2054 4651 Caroli
2070 4577 2183 4673 lanpe-

1195 4675 1323 4746 ratoris
1339 4678 1557 4747 mentionem
1575 4678 1686 4762 facio,
1712 4683 1809 4772 quod
1826 4680 1919 4750 inter
1943 4695 2067 4754 taraus
2082 4704 2183 4754 oocu-

1195 4779 1355 4871 pationes
1372 4780 1640 4870 gubernationis
1654 4795 1688 4853 et
1702 4782 1891 4867 bellorum,
1911 4808 2040 4854 omnes
2056 4785 2184 4856 seim

1196 4906 1276 4953 eum
1293 4895 1328 4952 et
1344 4906 1496 4966 amasse,
1534 4897 1568 4953 et
1583 4883 1814 4970 intellexisse,
1847 4900 1882 4956 et
1903 4887 2060 4958 coluisse
2085 4901 2184 4983 atque

1195 4985 1390 5055 exercuisse
1405 4978 1470 5055 bas
1484 4997 1623 5057 nostras
1637 4999 1729 5056 artes
1753 4982 1915 5081 physicas
1927 5003 1964 5061 et
1984 4985 2183 5062 matbema-

1195 5087 1302 5169 ticas‚
1336 5088 1385 5157 sic
1408 5100 1448 5157 ut
1471 5111 1535 5157 nec
1558 5087 1857 5159 medicationibus
1883 5104 2068 5175 uteretur,
2100 5112 2182 5188 quas

1196 5214 1270 5258 non
1289 5189 1364 5281 ipse
1380 5189 1480 5281 prius
1496 5192 1752 5264 considerasset
1765 5206 1799 5263 et
1811 5193 2069 5281 examinasset,
2093 5208 2129 5267 et
2140 5193 2182 5265 de

1195 5292 1357 5362 doctrina
1390 5288 1622 5384 geographica
1657 5306 1763 5387 atque
1802 5296 2044 5368 astronomica
2083 5298 2181 5392 ptosa

1195 5407 1338 5482 nosset,
1360 5419 1468 5489 quam
1484 5396 1591 5469 multi
1606 5395 1670 5466 alii
1683 5391 1740 5469 bis
1754 5397 1882 5469 studiis
1907 5399 2102 5495 praecipue
2122 5401 2179 5473 ds*
