4680 6038
131 205 158 277 ,1
329 180 337 197 ‘
668 193 827 272 naon
865 190 940 271 nn
973 186 1207 269 scuona
1238 184 1528 273 nosrocn.
2044 217 2117 293 ase

131 400 190 449 rac
214 376 418 461 doctrinae,
451 386 485 447 et
508 374 553 444 ad
575 394 695 443 veram
717 368 978 441 invocationem
996 362 1075 454 Dei,
1126 363 1300 435 maiorum
1325 379 1528 438 nostrorum
1550 369 1653 443 dictis
1676 387 1709 446 et
1734 377 1834 450 factis
1853 384 2114 477 conspicimus?

146 482 341 572 petendum
371 491 423 547 est
453 490 491 548 ut
513 468 614 546 Deus
643 496 709 543 nos
737 474 928 564 gubernet,
960 482 1074 540 servet
1125 464 1198 539 Ubi
1219 467 1385 538 firmioris
1407 481 1445 540 et
1466 470 1581 541 virilis
1601 477 1724 546 aetatis
1746 479 1831 549 fides
1852 497 1886 554 et
1902 492 2109 578 constantia,

131 595 179 653 ter
194 605 260 653 uns
274 577 489 657 Ecclesiam,
512 592 548 649 et
562 599 693 669 poenas
708 575 855 664 mitiget.
1124 592 1231 661 quam
1255 569 1418 661 superius
1439 575 1595 643 seculum
1620 575 1659 645 in
1680 580 1767 650 viris
1785 583 1841 652 sui
1858 590 2027 680 temporis
2043 594 2108 663 ad-

186 681 276 754 vult
300 677 384 751 baec
408 680 481 772 peti
493 678 608 763 Deus,
633 679 717 770 quia
737 679 815 748 vult
831 673 983 765 intelligi
998 696 1073 743 nou
1122 670 1289 756 miratur,
1331 684 1365 741 et
1399 676 1645 764 praedicatur?
1704 679 1806 770 Quae
1839 700 1890 757 est
1923 692 2106 777 mollicies,

131 787 251 855 ‚manis
272 784 429 853 consiliis
454 795 487 852 et
508 779 692 873 praesidiis
714 779 847 849 servari
865 774 1072 861 Ecclesiam,
1123 795 1213 864 quae
1228 772 1367 858 levitas,
1392 799 1482 866 quae
1496 777 1628 864 libido,
1653 783 1697 852 ad
1714 808 1821 877 quam
1835 787 1995 864 florentis
2009 810 2105 868 aeta-

130 887 264 979 depelli
280 880 397 954 hostes
413 885 574 953 diabolos
589 895 624 952 et
636 905 767 971 organa
783 881 1020 951 diabolorum.
1122 875 1167 943 tis
1192 898 1327 959 mores,
1360 877 1525 968 quiante
1546 887 1757 956 verecundia
1780 901 1815 958 et
1838 892 1974 978 pudore
1998 899 2103 968 nobis

183 985 344 1078 Vagatur
356 983 512 1056 Ecclesia
531 986 624 1053 inter
641 984 822 1067 diabolos,
847 997 881 1054 et
893 985 987 1052 inter
1001 981 1069 1049 im·
1120 978 1476 1058 commendabantur,
1502 1004 1576 1050 non
1596 984 1667 1055 sint
1683 985 1909 1079 impudenter
1925 996 2103 1089 prolapsi?

131 1115 140 1163 ι
160 1091 312 1181 imperia
335 1089 373 1157 in
395 1089 547 1171 mundo,
571 1086 662 1155 sieut
681 1086 825 1174 exiguus
847 1108 930 1175 grex
946 1080 1068 1155 ovium
1120 1075 1210 1166 Quis
1232 1081 1320 1148 ordo
1343 1103 1363 1147 a
1387 1080 1518 1152 virtute
1539 1097 1716 1171 veterum,
1743 1104 1777 1159 et
1798 1091 1903 1164 laude
1923 1099 2101 1172 maiorum

131 1216 176 1264 :ee
191 1193 302 1262 multa
320 1191 487 1280 lnporum
505 1189 661 1278 agmina,
685 1210 750 1256 nec
767 1189 986 1257 defensorem
1002 1178 1068 1257 ba·
1118 1202 1192 1251 uon
1222 1182 1373 1273 turpiter
1400 1184 1645 1271 degeneravit,
1674 1201 1709 1259 et
1735 1191 1906 1280 flagitiose
1929 1199 2101 1275 descivit?

131 1308 298 1369 tcertum
320 1292 390 1379 nisi
408 1292 521 1361 filium
535 1288 603 1361 Dei
618 1289 811 1360 Dominum
832 1303 992 1359 nostrum
1011 1282 1067 1355 le-
1116 1295 1179 1352 aut
1207 1284 1294 1376 quid
1323 1284 1478 1378 denique
1507 1286 1546 1354 in
1575 1287 1646 1358 vita
1670 1295 1852 1363 communi
1877 1312 1912 1369 et
1938 1303 2099 1376 moribus

131 1391 381 1478 mChristum,
407 1391 609 1465 crucifixum
633 1415 697 1483 pro
717 1391 819 1462 noln‘s
834 1405 867 1461 et
881 1389 1066 1461 resuscita·
1115 1376 1301 1453 bominum
1329 1408 1477 1479 usquam
1507 1388 1673 1480 simplex,
1706 1392 1882 1487 integrum
1912 1413 1945 1472 et
1967 1427 2095 1494 purum

131 1522 182 1587 n,
210 1498 273 1590 qui
295 1497 427 1589 inquit:
452 1486 566 1567 Nemo
588 1493 700 1586 rapiet
725 1516 808 1563 oves
823 1516 917 1563 meas
933 1516 974 1561 ex
988 1514 1064 1560 ma·
1115 1486 1366 1557 estreliclum?

131 1604 189 1673 ἡ,
205 1599 303 1669 meg·
1219 1586 1446 1681 Quapropter
1464 1615 1616 1684 peropus
1640 1610 1691 1668 est
1713 1595 1941 1691 Magistratus
1962 1630 2096 1691 omnes,

180 1692 290 1769 Hu'nc
318 1701 431 1770 filium
453 1696 522 1768 Dei
551 1691 664 1795 λόγον
690 1692 754 1767 καὶ
781 1688 905 1768 εἰκόνα
926 1689 1063 1784 dldcov,
1114 1703 1149 1761 et
1179 1690 1287 1780 alios,
1321 1691 1384 1784 qui
1411 1691 1590 1786 aliquibus
1620 1699 1785 1789 privatim
1814 1719 1898 1777 cunt
1919 1709 2096 1801 praelecti,

131 1794 208 1875 llov
229 1799 385 1896 πατρὸς,
418 1826 482 1875 oro
505 1814 579 1871 toto
596 1817 755 1891 pectore,
781 1813 822 1870 ut
835 1800 909 1892 ipse
923 1810 1064 1889 propter
1113 1787 1182 1862 hoc
1205 1792 1470 1884 corruptissimo
1493 1797 1630 1886 seculo,
1659 1814 1693 1870 et
1712 1801 1935 1897 iniquissimo
1955 1834 2096 1882 morum

131 1926 179 1979 m
195 1906 345 1994 gloriam
361 1928 427 1974 nos
442 1917 617 1994 protegat,
643 1927 687 1970 ne
702 1900 861 1971 Turrieis
875 1913 936 1971 aut
950 1898 1065 1968 civili·
1114 1908 1272 1987 tempore
1296 1895 1462 1984 evigilare
1476 1898 1613 1985 studio,
1638 1915 1674 1972 et
1690 1909 1895 1996 expergisci,
1921 1925 1955 1982 et
1969 1913 2014 1982 de
2025 1926 2097 1984 sta·

131 2028 147 2077 e
172 2007 280 2077 bellis
309 2007 348 2075 in
377 2002 432 2074 bis
461 2005 683 2094 regionibus,
715 2003 897 2072 barbarica
922 1999 1064 2072 vastitas
1113 1997 1230 2082 tione,
1262 1997 1301 2066 in
1321 2021 1391 2089 qua
1413 1996 1586 2070 divinitus
1609 2016 1692 2073 sunt
1713 2006 1892 2097 collocati,
1917 2035 1964 2082 ne
1984 2013 2096 2086 mini-

131 2128 151 2185 t
188 2106 272 2180 'Sed
295 2123 410 2178 server
432 2108 525 2176 inter
548 2130 613 2175 nos
627 2100 820 2175 Ecclesiam
840 2105 956 2195 ipsum
971 2114 1063 2172 recte
1114 2121 1211 2169 mum
1231 2099 1376 2192 quidem
1394 2098 1594 2188 discedere,
1618 2117 1653 2174 et
1669 2107 1787 2177 omnia
1803 2111 1904 2203 quasi
1922 2118 2095 2207 especula

131 2223 318 2294 iocantem,
346 2225 379 2280 et
393 2222 488 2298 regat
501 2222 635 2277 mentes
651 2206 865 2287 docentium,
888 2216 930 2276 ut
942 2227 1063 2273 omnes
1114 2200 1397 2290 circumspicere,
1421 2213 1457 2271 et
1479 2202 1638 2275 animum
1659 2206 1697 2275 in
1717 2231 1833 2280 mores
1847 2213 1956 2285 veluti
1967 2238 2096 2288 arcum

131 2336 193 2387 um
208 2312 249 2382 in
267 2313 344 2404 ipso
361 2311 487 2395 simus,
513 2306 641 2383 Amen.
692 2307 787 2379 Dixi.
1114 2302 1289 2373 intentum
1311 2324 1449 2392 semper
1467 2301 1616 2388 habere,
1638 2320 1674 2379 et
1689 2308 1774 2379 vitia
1789 2314 1980 2403 speculari,
2005 2319 2094 2388 etin

298 2439 303 2447 .
1115 2403 1159 2472 iis
1179 2404 1345 2474 tollendis
1365 2426 1455 2496 quae
1478 2404 1547 2473 iam
1569 2406 1607 2474 in
1628 2409 1699 2479 vita
1719 2425 1755 2480 et
1776 2415 1934 2487 moribus
1955 2418 2095 2490 insede-

1114 2518 1217 2589 runt,
1249 2518 1283 2574 et
1305 2527 1395 2597 pene
1416 2503 1678 2594 inveterarunt,
1709 2513 1763 2583 uti
1785 2518 1972 2595 severitate
1989 2521 2095 2611 plane

1114 2606 1296 2692 censoria,
1320 2630 1409 2699 quae
1431 2607 1509 2677 iure
1526 2610 1674 2700 pudoris
1690 2624 1724 2681 et
1739 2617 1929 2688 modestiae
1944 2614 2096 2693 babetur

131 2716 253 2793 3155,
412 2664 421 2679 .
871 2737 920 2777 an.
944 2713 1040 2780 1556.
1114 2708 1297 2797 magistra,
1322 2721 1356 2780 et
1378 2708 1500 2791 malis,
1526 2733 1616 2803 quae
1635 2713 1786 2803 plurima
1807 2741 1848 2787 ex
1872 2714 1938 2792 bac
1955 2721 2095 2796 levitate

131 2812 258 2847 ”⁹
849 2801 1059 2842 m
1115 2824 1150 2881 et
1162 2810 1311 2880 libidine
1326 2808 1483 2903 quotidie
1497 2827 1723 2901 enascuntur,
1746 2819 1957 2891 medicinam
1973 2848 2096 2894 recen-

318 2941 394 3026 ΒΘ
421 2940 586 3030 Schola
614 2938 822 3025 Romal·
1116 2912 1228 2997 tibus,
1260 2913 1354 3004 quod
1379 2912 1472 2982 valet
1491 2912 1707 3006 plurimum,
1729 2913 1910 2993 adbibere.
1961 2922 2098 3013 Quem·

1115 3015 1306 3085 admodum
1334 3026 1468 3084 veteres
1495 3012 1855 3107 Rerumpublicarum
1883 3026 2098 3114 gubernato.

146 3132 274 3197 Prodiit:
302 3137 431 3204 „Causae
455 3152 505 3214 cur
529 3129 639 3212 arbelae
661 3127 760 3200 pbilns.
786 3125 914 3206 praefecti
931 3126 959 3181 in
978 3122 1065 3206 Αςιᾶ·
1115 3139 1171 3186 tet
1192 3116 1336 3198 fecisse,
1360 3108 1431 3184 iloc
1449 3115 1606 3203 (licium,
1633 3123 1729 3212 quod
1749 3146 1845 3194 nunc
1869 3128 1975 3218 vulgo
1991 3152 2097 3201 118111·-

177 3204 310 3265 Rostorb.
332 3203 360 3258 in
383 3202 524 3274 disciplina
542 3198 712 3253 resarcienda
731 3197 896 3248 elaborarunt
916 3225 946 3234 -
965 3213 1018 3249 scri
1040 3201 1065 3244 ta
1116 3229 1234 3308 patum
1261 3211 1316 3284 Εχ
1338 3214 1441 3285 malis
1464 3218 1625 3287 moribus
1645 3196 1761 3292 bonag
1784 3224 1876 3315 lege⁸
1891 3243 2096 3312 nmuniur,

178 3275 272 3330 oratio
284 3275 320 3326 ab
332 3271 457 3327 Arnoldo
466 3266 600 3332 Burenio,
618 3284 681 3319 cum
696 3263 779 3335 praef.
793 3265 880 3317 Mete
896 3261 981 3318 Viteb.
992 3213 1066 3317 mbo·
1499 3317 1508 3334 1

178 3347 208 3402 t.
231 3344 307 3417 apt.
336 3368 372 3382 -
407 3341 544 3392 recusum
570 3343 609 3389 ese
632 3334 685 3388 tot:
713 3332 845 3401 scriptum
870 3349 932 3386 cum
959 3330 1066 3399 praetr-
1116 3329 1234 3409 aperte
1253 3316 1428 3398 declarat,
1449 3330 1483 3387 et
1497 3340 1591 3408 ipsos
1607 3321 1662 3391 sut
1678 3325 1836 3397 muneris
1849 3328 2024 3400 rationem
2039 3355 2098 3404 re-

177 3411 257 3468 tione
282 3409 348 3467 Mel.
373 3408 402 3462 io
427 3409 473 3461 sel.
499 3403 577 3460 Deci.
600 3400 694 3460 T.1V.
720 3418 748 3471 p.
766 3401 815 3453 tto
834 3419 909 3521 eqp„
940 3398 1065 3453 ilicbard.
1115 3419 1237 3510 ligium
1251 3412 1415 3487 habuim
1430 3418 1613 3508 significat.

179 3482 215 3536 Τ.
232 3482 266 3538 tl.
290 3499 316 3551 p.
329 3478 389 3533 869.
413 3487 439 3530 ct
464 3476 581 3529 Servest.
607 3472 639 3526 Τ.
654 3471 701 3524 iV.
725 3487 750 3538 p.
765 3468 820 3523 161.
890 3465 1065 3550 metationem
1282 3519 1291 3534 ,
1379 3518 1389 3536 ‚
1574 3522 1584 3540 ‚
1688 3521 1699 3541 ‚

142 3596 147 3605 .
176 3550 250 3608 rtet.
267 3550 391 3604 dedimus
409 3542 579 3614 intepuistis
596 3539 794 3594 dranceos
812 3538 886 3592 1654.
907 3567 936 3578 -
956 3536 986 3590 tn
1002 3536 1065 3609 ttps·
1218 3518 1310 3609 Quis
1330 3542 1427 3588 enim
1451 3544 1528 3591 non
1548 3524 1663 3606 videt,
1687 3547 1726 3591 an
1747 3518 1816 3597 boc
1835 3526 1947 3603 aDeo
1962 3535 2097 3628 optimo

181 3619 261 3675 scoti·
292 3616 354 3671 satis
381 3612 557 3688 perspicitur·
593 3607 800 3664 M⁸¹³¹¹¹¹¹⁰¹¹0¹¹¹
822 3604 1067 3661 elaborantem
1117 3621 1269 3692 maximo
1286 3620 1508 3711 magistratus
1522 3624 1781 3717 rebuspublicis
1796 3652 1870 3702 esse
1883 3636 2101 3725 praefectos?

180 3690 346 3744 ΝΟΜ·
1118 3737 1152 3794 et
1169 3721 1231 3807 iis,
1254 3736 1288 3792 et
1303 3721 1446 3793 caeteris
1460 3748 1601 3794 morum
1617 3726 1792 3814 magistris
1807 3732 1852 3802 ab
1867 3737 1990 3812 eodem
2005 3739 2099 3830 leges
2219 3812 2222 3817 ,

131 3868 210 3945 „fg
237 3861 440 3939 Amoggg
458 3862 654 3931 gupengg
680 3855 727 3928 ge
745 3853 947 3947 gpgcgppgm,
961 3850 1069 3925 gogo.
1118 3822 1305 3941 Decalogi,
1328 3823 1428 3942 (guasi
1444 3848 1586 3944 normas
1594 3826 1690 3946 citae
1702 3821 1879 3905 humanae
1893 3859 1966 3908 esse
1978 3841 2101 3912 datas?

392 3968 453 4037 pa,
466 3956 763 4033 Rmocgganag
1118 3927 1163 3997 ad
1185 3949 1273 4019 quas
1294 3924 1349 3995 dli
1368 3948 1513 3997 suorum
1536 3952 1668 4000 civium
1689 3942 1724 4000 et
1742 3930 1997 4027 discipulorum
2020 3965 2103 4012 mo.

1118 4049 1192 4112 ree,
1216 4049 1291 4097 non
1313 4026 1416 4099 aliter
1435 4028 1475 4098 in
1495 4022 1553 4099 his
1576 4030 1668 4101 vitae
1681 4034 1835 4127 tenebris
1850 4050 1885 4108 et
1899 4041 2026 4112 mnndi
2040 4065 2101 4113 ca-

131 4200 133 4210 .
170 4134 238 4213 bac
272 4151 426 4209 extrema
458 4131 585 4203 mundi
613 4140 750 4199 senecta
779 4151 860 4197 vere
891 4126 1072 4217 languida,
1119 4129 1229 4221 ligine
1251 4129 1468 4220 derigerent,
1495 4153 1534 4200 ac
1555 4146 1682 4203 nautae
1703 4131 1742 4200 in
1760 4152 1978 4212 caecanoete
1995 4167 2100 4215 ,uum

131 4243 208 4329 ania
236 4242 380 4313 ruinam
404 4261 478 4307 non
500 4235 649 4305 obscure
672 4230 906 4313 denunciant,
939 4231 1070 4300 multae
1120 4251 1262 4302 cursum
1288 4232 1333 4301 ad
1364 4227 1513 4301 Helicen
1538 4243 1574 4302 et
1600 4231 1812 4307 clarissimos
1835 4235 2102 4332 septentrione,

131 4346 198 4419 alae
216 4358 331 4426 artes,
356 4339 671 4415 severianorum
693 4331 797 4416 vitia,
822 4343 857 4401 et
872 4330 1073 4400 communis
1121 4332 1249 4403 solent.
1306 4327 1430 4424 Aqua
1453 4331 1560 4402 officii
1578 4355 1681 4416 cura,
1710 4335 1773 4428 qui
1797 4352 1860 4410 ant
1879 4342 2103 4437 voluptatum

131 4470 178 4522 ee
197 4443 440 4537 curruptelae,
464 4437 580 4509 indies
599 4432 711 4523 magis
726 4455 767 4503 ae
780 4430 892 4521 magis
906 4431 1072 4501 exoriuu·
1122 4431 1317 4518 illecebris,
1336 4444 1371 4502 et
1391 4432 1550 4502 dulcium
1564 4456 1684 4505 rerum
1698 4439 1872 4531 aucupio,
1895 4457 1958 4516 aut
1972 4448 2104 4539 privati

131 4572 166 4643 r,
187 4560 234 4621 ut
251 4560 286 4619 et
301 4545 390 4617 boni
405 4541 474 4614 viri
488 4560 612 4611 omnes
628 4559 702 4605 uno
716 4558 778 4605 ore
795 4547 1074 4627 conqueruntur,
1122 4534 1300 4605 commodi
1328 4532 1465 4618 studio,
1492 4548 1554 4605 aut
1580 4535 1664 4626 fuga
1683 4537 1904 4617 laborum'et
1924 4549 2104 4621 molestia.

142 4673 266 4723 mnres
288 4644 477 4717 hominum
500 4638 618 4712 omnic
639 4637 776 4727 generis
796 4635 910 4704 multo
934 4635 1074 4726 clarius,
1122 4660 1204 4706 rnm
1233 4636 1477 4720 abducuntur,
1505 4630 1544 4704 bi
1574 4635 1693 4707 locum
1720 4638 1760 4708 in
1783 4666 1855 4736 quo
1876 4668 1896 4714 a
1919 4644 1996 4719 Deo
2021 4663 2105 4721 ,ung

131 4778 202 4835 nm,
216 4750 359 4845 publice
380 4744 538 4838 expedit,
551 4753 747 4821 ‚testantun
796 4734 888 4805 Nam
909 4735 941 4805 si
962 4736 1075 4827 placet
1123 4734 1286 4809 collocati
1314 4737 1501 4820 deserunt,
1532 4749 1569 4807 et
1593 4739 1801 4810 mandatum
1823 4741 1891 4814 Dei
1911 4748 2020 4838 primi
2041 4774 2104 4843 pa-

131 4853 375 4945 aruspicem,
400 4862 435 4919 et
458 4846 585 4923 vitem.
611 4854 645 4912 et
667 4838 782 4909 inores
800 4851 1000 4925 praesentes
1018 4839 1076 4908 in·
1123 4837 1234 4910 centis
1253 4836 1366 4908 instar
1381 4837 1581 4927 negligunt,
1604 4851 1638 4909 et
1654 4840 1893 4915 obedientiam
1909 4843 2106 4943 Cyelopum

131 4956 204 5043 eri,
225 4953 306 5049 quic
326 4950 448 5022 aetatis
470 4947 600 5038 gradus
621 4964 696 5011 non
717 4939 821 5010 valde
842 4951 997 5010 mutatus
1014 4954 1077 5026 est,
1125 4963 1224 5010 more
1246 4937 1437 5022 abiiciunt,
1463 4939 1594 5031 quibus
1612 4939 1726 5010 divini
1741 4946 1899 5016 muneris
1913 4953 2108 5039 proditori·

132 5055 333 5151 superioris
345 5050 454 5123 seculi
469 5047 620 5118 multum
634 5038 841 5114 dissimilis?
871 5037 964 5129 Quis
974 5044 1077 5124 ordo,
1124 5041 1211 5125 boa,
1234 5036 1351 5124 Deus,
1372 5038 1434 5133 qni
1451 5039 1565 5111 iustus
1579 5055 1648 5126 est,
1673 5065 1747 5113 non
1764 5048 1875 5137 magis
1890 5052 2030 5123 veniam
2046 5056 2109 5124 de-

137 5172 252 5233 etatns
267 5152 454 5225 bominum
469 5149 514 5219 de
528 5144 705 5233 curriculo
719 5141 914 5226 maiorum,
932 5156 968 5214 et
980 5155 1078 5215 vete-
1125 5140 1204 5215 licti
1224 5141 1372 5212 daturus
1395 5154 1466 5224 est,
1491 5165 1597 5235 quam
1620 5137 1762 5214 Adamo
1781 5168 1865 5218 suae
1887 5150 1973 5242 legis
1993 5165 2109 5227 trans.

131 5284 173 5333 m
193 5254 367 5331 institutis
380 5275 454 5323 uon
471 5250 577 5338 longe
589 5244 732 5317 dellexit
746 5257 782 5315 et
798 5243 922 5337 procul
935 5244 1080 5315 aberra-
1127 5242 1278 5335 gretseri
1300 5241 1415 5326 dedit,
1440 5236 1490 5313 Et
1511 5243 1541 5312 si
1564 5238 1623 5313 bic
1646 5244 1754 5316 unius
1771 5251 1902 5338 peccati
1918 5252 2018 5345 culpa
2036 5268 2109 5327 tam

131 5360 170 5435 t?
221 5357 296 5433 Ubi
314 5353 436 5425 senilis
454 5350 517 5420 illa
534 5347 687 5439 gravitas
706 5358 743 5419 et
762 5344 895 5442 vinus,
918 5369 1025 5441 quam
1039 5345 1078 5416 in
1129 5345 1310 5432 acerbam,
1335 5356 1476 5439 tamque
1496 5340 1758 5417 formidabilem
1776 5350 1912 5422 aeterni
1931 5349 1999 5426 Dei
2019 5356 2110 5430 iram

139 5466 324 5537 Ιίηιιτι.
348 5459 452 5528 Oeen.
477 5448 655 5524 Vomxll.
1495 5452 1498 5457 ·
1555 5447 1600 5518 11
