4680 6038
131 238 165 327 ε’
720 242 988 322 rnmreet
1027 238 1479 322 unnenrnours.
1545 238 1549 243 ·
1697 188 1742 279 j
2046 258 2124 338 sse

137 412 249 497 p16.
278 414 365 492 Nou
378 429 431 490 est
451 413 563 509 igitur
583 416 724 513 piirs'ta
744 417 924 493 absolutio
948 419 990 492 in
1004 412 1078 494 Ec-
1220 416 1266 496 θ.
1306 414 1413 493 Valet
1445 417 1627 494 absolutio
1654 437 1803 518 propter
1824 429 1997 519 verbum,
2046 457 2124 509 nou

131 522 189 597 eia
211 521 429 613 abroganda.
1127 534 1275 617 propter
1289 543 1488 615 personam.
2033 542 2037 549 ·
2122 570 2128 579 -

188 641 249 715 10,
289 636 458 732 lmpiffl,
481 652 535 712 ,η
557 639 707 728 gangim,
740 640 838 737 quod
860 651 1001 734 pacm,
1022 660 1081 710 η.
1208 714 1212 719 Ι
1232 624 1269 699 7.
1303 620 1352 700 Et
1365 624 1480 697 cla'vaa
1496 627 1599 702 datae
1618 643 1701 702 sunt
1718 629 1784 703 toti
1797 626 1994 725 Ecclesiae,
2019 652 2056 713 et
2070 655 2123 714 est

132 752 270 818 ttantur
284 766 326 815 ex
342 766 451 836 opere
464 757 612 838 operato
624 768 688 839 per
695 739 978 832 Sacramentum,
1002 742 1081 816 sine
1128 750 1318 800 commune
1331 730 1561 817 mandatum,
1585 746 1628 805 ot
1641 732 1813 807 nauibus
1831 740 2038 830 petentibus
2053 767 2126 815 sn··

132 868 165 917 g,
340 833 346 842 '
1127 830 1339 904 nunciemus
1352 827 1607 924 Evangelinm,
1631 838 1693 908 sed
1708 836 1776 927 ita,
1801 863 1848 913 ne
1869 843 2034 918 turbetur
2053 870 2124 942 pu-

189 964 250 1039 17.
284 962 453 1060 Impietas
471 978 524 1041 est
546 961 698 1053 sentire,
730 964 826 1065 quod
850 963 1082 1045 remittantur
1127 932 1263 1006 bflfum
1281 934 1533 1012 ministerium·

131 1082 231 1163 optet
244 1068 518 1156 contritionem,
542 1091 617 1140 non
632 1065 701 1140 lide
715 1067 754 1140 in
767 1062 965 1145 Christum·
1229 1053 1270 1127 ⁸·
1308 1051 1464 1148 M⁸t⁰¹¹⁸
1486 1070 1588 1129 “³⁰⁴¹
1609 1071 1680 1147 etl,
1717 1072 1753 1134 εἰ
1782 1063 1977 1137 multarum
2000 1081 2121 1139 rerum

187 1188 248 1262 18.
284 1188 454 1284 Impietas
472 1201 525 1261 est
541 1188 692 1279 sentire,
714 1189 811 1286 qood
832 1200 987 1284 potestas
1001 1189 1080 1261 cla·-
1127 1156 1271 1229 mim
1283 1180 1401 1230 ΜΠ]
1418 1154 1549 1249 fflhifs
1572 1162 1698 1234 wilm
1713 1186 1755 1234 ΒΧ
1769 1159 1928 1273 Εςῦῑθίῦ
1941 1170 2121 1277 privatam

131 1316 183 1366 arn
198 1304 338 1366 tantum
356 1292 473 1365 valeat
487 1292 533 1364 ad
550 1290 795 1364 remissionem
818 1316 937 1364 coram
953 1287 1080 1365 Eccle-
1128 1260 1403 1335 ⁸P⁸⁰¹¹¹fi⁰¹st¹¹b

131 1426 156 1479 ι,
183 1417 246 1466 seu
264 1418 382 1465 coram
398 1390 618 1487 hominibus.
1229 1380 1266 1459 P.
1298 1378 1374 1457 Nec
1387 1397 1509 1458 tamen
1531 1391 1756 1465 enumeratio
1769 1392 1982 1467 delictorum
1997 1417 2120 1467 neces

188 1514 247 1588 19.
284 1512 443 1586 Potestas
468 1515 623 1599 clavim
643 1537 718 1585 non
741 1528 794 1589 est
816 1529 970 1610 potestas
991 1542 1079 1595 con-
1126 1485 1219 1560 ’δώ
1235 1499 1299 1563 ⁸⁸¹·
1380 1588 1384 1595 .
2095 1595 2111 1608 ..

131 1618 190 1690 ndi
208 1620 317 1710 leges,
342 1629 377 1689 er
394 1617 637 1690 novogculsu,
652 1617 877 1697 instituendi,
1218 1604 1292 1683 to.
1335 1603 1450 1680 Stoici
1480 1608 1671 1702 dupliciter
1702 1624 1823 1684 errant
1850 1613 1896 1685 de
1924 1614 2120 1688 affectibus.

182 1737 245 1815 20,
283 1735 442 1810 potem,
462 1736 616 1811 ,lupum
638 1761 715 1812 m„
735 1754 787 1814 „t
807 1753 962 1835 pom,
983 1741 1078 1838 poli·
1126 1704 1272 1779 Pulsum
1292 1722 1343 1780 est
1365 1710 1460 1781 enim
1489 1712 1611 1785 nullos
1633 1714 1778 1785 affectus
1801 1737 1843 1786 ex
1868 1730 1996 1790 natura
2019 1719 2120 1801 oriri,

131 1863 169 1926 a,
188 1865 296 1933 regna
311 1840 438 1912 mundi
453 1839 651 1937 occupandi
663 1853 727 1915 ant
741 1844 995 1924 constituendi,
1124 1810 1254 1882 falsum
1270 1825 1323 1884 est
1339 1812 1446 1884 etiam
1462 1838 1586 1887 omnes
1602 1816 1749 1890 affectus
1763 1840 1839 1888 esse
1853 1819 2017 1895 vitiosos.

352 1959 361 1979 .
632 1961 642 1980 .
1231 1916 1291 1988 11.
1324 1911 1400 1986 Cor
1414 1916 1512 1988 enim
1526 1921 1627 1989 sedes
1650 1932 1687 1991 et
1706 1942 1882 2011 organum
1907 1936 1960 1995 est
1981 1923 2122 2018 appeti·

182 1963 244 2039 ²¹⁰
284 1955 362 2034 Em
393 1958 457 2032 8⁰¹
488 1958 699 2052 ”cubum
730 1975 916 2051 'mm’
957 1979 1078 2041 “men
1125 2014 1267 2088 tionum
1287 2018 1557 2109 sensitivamm,
1592 2044 1704 2116 qnam
1724 2022 1872 2096 aflectus
1894 2037 1979 2097 sunt
2000 2040 2120 2098 motus

1126 2120 1307 2195 naturales
1323 2121 1453 2194 cordis.

1229 2239 1289 2316 12.
1323 2235 1419 2333 Ergo
1433 2254 1470 2313 et
1486 2238 1643 2342 στοργαὶ
1656 2240 1816 2342 φυσικαὶ
1831 2259 1914 2319 sont
1927 2269 2036 2340 opera
2049 2245 2122 2319 Dei

1126 2337 1166 2411 in
1179 2355 1329 2431 natura,
1355 2356 1390 2416 et
1404 2344 1551 2420 affectus
1565 2346 1671 2435 boni,
1694 2370 1785 2443 quoa
1802 2348 1954 2444 requirit
1968 2350 2026 2422 le'x
2039 2347 2119 2424 Dei.

131 2063 309 2139 ocioribus
328 2062 456 2135 dicbus
471 2076 635 2155 peragret
649 2076 760 2136 unam
775 2065 1003 2141 medietatem
1016 2094 1079 2142 co·

131 2166 191 2255 sci,
216 2190 325 2264 qoam
343 2166 508 2241 alteram.

139 2399 347 2512 (XXXII.)
379 2404 491 2478 Alto
523 2400 821 2497 disputottos
853 2401 903 2481 de
927 2410 1014 2483 iare

440 2504 709 2583 mmmm
1230 2462 1292 2538 ta.
1326 2459 1412 2533 Ideo
1425 2461 1560 2535 Paulus
1575 2465 1724 2539 damnat
1738 2457 1958 2566 ἀστόργους.

1228 2576 1288 2650 14.
1326 2576 1430 2650 Plato
1460 2603 1535 2654 non
1562 2595 1657 2653 recte
1686 2582 1795 2656 sentit
1817 2578 1999 2656 trocheum
2024 2596 2119 2656 arte-

131 2670 308 2763 lgnstinus
321 2671 366 2742 ad
375 2668 612 2744 Fortunatam
628 2684 751 2746 narrat
764 2667 970 2761 historiam,
984 2695 1077 2772 qnae
1123 2676 1215 2750 riam
1235 2683 1372 2754 factam
1387 2704 1480 2769 esse,
1518 2695 1560 2756 nt
1580 2698 1704 2777 potum
1728 2685 1900 2779 excipiat,
1942 2698 2118 2758 ettamen

131 2770 239 2847 otinet
260 2774 439 2848 eruditam
458 2773 751 2867 disputationem.
799 2770 864 2849 nit
884 2775 1003 2863 enim,
1034 2776 1076 2847 in
1123 2796 1264 2876 oportet
1276 2783 1419 2876 irrigari
1439 2784 1659 2875 pulmonem.
1716 2782 1767 2860 Et
1789 2800 1884 2860 reete
1908 2788 2044 2860 dictum
2065 2803 2123 2860 est
2270 2814 2273 2819 ·

130 2876 248 2948 suavi
262 2877 372 2948 fuisse
393 2879 573 2972 quendam
594 2877 715 2970 pium,
739 2876 803 2948 sed
824 2879 989 2951 nondum
1009 2878 1074 2953 ba-
1122 2883 1162 2954 in
1182 2887 1344 2959 uersibus
1367 2887 1441 2958 illis
1461 2888 1750 2979 elegantissimis,
1777 2889 1904 2986 quiin
1919 2889 2043 2967 Gellio
2065 2890 2118 2962 ci-

131 2990 267 3065 ntum,
292 3003 417 3051 verum
439 2972 745 3075 κατηχούμενον,
779 2993 814 3053 ct
837 2981 989 3057 alterum
1008 2981 1074 3056 ba·
1122 3000 1259 3062 tantur:

131 3094 267 3168 ratum,
294 3080 358 3179 qui
380 3093 500 3154 tamen
520 3082 660 3178 lapsus,
691 3081 759 3155 etsi
781 3098 944 3176 coeperat
969 3107 1073 3179 agere
1294 3099 1389 3186 Tlffl
1403 3098 1578 3183 melpum
1597 3098 1636 3168 οῖ’

131 3182 352 3271 mitentiam,
396 3197 514 3257 umen
551 3186 715 3261 nondum
758 3198 835 3257 erat
874 3187 1074 3277 absolutus,
1290 3182 1765 3273 tentamentorum

131 3287 160 3361 la
188 3287 287 3360 iuxta
319 3299 453 3359 veteres
475 3285 639 3361 canones
659 3286 907 3379 irrogabantur
926 3312 1074 3380 poenae,

131 3389 369 3485 ¹naplicausa,
392 3388 766 3467 anteabsolutionem.
817 3390 932 3465 Addit
944 3385 1072 3483 Augu-
1122 3423 1348 3527 (XXXffl)
1382 3429 1492 3503 'ma
1520 3425 1595 3504 dp,
1636 3434 1814 3506 atauo,
1848 3429 1898 3506 ὼ
1922 3436 2118 3511 Pomm

131 3515 212 3586 sm,
245 3507 388 3587 practer
405 3487 473 3563 hos
494 3491 674 3565 nemiuem
697 3491 749 3564 ibi
770 3492 879 3565 fuisse
893 3487 1072 3567 Christia-
1318 3479 1329 3502 ’
1480 3453 1756 3609 wedam&
1803 3484 1813 3506 ⁹

131 3620 175 3669 m.
240 3592 332 3667 Cum
362 3607 479 3665 autern
510 3593 736 3686 naufragium
763 3593 952 3684 timerent,
981 3597 1071 3693 petil

131 3691 353 3796 παυόμενος
368 3699 414 3768 ab
429 3697 494 3767 illo
516 3696 627 3775 altero
643 3696 881 3791 baptismum,
905 3699 971 3795 qui
987 3724 1070 3773 cnm
1120 3679 1364 3769 Manifestum
1379 3709 1455 3787 est,
1472 3698 1569 3770 idem
1589 3700 1790 3793 significare
1806 3701 1846 3773 in
1860 3701 1968 3775 sacris
1982 3697 2117 3775 biteris

131 3800 385 3895 ttnperttisset
402 3798 639 3893 baptismum,
667 3798 824 3873 vicissim
846 3799 893 3874 ab
916 3826 958 3874 eo
981 3805 1072 3900 petit
1120 3811 1329 3893 potestatem
1345 3801 1634 3892 ecclesiasticam,
1659 3817 1694 3876 et
1709 3804 1837 3878 claves·

131 3902 348 3977 mintionem.
407 3899 566 3978 Proinde
587 3902 787 3998 quaeritur:
814 3898 876 3976 An
897 3897 984 3978 haec
1005 3910 1071 3979 ad-
1223 3902 1262 3978 2.
1293 3900 1388 3974 Sunt
1402 3917 1522 3975 antem
1534 3905 1608 3977 duo
1623 3905 1896 3985 eiusmearbra,
1918 3905 2115 3979 secundnm

131 4004 290 4079 nistratio
307 4003 619 4077 sacramentorum
633 4004 811 4083 calcent?
847 4001 1071 4101 Augustinus
1120 4002 1352 4099 partitionem
1374 4020 1552 4092 eaerum,
1576 4030 1705 4102 nempe
1723 4020 1879 4102 potestas
1894 4006 2055 4094 ordinis,
2079 4014 2121 4078 et·

131 4122 170 4201 te
184 4108 396 4202 ‚responden
420 4107 591 4179 valuisse:
617 4121 653 4180 et
674 4108 821 4204 quidem
840 4103 935 4182 hanc
954 4106 1070 4185 histo·
1121 4119 1277 4202 potestas
1291 4107 1562 4205 iurisdictionis.

131 4234 163 4287 ra
177 4222 365 4302 tantopere
376 4210 615 4299 commendat,
634 4223 676 4283 nt
689 4208 796 4299 dicat,
819 4212 1002 4288 neminem
1016 4230 1071 4289 te-
1222 4209 1260 4284 δ.
1292 4207 1452 4285 Potestas
1473 4211 1614 4282 ordinis
1641 4209 1890 4305 complectitor
1918 4209 2115 4304 legitimam

131 4334 159 4389 a
173 4313 340 4386 tacciam
354 4335 475 4405 posse,
499 4312 564 4408 qui
577 4337 656 4383 eam
671 4313 806 4388 audiat.
1119 4313 1356 4398 contionem,
1379 4327 1415 4386 et
1430 4312 1595 4385 divinum
1608 4315 1818 4393 mandatnm
1830 4309 2116 4386 docendiEvs'n-

172 4415 213 4488 2.
244 4411 407 4487 Defende
421 4411 615 4507 Augustini
628 4415 814 4490 indicium.
853 4413 945 4490 Nam
960 4414 1069 4491 Laico
1120 4414 1225 4506 gelii,
1258 4414 1465 4489 remittendi
1489 4429 1652 4510 peccata,
1682 4428 1719 4488 et
1745 4414 2023 4490 administrandi
2044 4414 2115 4490 Sa·

131 4530 212 4595 aet
225 4516 423 4611 baptisare,
450 4531 484 4588 et
501 4516 696 4590 absolvere.
1120 4530 1312 4593 omenta.
1564 4524 1568 4529 ’

172 4618 213 4696 8.
244 4615 294 4693 Et
307 4632 426 4692 tamen
442 4616 886 4714 posticum'mintsteetum
909 4646 984 4694 non
1004 4624 1068 4695 de·
1221 4617 1262 4692 4.
1302 4616 1564 4693 lorisdictionis
1591 4618 1705 4692 officis
1733 4628 1839 4707 sont,
1871 4618 2117 4691 excommnni-

131 4722 302 4796 ,tnrbari
1120 4745 1199 4795 care
1214 4722 1389 4794 obnoxios
1401 4721 1596 4794 manifestis
1619 4721 1850 4809 criminibus,
1873 4734 1909 4794 ct
1923 4719 2066 4790 eosdem
2083 4717 2116 4790 si

175 4823 214 4902 4.
246 4821 328 4896 Etsi
341 4820 484 4915 publica
504 4823 767 4898 administratio
789 4825 972 4919 potestatis
994 4827 1068 4898 cla-
1117 4823 1330 4919 ¹resipiscant
1341 4824 1498 4918 recipere
1514 4825 1553 4895 in
1570 4825 1734 4917 gratiam.

131 4950 173 4999 an
204 4926 359 5019 pertinet
387 4926 433 4995 ad
460 4926 622 5018 publicos
648 4927 835 5001 ministros
864 4920 1068 5021 Evangelii,
1221 4925 1259 5001 6.
1299 4923 1398 4997 Haec
1426 4926 1542 4998 officia
1574 4927 1694 5000 valent
1722 4926 1762 4997 in
1784 4918 1943 4994 Ecclesia
1967 4926 2117 5011 propter'

131 5052 194 5101 sen
215 5030 350 5100 interea
372 5026 486 5098 laicus
505 5042 619 5119 potest
633 5031 835 5115 absolvere,
855 5054 932 5104 nun
949 5032 1067 5104 solum
1118 5028 1270 5102 verbum
1287 5041 1323 5102 et
1334 5030 1542 5101 mandatum
1556 5027 1646 5116 Dei,
1676 5027 1866 5124 reqrriroot
1884 5034 2003 5096 autem
2026 5021 2119 5093 obe*

131 5152 209 5207 casn
227 5129 466 5212 necessitatis,
491 5132 553 5202 sed
568 5131 674 5202 etiam
689 5132 790 5205 alias.
1118 5129 1290 5205 dientiam
1306 5131 1553 5203 necessariam·

172 5227 212 5308 6.
244 5229 319 5302 Nec
340 5245 393 5302 est
415 5232 549 5304 incerta
563 5232 760 5320 absolutio,
785 5233 925 5306 etiamsi
944 5234 1067 5330 publi-
1221 5232 1257 5306 6.
1281 5230 1396 5305 Porro
1406 5229 1585 5317 Ecclesiae
1600 5256 1676 5304 non
1691 5244 1775 5303 aunt
1789 5217 1993 5294 onerandas
2008 5218 2118 5293 novis

131 5332 506 5409 amministrationem
528 5332 682 5407 clavium
705 5331 839 5409 babent
858 5335 976 5415 solum
993 5337 1065 5404 mi-
1117 5333 1311 5417 doctrinis,
1334 5347 1460 5403 mutes
1475 5335 1624 5402 verbnm
1639 5327 1706 5400 Dei
1721 5318 1941 5414 excogitatis,
1965 5332 2028 5393 ant
2041 5323 2119 5392 lra-
2265 5352 2273 5363 ·

131 5436 176 5513 lsi
193 5434 341 5532 publici.
1115 5434 1316 5508 ditionibus
1344 5427 1533 5521 humanis,
1560 5455 1604 5505 eo
1631 5432 1703 5504 bue
1729 5420 1945 5528 propositis,
1975 5431 2019 5492 ut
2040 5421 2119 5495 siut
