<?xml version="1.0" encoding="UTF-8"?>
<!DOCTYPE html PUBLIC "-//W3C//DTD XHTML 1.0 Transitional//EN"
    "http://www.w3.org/TR/xhtml1/DTD/xhtml1-transitional.dtd">
<html xmlns="http://www.w3.org/1999/xhtml" xml:lang="en" lang="en">
 <head>
  <title>
</title>
<meta http-equiv="Content-Type" content="text/html;charset=utf-8" />
  <meta name='ocr-system' content='tesseract 3.04.00' />
  <meta name='ocr-capabilities' content='ocr_page ocr_carea ocr_par ocr_line ocrx_word'/>
</head>
<body>
  <div class='ocr_page' id='page_1' title='image "./corpusreformato00bretgoog_0373.png"; bbox 0 0 4680 6038; ppageno 0'>
   <div class='ocr_carea' id='block_1_1' title="bbox 145 89 2173 251">
    <p class='ocr_par' dir='ltr' id='par_1_1' title="bbox 145 89 2173 251">
     <span class='ocr_line' id='line_1_1' title="bbox 145 89 2173 251; baseline -0.012 0"><span class='ocrx_word' id='word_1_1' title='bbox 145 171 222 251; x_wconf 69' lang='lat'><strong>736</strong></span> <span class='ocrx_word' id='word_1_2' title='bbox 354 89 362 100; x_wconf 90' lang='lat'><strong>·</strong></span> <span class='ocrx_word' id='word_1_3' title='bbox 389 156 603 243; x_wconf 83' lang='lat' dir='ltr'><strong>SCRIPTA</strong></span> <span class='ocrx_word' id='word_1_4' title='bbox 627 156 705 234; x_wconf 86' lang='lat' dir='ltr'><strong>PH.</strong></span> <span class='ocrx_word' id='word_1_5' title='bbox 729 149 849 233; x_wconf 69' lang='lat' dir='ltr'><strong>Mun.</strong></span> <span class='ocrx_word' id='word_1_6' title='bbox 874 150 942 228; x_wconf 82' lang='lat' dir='ltr'><strong>AD</strong></span> <span class='ocrx_word' id='word_1_7' title='bbox 966 148 1098 229; x_wconf 68' lang='lat' dir='ltr'><strong>msa.</strong></span> <span class='ocrx_word' id='word_1_8' title='bbox 1124 147 1272 234; x_wconf 82' lang='lat' dir='ltr'><strong>PROT.</strong></span> <span class='ocrx_word' id='word_1_9' title='bbox 1296 146 1365 228; x_wconf 82' lang='lat' dir='ltr'><strong>ET</strong></span> <span class='ocrx_word' id='word_1_10' title='bbox 1389 147 1586 230; x_wconf 80' lang='lat' dir='ltr'><strong>PHILOS.</strong></span> <span class='ocrx_word' id='word_1_11' title='bbox 1611 150 1936 231; x_wconf 81' lang='lat' dir='ltr'><strong>SPECTANTIA.</strong></span> <span class='ocrx_word' id='word_1_12' title='bbox 2102 153 2173 228; x_wconf 72' lang='grc'><strong>136</strong></span> 
     </span>
    </p>
   </div>
   <div class='ocr_carea' id='block_1_2' title="bbox 58 320 2215 5426">
    <p class='ocr_par' dir='ltr' id='par_1_2' title="bbox 147 320 2177 948">
     <span class='ocr_line' id='line_1_2' title="bbox 247 320 2172 437; baseline -0.008 -21"><span class='ocrx_word' id='word_1_13' title='bbox 247 341 413 437; x_wconf 88' lang='lat' dir='ltr'><strong>Denique</strong></span> <span class='ocrx_word' id='word_1_14' title='bbox 433 337 580 410; x_wconf 89' lang='lat' dir='ltr'><strong>usitatas</strong></span> <span class='ocrx_word' id='word_1_15' title='bbox 602 332 712 404; x_wconf 88' lang='lat' dir='ltr'><strong>tuisse</strong></span> <span class='ocrx_word' id='word_1_16' title='bbox 740 333 948 419; x_wconf 86' lang='lat' dir='ltr'><strong>magnarum</strong></span> <span class='ocrx_word' id='word_1_17' title='bbox 979 326 1139 418; x_wconf 87' lang='lat' dir='ltr'><strong>gentium</strong></span> <span class='ocrx_word' id='word_1_18' title='bbox 1188 327 1356 400; x_wconf 79' lang='lat' dir='ltr'><strong>dixerunt</strong></span> <span class='ocrx_word' id='word_1_19' title='bbox 1367 320 1558 421; x_wconf 76' lang='grc' dir='ltr'><strong>Νομάδες,</strong></span> <span class='ocrx_word' id='word_1_20' title='bbox 1583 329 1707 414; x_wconf 90' lang='lat' dir='ltr'><strong>idest,</strong></span> <span class='ocrx_word' id='word_1_21' title='bbox 1733 328 1886 402; x_wconf 89' lang='lat' dir='ltr'><strong>subinde</strong></span> <span class='ocrx_word' id='word_1_22' title='bbox 1900 326 1973 400; x_wconf 87' lang='lat' dir='ltr'><strong>alia</strong></span> <span class='ocrx_word' id='word_1_23' title='bbox 1995 347 2123 419; x_wconf 87' lang='lat' dir='ltr'><strong>pascua</strong></span> <span class='ocrx_word' id='word_1_24' title='bbox 2141 344 2172 401; x_wconf 91' lang='lat' dir='ltr'><strong>et</strong></span> 
     </span>
     <span class='ocr_line' id='line_1_3' title="bbox 147 430 1587 538; baseline -0.015 -18"><span class='ocrx_word' id='word_1_25' title='bbox 147 448 380 538; x_wconf 73' lang='lat' dir='ltr'><strong>migrationes</strong></span> <span class='ocrx_word' id='word_1_26' title='bbox 403 437 498 512; x_wconf 88' lang='lat' dir='ltr'><strong>nihil</strong></span> <span class='ocrx_word' id='word_1_27' title='bbox 521 436 673 508; x_wconf 93' lang='lat' dir='ltr'><strong>dubium</strong></span> <span class='ocrx_word' id='word_1_28' title='bbox 695 444 757 508; x_wconf 89' lang='lat' dir='ltr'><strong>est.</strong></span> <span class='ocrx_word' id='word_1_29' title='bbox 817 430 930 524; x_wconf 83' lang='lat' dir='ltr'>Saepe</span> <span class='ocrx_word' id='word_1_30' title='bbox 953 430 1059 504; x_wconf 89' lang='lat' dir='ltr'><strong>etiam</strong></span> <span class='ocrx_word' id='word_1_31' title='bbox 1083 431 1141 500; x_wconf 90' lang='lat' dir='ltr'><strong>di·</strong></span> <span class='ocrx_word' id='word_1_32' title='bbox 1189 432 1259 502; x_wconf 89' lang='lat' dir='ltr'><strong>alia</strong></span> <span class='ocrx_word' id='word_1_33' title='bbox 1274 431 1351 501; x_wconf 89' lang='lat' dir='ltr'><strong>loca</strong></span> <span class='ocrx_word' id='word_1_34' title='bbox 1366 445 1587 524; x_wconf 77' lang='lat' dir='ltr'><strong>quaerentes.</strong></span> 
     </span>
     <span class='ocr_line' id='line_1_4' title="bbox 148 527 2175 639; baseline -0.01 -17"><span class='ocrx_word' id='word_1_35' title='bbox 148 574 271 621; x_wconf 85' lang='lat' dir='ltr'><strong>versae</strong></span> <span class='ocrx_word' id='word_1_36' title='bbox 284 559 404 639; x_wconf 85' lang='lat' dir='ltr'><strong>gentes</strong></span> <span class='ocrx_word' id='word_1_37' title='bbox 421 542 632 614; x_wconf 89' lang='lat' dir='ltr'><strong>coniunctae</strong></span> <span class='ocrx_word' id='word_1_38' title='bbox 647 548 749 621; x_wconf 83' lang='lat' dir='ltr'><strong>suut,</strong></span> <span class='ocrx_word' id='word_1_39' title='bbox 773 545 811 606; x_wconf 90' lang='lat' dir='ltr'><strong>et</strong></span> <span class='ocrx_word' id='word_1_40' title='bbox 830 535 927 606; x_wconf 88' lang='lat' dir='ltr'><strong>sedes</strong></span> <span class='ocrx_word' id='word_1_41' title='bbox 950 534 989 602; x_wconf 92' lang='lat' dir='ltr'><strong>in</strong></span> <span class='ocrx_word' id='word_1_42' title='bbox 1011 532 1140 602; x_wconf 90' lang='lat' dir='ltr'><strong>vicinis</strong></span> <span class='ocrx_word' id='word_1_43' title='bbox 1291 527 1514 602; x_wconf 78' lang='lat' dir='ltr'><em>Sarmata</em></span> <span class='ocrx_word' id='word_1_44' title='bbox 1549 533 1678 604; x_wconf 88' lang='lat' dir='ltr'><strong>rectius</strong></span> <span class='ocrx_word' id='word_1_45' title='bbox 1700 529 1910 607; x_wconf 72' lang='lat' dir='ltr'><strong>Sauromata</strong></span> <span class='ocrx_word' id='word_1_46' title='bbox 1934 546 2012 618; x_wconf 88' lang='lat' dir='ltr'><strong>est,</strong></span> <span class='ocrx_word' id='word_1_47' title='bbox 2054 531 2094 600; x_wconf 94' lang='lat' dir='ltr'><strong>id</strong></span> <span class='ocrx_word' id='word_1_48' title='bbox 2120 547 2175 611; x_wconf 87' lang='lat' dir='ltr'><strong>est,</strong></span> 
     </span>
     <span class='ocr_line' id='line_1_5' title="bbox 148 633 2177 741; baseline -0.01 -17"><span class='ocrx_word' id='word_1_49' title='bbox 148 652 239 724; x_wconf 90' lang='lat' dir='ltr'><strong>locis</strong></span> <span class='ocrx_word' id='word_1_50' title='bbox 263 660 472 741; x_wconf 88' lang='lat' dir='ltr'><strong>coeperunt,</strong></span> <span class='ocrx_word' id='word_1_51' title='bbox 505 655 546 714; x_wconf 93' lang='lat' dir='ltr'><strong>ut</strong></span> <span class='ocrx_word' id='word_1_52' title='bbox 567 640 793 710; x_wconf 86' lang='lat' dir='ltr'><strong>manifestum</strong></span> <span class='ocrx_word' id='word_1_53' title='bbox 818 650 888 721; x_wconf 82' lang='lat' dir='ltr'><strong>est,</strong></span> <span class='ocrx_word' id='word_1_54' title='bbox 920 633 1141 707; x_wconf 86' lang='lat' dir='ltr'><strong>Teutonicae</strong></span> <span class='ocrx_word' id='word_1_55' title='bbox 1188 634 1272 708; x_wconf 80' lang='lat' dir='ltr'><strong>Dur</strong></span> <span class='ocrx_word' id='word_1_56' title='bbox 1296 636 1508 706; x_wconf 82' lang='lat' dir='ltr'><strong>altitudinis.</strong></span> <span class='ocrx_word' id='word_1_57' title='bbox 1572 634 1680 725; x_wconf 88' lang='lat' dir='ltr'><strong>Quod</strong></span> <span class='ocrx_word' id='word_1_58' title='bbox 1704 634 1866 725; x_wconf 82' lang='lat' dir='ltr'><strong>intelligo</strong></span> <span class='ocrx_word' id='word_1_59' title='bbox 1887 639 1932 706; x_wconf 93' lang='lat' dir='ltr'><strong>de</strong></span> <span class='ocrx_word' id='word_1_60' title='bbox 1957 634 2107 724; x_wconf 78' lang='lat' dir='ltr'><strong>regione</strong></span> <span class='ocrx_word' id='word_1_61' title='bbox 2127 657 2177 703; x_wconf 84' lang='lat' dir='ltr'><strong>ar·</strong></span> 
     </span>
     <span class='ocr_line' id='line_1_6' title="bbox 151 737 2177 845; baseline -0.009 -21"><span class='ocrx_word' id='word_1_62' title='bbox 151 754 248 845; x_wconf 88' lang='lat' dir='ltr'><strong>genti</strong></span> <span class='ocrx_word' id='word_1_63' title='bbox 269 750 480 845; x_wconf 85' lang='lat' dir='ltr'><strong>permixtam</strong></span> <span class='ocrx_word' id='word_1_64' title='bbox 502 766 574 817; x_wconf 90' lang='lat' dir='ltr'><strong>esse</strong></span> <span class='ocrx_word' id='word_1_65' title='bbox 592 741 785 825; x_wconf 86' lang='lat' dir='ltr'><strong>Henetam,</strong></span> <span class='ocrx_word' id='word_1_66' title='bbox 818 750 853 808; x_wconf 94' lang='lat' dir='ltr'><strong>et</strong></span> <span class='ocrx_word' id='word_1_67' title='bbox 876 738 961 807; x_wconf 92' lang='lat' dir='ltr'><strong>inde</strong></span> <span class='ocrx_word' id='word_1_68' title='bbox 1027 760 1142 832; x_wconf 87' lang='lat' dir='ltr'><strong>quea</strong></span> <span class='ocrx_word' id='word_1_69' title='bbox 1191 741 1280 823; x_wconf 90' lang='lat' dir='ltr'><strong>dua,</strong></span> <span class='ocrx_word' id='word_1_70' title='bbox 1320 739 1404 831; x_wconf 91' lang='lat' dir='ltr'><strong>quia</strong></span> <span class='ocrx_word' id='word_1_71' title='bbox 1432 737 1582 829; x_wconf 80' lang='lat' dir='ltr'><strong>assurgit</strong></span> <span class='ocrx_word' id='word_1_72' title='bbox 1611 751 1705 808; x_wconf 91' lang='lat' dir='ltr'><strong>terra</strong></span> <span class='ocrx_word' id='word_1_73' title='bbox 1737 760 1857 807; x_wconf 86' lang='lat' dir='ltr'><strong>versus</strong></span> <span class='ocrx_word' id='word_1_74' title='bbox 1881 737 2177 829; x_wconf 87' lang='lat' dir='ltr'><strong>Septentrionem,</strong></span> 
     </span>
     <span class='ocr_line' id='line_1_7' title="bbox 152 835 2175 948; baseline -0.01 -20"><span class='ocrx_word' id='word_1_75' title='bbox 152 849 334 948; x_wconf 85' lang='lat' dir='ltr'><strong>Carpatho</strong></span> <span class='ocrx_word' id='word_1_76' title='bbox 348 854 392 923; x_wconf 93' lang='lat' dir='ltr'><strong>ad</strong></span> <span class='ocrx_word' id='word_1_77' title='bbox 413 847 534 920; x_wconf 85' lang='lat' dir='ltr'><strong>Albim</strong></span> <span class='ocrx_word' id='word_1_78' title='bbox 549 846 648 916; x_wconf 89' lang='lat' dir='ltr'><strong>sedes</strong></span> <span class='ocrx_word' id='word_1_79' title='bbox 661 842 879 934; x_wconf 90' lang='lat' dir='ltr'><strong>promiscuas</strong></span> <span class='ocrx_word' id='word_1_80' title='bbox 895 835 968 909; x_wconf 89' lang='lat' dir='ltr'><strong>hab</strong></span> <span class='ocrx_word' id='word_1_81' title='bbox 1008 856 1073 910; x_wconf 83' lang='lat' dir='ltr'><strong>sse.</strong></span> <span class='ocrx_word' id='word_1_82' title='bbox 1192 839 1292 934; x_wconf 89' lang='lat' dir='ltr'><strong>quasi</strong></span> <span class='ocrx_word' id='word_1_83' title='bbox 1308 841 1422 926; x_wconf 88' lang='lat' dir='ltr'><strong>dicas,</strong></span> <span class='ocrx_word' id='word_1_84' title='bbox 1453 842 1579 911; x_wconf 91' lang='lat' dir='ltr'><strong>ducem</strong></span> <span class='ocrx_word' id='word_1_85' title='bbox 1600 839 1793 931; x_wconf 89' lang='lat' dir='ltr'><strong>superioris</strong></span> <span class='ocrx_word' id='word_1_86' title='bbox 1815 842 1985 931; x_wconf 82' lang='lat' dir='ltr'><strong>regionis.</strong></span> <span class='ocrx_word' id='word_1_87' title='bbox 2039 835 2097 910; x_wconf 84' lang='lat' dir='ltr'><strong>Ex</strong></span> <span class='ocrx_word' id='word_1_88' title='bbox 2121 863 2175 908; x_wconf 90' lang='lat' dir='ltr'><strong>uo·</strong></span> 
     </span>
    </p>

    <p class='ocr_par' dir='ltr' id='par_1_3' title="bbox 153 936 2177 1536">
     <span class='ocr_line' id='line_1_8' title="bbox 256 936 2175 1045; baseline -0.009 -20"><span class='ocrx_word' id='word_1_89' title='bbox 256 954 356 1045; x_wconf 90' lang='lat' dir='ltr'><strong>Quid</strong></span> <span class='ocrx_word' id='word_1_90' title='bbox 372 976 469 1023; x_wconf 91' lang='lat' dir='ltr'><strong>nunc</strong></span> <span class='ocrx_word' id='word_1_91' title='bbox 483 947 645 1020; x_wconf 86' lang='lat' dir='ltr'><strong>usitatius</strong></span> <span class='ocrx_word' id='word_1_92' title='bbox 661 958 713 1015; x_wconf 91' lang='lat' dir='ltr'><strong>est</strong></span> <span class='ocrx_word' id='word_1_93' title='bbox 726 945 946 1037; x_wconf 89' lang='lat' dir='ltr'><strong>privatorum</strong></span> <span class='ocrx_word' id='word_1_94' title='bbox 959 941 1144 1032; x_wconf 90' lang='lat' dir='ltr'><strong>migratio·</strong></span> <span class='ocrx_word' id='word_1_95' title='bbox 1192 942 1290 1011; x_wconf 91' lang='lat' dir='ltr'><strong>mine</strong></span> <span class='ocrx_word' id='word_1_96' title='bbox 1315 941 1475 1014; x_wconf 87' lang='lat' dir='ltr'><strong>Sarmata</strong></span> <span class='ocrx_word' id='word_1_97' title='bbox 1504 942 1665 1013; x_wconf 82' lang='lat' dir='ltr'><strong>existimo</strong></span> <span class='ocrx_word' id='word_1_98' title='bbox 1692 943 1823 1012; x_wconf 87' lang='lat' dir='ltr'><strong>factum</strong></span> <span class='ocrx_word' id='word_1_99' title='bbox 1844 966 1917 1012; x_wconf 89' lang='lat' dir='ltr'><strong>esse</strong></span> <span class='ocrx_word' id='word_1_100' title='bbox 1943 965 2087 1010; x_wconf 91' lang='lat' dir='ltr'><strong>nomen</strong></span> <span class='ocrx_word' id='word_1_101' title='bbox 2107 936 2136 1009; x_wconf 86' lang='lat' dir='ltr'><strong>S</strong></span> <span class='ocrx_word' id='word_1_102' title='bbox 2142 965 2175 1009; x_wconf 87' lang='lat' dir='ltr'><strong>o·</strong></span> 
     </span>
     <span class='ocr_line' id='line_1_9' title="bbox 153 992 2174 1149; baseline -0.009 -20"><span class='ocrx_word' id='word_1_103' title='bbox 153 1059 285 1129; x_wconf 81' lang='lat' dir='ltr'><strong>nibus?</strong></span> <span class='ocrx_word' id='word_1_104' title='bbox 318 1077 469 1149; x_wconf 91' lang='lat' dir='ltr'><strong>quarum</strong></span> <span class='ocrx_word' id='word_1_105' title='bbox 500 1046 735 1120; x_wconf 85' lang='lat' dir='ltr'><strong>consideratio</strong></span> <span class='ocrx_word' id='word_1_106' title='bbox 768 1045 1058 1116; x_wconf 80' lang='lat' dir='ltr'><strong>commonefaciat</strong></span> <span class='ocrx_word' id='word_1_107' title='bbox 1078 1066 1144 1112; x_wconf 90' lang='lat' dir='ltr'><strong>uos</strong></span> <span class='ocrx_word' id='word_1_108' title='bbox 1166 992 1171 1113; x_wconf 85' lang='lat' dir='ltr'><strong>i</strong></span> <span class='ocrx_word' id='word_1_109' title='bbox 1195 1041 1319 1125; x_wconf 79' lang='lat' dir='ltr'><strong>rabi,</strong></span> <span class='ocrx_word' id='word_1_110' title='bbox 1345 1046 1466 1137; x_wconf 90' lang='lat' dir='ltr'><strong>paucis</strong></span> <span class='ocrx_word' id='word_1_111' title='bbox 1481 1045 1595 1115; x_wconf 88' lang='lat' dir='ltr'><strong>literis</strong></span> <span class='ocrx_word' id='word_1_112' title='bbox 1609 1044 1773 1130; x_wconf 90' lang='lat' dir='ltr'><strong>mutatis,</strong></span> <span class='ocrx_word' id='word_1_113' title='bbox 1799 1069 1889 1137; x_wconf 90' lang='lat' dir='ltr'><strong>quae</strong></span> <span class='ocrx_word' id='word_1_114' title='bbox 1903 1043 2105 1138; x_wconf 87' lang='lat' dir='ltr'><strong>appellatio</strong></span> <span class='ocrx_word' id='word_1_115' title='bbox 2124 1046 2174 1112; x_wconf 90' lang='lat' dir='ltr'><strong>ad·</strong></span> 
     </span>
     <span class='ocr_line' id='line_1_10' title="bbox 155 1142 2175 1240; baseline -0.008 -9"><span class='ocrx_word' id='word_1_116' title='bbox 155 1164 200 1231; x_wconf 93' lang='lat' dir='ltr'><strong>de</strong></span> <span class='ocrx_word' id='word_1_117' title='bbox 231 1157 474 1228; x_wconf 85' lang='lat' dir='ltr'><strong>imbecillitate</strong></span> <span class='ocrx_word' id='word_1_118' title='bbox 503 1174 623 1223; x_wconf 90' lang='lat' dir='ltr'><strong>rerum</strong></span> <span class='ocrx_word' id='word_1_119' title='bbox 652 1145 912 1235; x_wconf 90' lang='lat' dir='ltr'><strong>humanarum,</strong></span> <span class='ocrx_word' id='word_1_120' title='bbox 944 1161 985 1217; x_wconf 92' lang='lat' dir='ltr'><strong>ut</strong></span> <span class='ocrx_word' id='word_1_121' title='bbox 1012 1147 1144 1236; x_wconf 89' lang='lat' dir='ltr'><strong>cogite·</strong></span> <span class='ocrx_word' id='word_1_122' title='bbox 1194 1143 1266 1218; x_wconf 88' lang='lat' dir='ltr'><strong>huc</strong></span> <span class='ocrx_word' id='word_1_123' title='bbox 1288 1162 1337 1219; x_wconf 88' lang='lat' dir='ltr'><strong>est</strong></span> <span class='ocrx_word' id='word_1_124' title='bbox 1361 1171 1506 1236; x_wconf 89' lang='lat' dir='ltr'><strong>magnae</strong></span> <span class='ocrx_word' id='word_1_125' title='bbox 1530 1147 1684 1237; x_wconf 86' lang='lat' dir='ltr'><strong>regionis</strong></span> <span class='ocrx_word' id='word_1_126' title='bbox 1707 1146 1746 1215; x_wconf 90' lang='lat' dir='ltr'><strong>in</strong></span> <span class='ocrx_word' id='word_1_127' title='bbox 1772 1144 1915 1240; x_wconf 83' lang='lat' dir='ltr'><strong>illyrico</strong></span> <span class='ocrx_word' id='word_1_128' title='bbox 1944 1142 2095 1215; x_wconf 64' lang='lat' dir='ltr'><strong>Seruio.</strong></span> <span class='ocrx_word' id='word_1_129' title='bbox 2139 1142 2175 1218; x_wconf 80' lang='lat' dir='ltr'><strong>Et</strong></span> 
     </span>
     <span class='ocr_line' id='line_1_11' title="bbox 154 1245 2177 1345; baseline -0.008 -14"><span class='ocrx_word' id='word_1_130' title='bbox 154 1284 254 1342; x_wconf 90' lang='lat' dir='ltr'><strong>mus,</strong></span> <span class='ocrx_word' id='word_1_131' title='bbox 280 1257 432 1332; x_wconf 91' lang='lat' dir='ltr'><strong>Unicam</strong></span> <span class='ocrx_word' id='word_1_132' title='bbox 449 1279 523 1326; x_wconf 90' lang='lat' dir='ltr'><strong>esse</strong></span> <span class='ocrx_word' id='word_1_133' title='bbox 543 1265 750 1345; x_wconf 89' lang='lat' dir='ltr'><strong>perpetuam</strong></span> <span class='ocrx_word' id='word_1_134' title='bbox 772 1250 925 1343; x_wconf 86' lang='lat' dir='ltr'><strong>patriam</strong></span> <span class='ocrx_word' id='word_1_135' title='bbox 947 1249 1145 1329; x_wconf 92' lang='lat' dir='ltr'><strong>coelestem,</strong></span> <span class='ocrx_word' id='word_1_136' title='bbox 1195 1250 1234 1318; x_wconf 95' lang='lat' dir='ltr'><strong>in</strong></span> <span class='ocrx_word' id='word_1_137' title='bbox 1251 1245 1399 1320; x_wconf 89' lang='lat' dir='ltr'><strong>historia</strong></span> <span class='ocrx_word' id='word_1_138' title='bbox 1414 1248 1535 1320; x_wconf 86' lang='lat' dir='ltr'><strong>Caroli</strong></span> <span class='ocrx_word' id='word_1_139' title='bbox 1549 1248 1674 1338; x_wconf 89' lang='lat' dir='ltr'><strong>Magni</strong></span> <span class='ocrx_word' id='word_1_140' title='bbox 1690 1248 1837 1338; x_wconf 91' lang='lat' dir='ltr'><strong>legitur,</strong></span> <span class='ocrx_word' id='word_1_141' title='bbox 1862 1252 1906 1318; x_wconf 91' lang='lat' dir='ltr'><strong>ad</strong></span> <span class='ocrx_word' id='word_1_142' title='bbox 1924 1248 2053 1319; x_wconf 90' lang='lat' dir='ltr'><strong>Salam</strong></span> <span class='ocrx_word' id='word_1_143' title='bbox 2068 1247 2113 1316; x_wconf 90' lang='lat' dir='ltr'><strong>ab</strong></span> <span class='ocrx_word' id='word_1_144' title='bbox 2131 1270 2177 1315; x_wconf 90' lang='lat' dir='ltr'><strong>eo·</strong></span> 
     </span>
     <span class='ocr_line' id='line_1_12' title="bbox 156 1310 2176 1454; baseline -0.008 -21"><span class='ocrx_word' id='word_1_145' title='bbox 156 1359 249 1433; x_wconf 91' lang='lat' dir='ltr'><strong>hanc</strong></span> <span class='ocrx_word' id='word_1_146' title='bbox 275 1360 505 1454; x_wconf 82' lang='lat' dir='ltr'><strong>expetendam</strong></span> <span class='ocrx_word' id='word_1_147' title='bbox 527 1379 618 1448; x_wconf 90' lang='lat' dir='ltr'><strong>esse,</strong></span> <span class='ocrx_word' id='word_1_148' title='bbox 658 1369 694 1429; x_wconf 92' lang='grc' dir='ltr'><strong>ει</strong></span> <span class='ocrx_word' id='word_1_149' title='bbox 719 1353 862 1424; x_wconf 91' lang='lat' dir='ltr'><strong>adeam</strong></span> <span class='ocrx_word' id='word_1_150' title='bbox 885 1352 1146 1446; x_wconf 88' lang='lat' dir='ltr'><strong>praeparandos</strong></span> <span class='ocrx_word' id='word_1_151' title='bbox 1168 1310 1172 1397; x_wconf 70' lang='lat' dir='ltr'><strong>i</strong></span> <span class='ocrx_word' id='word_1_152' title='bbox 1196 1354 1275 1421; x_wconf 86' lang='lat' dir='ltr'><strong>dem</strong></span> <span class='ocrx_word' id='word_1_153' title='bbox 1293 1353 1447 1422; x_wconf 87' lang='lat' dir='ltr'><strong>domitos</strong></span> <span class='ocrx_word' id='word_1_154' title='bbox 1471 1375 1545 1422; x_wconf 92' lang='lat' dir='ltr'><strong>esse</strong></span> <span class='ocrx_word' id='word_1_155' title='bbox 1559 1351 1724 1422; x_wconf 91' lang='lat' dir='ltr'><strong>Sorabos.</strong></span> <span class='ocrx_word' id='word_1_156' title='bbox 1780 1350 1849 1423; x_wconf 90' lang='lat' dir='ltr'><strong>Ubi</strong></span> <span class='ocrx_word' id='word_1_157' title='bbox 1872 1346 1996 1422; x_wconf 91' lang='lat' dir='ltr'><strong>adhuc</strong></span> <span class='ocrx_word' id='word_1_158' title='bbox 2018 1364 2105 1419; x_wconf 89' lang='lat' dir='ltr'><strong>sunt</strong></span> <span class='ocrx_word' id='word_1_159' title='bbox 2124 1373 2176 1418; x_wconf 88' lang='lat' dir='ltr'><strong>uo-</strong></span> 
     </span>
     <span class='ocr_line' id='line_1_13' title="bbox 157 1453 1685 1536; baseline -0.005 0"><span class='ocrx_word' id='word_1_160' title='bbox 157 1487 231 1536; x_wconf 87' lang='lat' dir='ltr'><strong>esse</strong></span> <span class='ocrx_word' id='word_1_161' title='bbox 248 1464 386 1533; x_wconf 93' lang='lat' dir='ltr'><strong>animos</strong></span> <span class='ocrx_word' id='word_1_162' title='bbox 403 1474 555 1531; x_wconf 85' lang='lat' dir='ltr'><strong>nostros.</strong></span> <span class='ocrx_word' id='word_1_163' title='bbox 1196 1455 1293 1524; x_wconf 92' lang='lat' dir='ltr'><strong>mina</strong></span> <span class='ocrx_word' id='word_1_164' title='bbox 1310 1453 1448 1525; x_wconf 87' lang='lat' dir='ltr'><strong>Sorben</strong></span> <span class='ocrx_word' id='word_1_165' title='bbox 1465 1468 1498 1524; x_wconf 88' lang='lat' dir='ltr'><strong>et</strong></span> <span class='ocrx_word' id='word_1_166' title='bbox 1513 1454 1685 1528; x_wconf 84' lang='lat' dir='ltr'><strong>Zorbeck.</strong></span> 
     </span>
    </p>

    <p class='ocr_par' dir='ltr' id='par_1_4' title="bbox 58 1551 2176 2568">
     <span class='ocr_line' id='line_1_14' title="bbox 260 1551 2176 1661; baseline -0.006 -28"><span class='ocrx_word' id='word_1_167' title='bbox 260 1557 466 1661; x_wconf 79' lang='lat' dir='ltr'><strong>Riphat,</strong></span> <span class='ocrx_word' id='word_1_168' title='bbox 489 1551 784 1656; x_wconf 78' lang='lat' dir='ltr'><strong>iudeRipber&#39;,</strong></span> <span class='ocrx_word' id='word_1_169' title='bbox 807 1558 932 1643; x_wconf 90' lang='lat' dir='ltr'><strong>idest,</strong></span> <span class='ocrx_word' id='word_1_170' title='bbox 959 1553 1145 1646; x_wconf 83' lang='lat' dir='ltr'><strong>Gigantes.</strong></span> <span class='ocrx_word' id='word_1_171' title='bbox 1300 1554 1398 1628; x_wconf 91' lang='lat' dir='ltr'><strong>lnter</strong></span> <span class='ocrx_word' id='word_1_172' title='bbox 1416 1557 1508 1627; x_wconf 86' lang='lat' dir='ltr'><strong>tilios</strong></span> <span class='ocrx_word' id='word_1_173' title='bbox 1525 1556 1608 1627; x_wconf 91' lang='lat' dir='ltr'><strong>Sem</strong></span> <span class='ocrx_word' id='word_1_174' title='bbox 1631 1557 1669 1624; x_wconf 94' lang='lat' dir='ltr'><strong>in</strong></span> <span class='ocrx_word' id='word_1_175' title='bbox 1696 1555 1811 1649; x_wconf 92' lang='lat' dir='ltr'><strong>primo</strong></span> <span class='ocrx_word' id='word_1_176' title='bbox 1834 1557 1930 1626; x_wconf 90' lang='lat' dir='ltr'><strong>libro</strong></span> <span class='ocrx_word' id='word_1_177' title='bbox 1951 1557 2176 1650; x_wconf 81' lang='lat' dir='ltr'><strong>Hupotuao-</strong></span> 
     </span>
     <span class='ocr_line' id='line_1_15' title="bbox 157 1652 2175 1753; baseline -0.007 -13"><span class='ocrx_word' id='word_1_178' title='bbox 157 1667 350 1740; x_wconf 88' lang='lat' dir='ltr'><strong>Notissima</strong></span> <span class='ocrx_word' id='word_1_179' title='bbox 376 1680 428 1737; x_wconf 90' lang='lat' dir='ltr'><strong>est</strong></span> <span class='ocrx_word' id='word_1_180' title='bbox 449 1677 567 1734; x_wconf 89' lang='lat' dir='ltr'><strong>autem</strong></span> <span class='ocrx_word' id='word_1_181' title='bbox 589 1661 778 1753; x_wconf 85' lang='lat' dir='ltr'><strong>appellatio</strong></span> <span class='ocrx_word' id='word_1_182' title='bbox 793 1654 1018 1751; x_wconf 89' lang='lat' dir='ltr'><strong>Ripheorum</strong></span> <span class='ocrx_word' id='word_1_183' title='bbox 1041 1681 1147 1728; x_wconf 91' lang='lat' dir='ltr'><strong>mon·</strong></span> <span class='ocrx_word' id='word_1_184' title='bbox 1196 1653 1322 1750; x_wconf 73' lang='grc' dir='ltr'><em>μένων</em></span> <span class='ocrx_word' id='word_1_185' title='bbox 1338 1683 1413 1750; x_wconf 89' lang='lat' dir='ltr'><strong>cap.</strong></span> <span class='ocrx_word' id='word_1_186' title='bbox 1431 1662 1461 1732; x_wconf 93' lang='lat'><strong>1.</strong></span> <span class='ocrx_word' id='word_1_187' title='bbox 1479 1660 1683 1729; x_wconf 90' lang='lat' dir='ltr'><strong>nominatus</strong></span> <span class='ocrx_word' id='word_1_188' title='bbox 1700 1672 1751 1730; x_wconf 88' lang='lat' dir='ltr'><strong>est</strong></span> <span class='ocrx_word' id='word_1_189' title='bbox 1767 1652 1960 1741; x_wconf 80' lang='lat' dir='ltr'><strong>Gether,</strong></span> <span class='ocrx_word' id='word_1_190' title='bbox 1989 1682 2011 1728; x_wconf 89' lang='lat' dir='ltr'><strong>a</strong></span> <span class='ocrx_word' id='word_1_191' title='bbox 2030 1681 2102 1750; x_wconf 90' lang='lat' dir='ltr'><strong>quo</strong></span> <span class='ocrx_word' id='word_1_192' title='bbox 2117 1653 2175 1725; x_wconf 86' lang='lat' dir='ltr'><strong>Ge·</strong></span> 
     </span>
     <span class='ocr_line' id='line_1_16' title="bbox 159 1760 1820 1862; baseline -0.003 -23"><span class='ocrx_word' id='word_1_193' title='bbox 159 1771 265 1855; x_wconf 88' lang='lat' dir='ltr'><strong>tium,</strong></span> <span class='ocrx_word' id='word_1_194' title='bbox 291 1767 479 1862; x_wconf 90' lang='lat' dir='ltr'><strong>dequibus</strong></span> <span class='ocrx_word' id='word_1_195' title='bbox 497 1764 561 1835; x_wconf 91' lang='lat' dir='ltr'><strong>etsi</strong></span> <span class='ocrx_word' id='word_1_196' title='bbox 577 1764 664 1856; x_wconf 88' lang='lat' dir='ltr'><strong>quid</strong></span> <span class='ocrx_word' id='word_1_197' title='bbox 682 1763 745 1832; x_wconf 90' lang='lat' dir='ltr'><strong>alii</strong></span> <span class='ocrx_word' id='word_1_198' title='bbox 759 1762 929 1846; x_wconf 89' lang='lat' dir='ltr'><strong>scribant,</strong></span> <span class='ocrx_word' id='word_1_199' title='bbox 955 1783 1030 1830; x_wconf 92' lang='lat' dir='ltr'><strong>non</strong></span> <span class='ocrx_word' id='word_1_200' title='bbox 1045 1760 1148 1848; x_wconf 89' lang='lat' dir='ltr'><strong>igno·</strong></span> <span class='ocrx_word' id='word_1_201' title='bbox 1198 1775 1251 1832; x_wconf 92' lang='lat' dir='ltr'><strong>tas</strong></span> <span class='ocrx_word' id='word_1_202' title='bbox 1266 1774 1363 1830; x_wconf 88' lang='lat' dir='ltr'><strong>ortos</strong></span> <span class='ocrx_word' id='word_1_203' title='bbox 1378 1784 1451 1830; x_wconf 89' lang='lat' dir='ltr'><strong>esse</strong></span> <span class='ocrx_word' id='word_1_204' title='bbox 1469 1775 1743 1831; x_wconf 89' lang='lat' dir='ltr'><strong>consentaneum</strong></span> <span class='ocrx_word' id='word_1_205' title='bbox 1758 1777 1820 1834; x_wconf 85' lang='lat' dir='ltr'><strong>est.</strong></span> 
     </span>
     <span class='ocr_line' id='line_1_17' title="bbox 160 1859 2172 1958; baseline -0.006 -16"><span class='ocrx_word' id='word_1_206' title='bbox 160 1896 221 1950; x_wconf 90' lang='lat' dir='ltr'><strong>ro,</strong></span> <span class='ocrx_word' id='word_1_207' title='bbox 247 1886 367 1942; x_wconf 84' lang='lat' dir='ltr'><strong>tamen</strong></span> <span class='ocrx_word' id='word_1_208' title='bbox 385 1870 422 1937; x_wconf 93' lang='lat' dir='ltr'><strong>in</strong></span> <span class='ocrx_word' id='word_1_209' title='bbox 440 1868 502 1937; x_wconf 89' lang='lat' dir='ltr'><strong>illa</strong></span> <span class='ocrx_word' id='word_1_210' title='bbox 517 1878 617 1957; x_wconf 90' lang='lat' dir='ltr'><strong>parte</strong></span> <span class='ocrx_word' id='word_1_211' title='bbox 631 1863 891 1958; x_wconf 80' lang='lat' dir='ltr'><strong>septentrionis</strong></span> <span class='ocrx_word' id='word_1_212' title='bbox 915 1859 1003 1932; x_wconf 91' lang='lat' dir='ltr'><strong>haec</strong></span> <span class='ocrx_word' id='word_1_213' title='bbox 1026 1863 1147 1953; x_wconf 91' lang='lat' dir='ltr'><strong>appel·</strong></span> <span class='ocrx_word' id='word_1_214' title='bbox 1299 1861 1409 1933; x_wconf 89' lang='lat' dir='ltr'><strong>Getas</strong></span> <span class='ocrx_word' id='word_1_215' title='bbox 1437 1876 1553 1934; x_wconf 91' lang='lat' dir='ltr'><strong>autem</strong></span> <span class='ocrx_word' id='word_1_216' title='bbox 1580 1860 1710 1935; x_wconf 89' lang='lat' dir='ltr'><strong>Gottos</strong></span> <span class='ocrx_word' id='word_1_217' title='bbox 1736 1878 1857 1954; x_wconf 87' lang='lat' dir='ltr'><strong>postea</strong></span> <span class='ocrx_word' id='word_1_218' title='bbox 1885 1860 2099 1931; x_wconf 88' lang='lat' dir='ltr'><strong>nominatos</strong></span> <span class='ocrx_word' id='word_1_219' title='bbox 2118 1882 2172 1928; x_wconf 85' lang='lat' dir='ltr'><strong>esse</strong></span> 
     </span>
     <span class='ocr_line' id='line_1_18' title="bbox 160 1963 2172 2078; baseline -0.005 -37"><span class='ocrx_word' id='word_1_220' title='bbox 160 1973 248 2044; x_wconf 89' lang='lat' dir='ltr'><strong>latio</strong></span> <span class='ocrx_word' id='word_1_221' title='bbox 272 1970 499 2043; x_wconf 90' lang='lat' dir='ltr'><strong>celeberrima</strong></span> <span class='ocrx_word' id='word_1_222' title='bbox 523 1967 609 2052; x_wconf 90' lang='lat' dir='ltr'><strong>fuit,</strong></span> <span class='ocrx_word' id='word_1_223' title='bbox 634 1967 674 2035; x_wconf 93' lang='lat' dir='ltr'><strong>in</strong></span> <span class='ocrx_word' id='word_1_224' title='bbox 695 1991 764 2060; x_wconf 88' lang='lat' dir='ltr'><strong>qua</strong></span> <span class='ocrx_word' id='word_1_225' title='bbox 786 1966 932 2036; x_wconf 86' lang='lat' dir='ltr'><strong>fuemut</strong></span> <span class='ocrx_word' id='word_1_226' title='bbox 955 1963 1148 2047; x_wconf 85' lang='lat' dir='ltr'><strong>Sarmatae,</strong></span> <span class='ocrx_word' id='word_1_227' title='bbox 1171 2042 1175 2078; x_wconf 58' lang='grc' dir='ltr'>Ι</span> <span class='ocrx_word' id='word_1_228' title='bbox 1198 1988 1272 2034; x_wconf 92' lang='lat' dir='ltr'><strong>non</strong></span> <span class='ocrx_word' id='word_1_229' title='bbox 1287 1966 1437 2036; x_wconf 92' lang='lat' dir='ltr'><strong>dubium</strong></span> <span class='ocrx_word' id='word_1_230' title='bbox 1455 1978 1524 2051; x_wconf 90' lang='lat' dir='ltr'><strong>est,</strong></span> <span class='ocrx_word' id='word_1_231' title='bbox 1551 1966 1613 2058; x_wconf 92' lang='lat' dir='ltr'><strong>qui</strong></span> <span class='ocrx_word' id='word_1_232' title='bbox 1629 1966 1801 2055; x_wconf 87' lang='lat' dir='ltr'><strong>progressi</strong></span> <span class='ocrx_word' id='word_1_233' title='bbox 1818 1978 2020 2037; x_wconf 90' lang='lat' dir='ltr'><strong>tenuerunt</strong></span> <span class='ocrx_word' id='word_1_234' title='bbox 2038 1987 2113 2032; x_wconf 92' lang='lat' dir='ltr'><strong>eam</strong></span> <span class='ocrx_word' id='word_1_235' title='bbox 2129 1986 2172 2030; x_wconf 90' lang='lat' dir='ltr'><strong>re·</strong></span> 
     </span>
     <span class='ocr_line' id='line_1_19' title="bbox 161 2063 2176 2162; baseline -0.006 -17"><span class='ocrx_word' id='word_1_236' title='bbox 161 2090 197 2146; x_wconf 92' lang='grc' dir='ltr'><strong>ει</strong></span> <span class='ocrx_word' id='word_1_237' title='bbox 224 2077 319 2144; x_wconf 91' lang='lat' dir='ltr'><strong>inter</strong></span> <span class='ocrx_word' id='word_1_238' title='bbox 341 2073 521 2146; x_wconf 90' lang='lat' dir='ltr'><strong>Sarmatas</strong></span> <span class='ocrx_word' id='word_1_239' title='bbox 542 2068 694 2155; x_wconf 89' lang='lat' dir='ltr'><strong>Heneti,</strong></span> <span class='ocrx_word' id='word_1_240' title='bbox 733 2068 824 2140; x_wconf 87' lang='lat' dir='ltr'><strong>sicut</strong></span> <span class='ocrx_word' id='word_1_241' title='bbox 846 2066 1068 2138; x_wconf 90' lang='lat' dir='ltr'><strong>Ptolemaeus</strong></span> <span class='ocrx_word' id='word_1_242' title='bbox 1089 2066 1148 2136; x_wconf 89' lang='lat' dir='ltr'><strong>in·</strong></span> <span class='ocrx_word' id='word_1_243' title='bbox 1171 2079 1175 2131; x_wconf 86' lang='grc' dir='ltr'>Ι</span> <span class='ocrx_word' id='word_1_244' title='bbox 1198 2067 1358 2155; x_wconf 92' lang='lat' dir='ltr'><strong>gionem‚</strong></span> <span class='ocrx_word' id='word_1_245' title='bbox 1385 2093 1475 2162; x_wconf 85' lang='lat' dir='ltr'><strong>quae</strong></span> <span class='ocrx_word' id='word_1_246' title='bbox 1497 2093 1594 2138; x_wconf 87' lang='lat' dir='ltr'><strong>nune</strong></span> <span class='ocrx_word' id='word_1_247' title='bbox 1616 2063 1822 2137; x_wconf 75' lang='lat' dir='ltr'><strong>Waltachia</strong></span> <span class='ocrx_word' id='word_1_248' title='bbox 1846 2066 2007 2147; x_wconf 91' lang='lat' dir='ltr'><strong>dicitur,</strong></span> <span class='ocrx_word' id='word_1_249' title='bbox 2032 2079 2067 2135; x_wconf 92' lang='lat' dir='ltr'><strong>et</strong></span> <span class='ocrx_word' id='word_1_250' title='bbox 2089 2088 2176 2133; x_wconf 83' lang='lat' dir='ltr'><strong>octu-</strong></span> 
     </span>
     <span class='ocr_line' id='line_1_20' title="bbox 58 2167 2175 2270; baseline -0.007 -23"><span class='ocrx_word' id='word_1_251' title='bbox 58 2247 62 2254; x_wconf 79' lang='grc'><strong>,</strong></span> <span class='ocrx_word' id='word_1_252' title='bbox 158 2177 250 2270; x_wconf 90' lang='lat' dir='ltr'><strong>quit,</strong></span> <span class='ocrx_word' id='word_1_253' title='bbox 278 2177 517 2247; x_wconf 86' lang='lat' dir='ltr'><strong>Sarmatarum</strong></span> <span class='ocrx_word' id='word_1_254' title='bbox 534 2184 673 2261; x_wconf 87' lang='lat' dir='ltr'><strong>gentem</strong></span> <span class='ocrx_word' id='word_1_255' title='bbox 687 2169 877 2239; x_wconf 82' lang='lat' dir='ltr'><strong>maximam</strong></span> <span class='ocrx_word' id='word_1_256' title='bbox 885 2167 1043 2239; x_wconf 86' lang='lat' dir='ltr'><strong>Henetus</strong></span> <span class='ocrx_word' id='word_1_257' title='bbox 1060 2191 1147 2238; x_wconf 88' lang='lat' dir='ltr'><strong>esse:</strong></span> <span class='ocrx_word' id='word_1_258' title='bbox 1171 2198 1175 2239; x_wconf 86' lang='lat' dir='ltr'><strong>t</strong></span> <span class='ocrx_word' id='word_1_259' title='bbox 1198 2184 1373 2261; x_wconf 89' lang='lat' dir='ltr'><strong>paverunt</strong></span> <span class='ocrx_word' id='word_1_260' title='bbox 1385 2171 1497 2260; x_wconf 92' lang='lat' dir='ltr'><strong>ripam</strong></span> <span class='ocrx_word' id='word_1_261' title='bbox 1506 2168 1674 2251; x_wconf 86' lang='lat' dir='ltr'><strong>Fistulae‚</strong></span> <span class='ocrx_word' id='word_1_262' title='bbox 1702 2183 1737 2239; x_wconf 91' lang='lat' dir='ltr'><strong>et</strong></span> <span class='ocrx_word' id='word_1_263' title='bbox 1752 2169 1917 2239; x_wconf 89' lang='lat' dir='ltr'><strong>Sueciam</strong></span> <span class='ocrx_word' id='word_1_264' title='bbox 1934 2181 1968 2237; x_wconf 93' lang='lat' dir='ltr'><strong>et</strong></span> <span class='ocrx_word' id='word_1_265' title='bbox 1984 2167 2117 2236; x_wconf 87' lang='lat' dir='ltr'><strong>vicinas</strong></span> <span class='ocrx_word' id='word_1_266' title='bbox 2128 2191 2175 2235; x_wconf 88' lang='lat' dir='ltr'><strong>re·</strong></span> 
     </span>
     <span class='ocr_line' id='line_1_21' title="bbox 160 2242 2174 2364; baseline -0.008 -13"><span class='ocrx_word' id='word_1_267' title='bbox 160 2276 317 2351; x_wconf 91' lang='lat' dir='ltr'><strong>Nomiuo</strong></span> <span class='ocrx_word' id='word_1_268' title='bbox 335 2291 452 2348; x_wconf 91' lang='lat' dir='ltr'><strong>autem</strong></span> <span class='ocrx_word' id='word_1_269' title='bbox 466 2271 672 2343; x_wconf 80' lang='lat' dir='ltr'><strong>Henetus</strong></span> <span class='ocrx_word' id='word_1_270' title='bbox 689 2294 823 2357; x_wconf 91' lang='lat' dir='ltr'><strong>omnes,</strong></span> <span class='ocrx_word' id='word_1_271' title='bbox 843 2271 1048 2364; x_wconf 88' lang='lat' dir='ltr'><strong>ubicunque</strong></span> <span class='ocrx_word' id='word_1_272' title='bbox 1062 2294 1149 2340; x_wconf 90' lang='lat' dir='ltr'><strong>con·</strong></span> <span class='ocrx_word' id='word_1_273' title='bbox 1171 2242 1175 2359; x_wconf 71' lang='lat' dir='ltr'><strong>i</strong></span> <span class='ocrx_word' id='word_1_274' title='bbox 1197 2272 1332 2361; x_wconf 86' lang='lat' dir='ltr'><strong>giones,</strong></span> <span class='ocrx_word' id='word_1_275' title='bbox 1346 2273 1410 2343; x_wconf 94' lang='lat' dir='ltr'><strong>ubi</strong></span> <span class='ocrx_word' id='word_1_276' title='bbox 1422 2267 1843 2346; x_wconf 84' lang='lat' dir='ltr'><strong>nomenlraesitGotthia.</strong></span> <span class='ocrx_word' id='word_1_277' title='bbox 1874 2269 2063 2359; x_wconf 78' lang='lat' dir='ltr'><strong>Significat</strong></span> <span class='ocrx_word' id='word_1_278' title='bbox 2073 2283 2174 2338; x_wconf 88' lang='lat' dir='ltr'><strong>autem</strong></span> 
     </span>
     <span class='ocr_line' id='line_1_22' title="bbox 160 2369 2176 2471; baseline -0.007 -21"><span class='ocrx_word' id='word_1_279' title='bbox 160 2382 345 2464; x_wconf 91' lang='lat' dir='ltr'><strong>sederunt,</strong></span> <span class='ocrx_word' id='word_1_280' title='bbox 377 2378 440 2471; x_wconf 90' lang='lat' dir='ltr'><strong>qui</strong></span> <span class='ocrx_word' id='word_1_281' title='bbox 473 2377 595 2466; x_wconf 85' lang='lat' dir='ltr'><strong>li&#39;ugua</strong></span> <span class='ocrx_word' id='word_1_282' title='bbox 614 2372 787 2445; x_wconf 87' lang='lat' dir='ltr'><strong>Polonica</strong></span> <span class='ocrx_word' id='word_1_283' title='bbox 810 2386 981 2459; x_wconf 91' lang='lat' dir='ltr'><strong>utuntur,</strong></span> <span class='ocrx_word' id='word_1_284' title='bbox 1012 2372 1149 2442; x_wconf 90' lang='lat' dir='ltr'><strong>etiamsi</strong></span> <span class='ocrx_word' id='word_1_285' title='bbox 1172 2374 1175 2413; x_wconf 84' lang='lat'><strong>¹</strong></span> <span class='ocrx_word' id='word_1_286' title='bbox 1199 2369 1296 2443; x_wconf 88' lang='lat' dir='ltr'><strong>Geth</strong></span> <span class='ocrx_word' id='word_1_287' title='bbox 1312 2375 1457 2446; x_wconf 89' lang='lat' dir='ltr'><strong>molam.</strong></span> <span class='ocrx_word' id='word_1_288' title='bbox 1509 2370 1646 2444; x_wconf 90' lang='lat' dir='ltr'><strong>Gether</strong></span> <span class='ocrx_word' id='word_1_289' title='bbox 1670 2375 1839 2443; x_wconf 90' lang='lat' dir='ltr'><strong>dominus</strong></span> <span class='ocrx_word' id='word_1_290' title='bbox 1861 2372 1998 2452; x_wconf 89' lang='lat' dir='ltr'><strong>molae,</strong></span> <span class='ocrx_word' id='word_1_291' title='bbox 2031 2373 2176 2441; x_wconf 80' lang='lat' dir='ltr'><strong>fortassis</strong></span> 
     </span>
     <span class='ocr_line' id='line_1_23' title="bbox 161 2474 1918 2568; baseline -0.003 -16"><span class='ocrx_word' id='word_1_292' title='bbox 161 2483 322 2553; x_wconf 88' lang='lat' dir='ltr'><strong>dialectis</strong></span> <span class='ocrx_word' id='word_1_293' title='bbox 337 2481 520 2550; x_wconf 76' lang='lat' dir='ltr'><strong>differunt</strong></span> <span class='ocrx_word' id='word_1_294' title='bbox 1199 2477 1283 2568; x_wconf 93' lang='lat' dir='ltr'><strong>quia</strong></span> <span class='ocrx_word' id='word_1_295' title='bbox 1298 2477 1485 2567; x_wconf 88' lang='lat' dir='ltr'><strong>posteritas</strong></span> <span class='ocrx_word' id='word_1_296' title='bbox 1502 2476 1578 2546; x_wconf 91' lang='lat' dir='ltr'><strong>loca</strong></span> <span class='ocrx_word' id='word_1_297' title='bbox 1591 2474 1769 2547; x_wconf 90' lang='lat' dir='ltr'><strong>uberrima</strong></span> <span class='ocrx_word' id='word_1_298' title='bbox 1787 2474 1918 2546; x_wconf 84' lang='lat' dir='ltr'><strong>tenuit.</strong></span> 
     </span>
    </p>

    <p class='ocr_par' dir='ltr' id='par_1_5' title="bbox 161 2571 2179 3179">
     <span class='ocr_line' id='line_1_24' title="bbox 261 2571 2177 2669; baseline -0.006 -17"><span class='ocrx_word' id='word_1_299' title='bbox 261 2583 334 2653; x_wconf 86' lang='lat' dir='ltr'><strong>Nec</strong></span> <span class='ocrx_word' id='word_1_300' title='bbox 357 2582 533 2669; x_wconf 91' lang='lat' dir='ltr'><strong>discrepat</strong></span> <span class='ocrx_word' id='word_1_301' title='bbox 553 2577 599 2649; x_wconf 91' lang='lat' dir='ltr'><strong>ab</strong></span> <span class='ocrx_word' id='word_1_302' title='bbox 623 2571 691 2646; x_wconf 91' lang='lat' dir='ltr'><strong>hac</strong></span> <span class='ocrx_word' id='word_1_303' title='bbox 711 2588 832 2646; x_wconf 91' lang='lat' dir='ltr'><strong>nostra</strong></span> <span class='ocrx_word' id='word_1_304' title='bbox 856 2573 1149 2667; x_wconf 87' lang='lat' dir='ltr'><strong>interpretatione</strong></span> <span class='ocrx_word' id='word_1_305' title='bbox 1300 2575 1411 2648; x_wconf 91' lang='lat' dir='ltr'><strong>Getas</strong></span> <span class='ocrx_word' id='word_1_306' title='bbox 1440 2591 1557 2649; x_wconf 90' lang='lat' dir='ltr'><strong>autern</strong></span> <span class='ocrx_word' id='word_1_307' title='bbox 1581 2579 1718 2648; x_wconf 90' lang='lat' dir='ltr'><strong>locutos</strong></span> <span class='ocrx_word' id='word_1_308' title='bbox 1739 2601 1810 2649; x_wconf 90' lang='lat' dir='ltr'><strong>esse</strong></span> <span class='ocrx_word' id='word_1_309' title='bbox 1834 2576 2031 2647; x_wconf 86' lang='lat' dir='ltr'><strong>Teutonica</strong></span> <span class='ocrx_word' id='word_1_310' title='bbox 2058 2574 2177 2662; x_wconf 89' lang='lat' dir='ltr'><strong>lingua</strong></span> 
     </span>
     <span class='ocr_line' id='line_1_25' title="bbox 161 2672 2178 2775; baseline -0.006 -19"><span class='ocrx_word' id='word_1_311' title='bbox 161 2678 386 2775; x_wconf 86' lang='lat' dir='ltr'><strong>Ripheorum</strong></span> <span class='ocrx_word' id='word_1_312' title='bbox 408 2675 597 2772; x_wconf 86' lang='lat' dir='ltr'><strong>Iosephus,</strong></span> <span class='ocrx_word' id='word_1_313' title='bbox 623 2676 687 2770; x_wconf 89' lang='lat' dir='ltr'><strong>qui</strong></span> <span class='ocrx_word' id='word_1_314' title='bbox 710 2678 778 2763; x_wconf 90' lang='lat' dir='ltr'><strong>ait,</strong></span> <span class='ocrx_word' id='word_1_315' title='bbox 803 2700 822 2746; x_wconf 93' lang='lat' dir='ltr'><strong>a</strong></span> <span class='ocrx_word' id='word_1_316' title='bbox 842 2672 980 2770; x_wconf 87' lang='lat' dir='ltr'><strong>Ripbat</strong></span> <span class='ocrx_word' id='word_1_317' title='bbox 995 2672 1151 2768; x_wconf 87' lang='lat' dir='ltr'><strong>Paphla·</strong></span> <span class='ocrx_word' id='word_1_318' title='bbox 1199 2704 1274 2749; x_wconf 90' lang='lat' dir='ltr'><strong>nou</strong></span> <span class='ocrx_word' id='word_1_319' title='bbox 1286 2681 1434 2750; x_wconf 91' lang='lat' dir='ltr'><strong>dubium</strong></span> <span class='ocrx_word' id='word_1_320' title='bbox 1451 2694 1512 2751; x_wconf 82' lang='lat' dir='ltr'><strong>est</strong></span> <span class='ocrx_word' id='word_1_321' title='bbox 1565 2677 1727 2751; x_wconf 88' lang='lat' dir='ltr'><strong>Fuerunt</strong></span> <span class='ocrx_word' id='word_1_322' title='bbox 1747 2703 1830 2770; x_wconf 92' lang='lat' dir='ltr'><strong>ergo</strong></span> <span class='ocrx_word' id='word_1_323' title='bbox 1852 2678 1958 2748; x_wconf 81' lang='lat' dir='ltr'><strong>mixti</strong></span> <span class='ocrx_word' id='word_1_324' title='bbox 1978 2677 2076 2768; x_wconf 91' lang='lat' dir='ltr'><strong>genti</strong></span> <span class='ocrx_word' id='word_1_325' title='bbox 2089 2674 2178 2744; x_wconf 85' lang='lat' dir='ltr'><strong>Teu·</strong></span> 
     </span>
     <span class='ocr_line' id='line_1_26' title="bbox 163 2775 2176 2875; baseline -0.003 -22"><span class='ocrx_word' id='word_1_326' title='bbox 163 2809 272 2874; x_wconf 89' lang='lat' dir='ltr'><strong>gones</strong></span> <span class='ocrx_word' id='word_1_327' title='bbox 285 2796 382 2854; x_wconf 91' lang='lat' dir='ltr'><strong>ortos</strong></span> <span class='ocrx_word' id='word_1_328' title='bbox 397 2805 490 2867; x_wconf 88' lang='lat' dir='ltr'><strong>esse,</strong></span> <span class='ocrx_word' id='word_1_329' title='bbox 516 2802 670 2874; x_wconf 88' lang='lat' dir='ltr'><strong>quorum</strong></span> <span class='ocrx_word' id='word_1_330' title='bbox 689 2778 878 2871; x_wconf 88' lang='lat' dir='ltr'><strong>appellatio</strong></span> <span class='ocrx_word' id='word_1_331' title='bbox 893 2778 1068 2871; x_wconf 84' lang='lat' dir='ltr'><strong>posterior</strong></span> <span class='ocrx_word' id='word_1_332' title='bbox 1088 2791 1150 2854; x_wconf 91' lang='lat' dir='ltr'><strong>est.</strong></span> <span class='ocrx_word' id='word_1_333' title='bbox 1199 2782 1355 2866; x_wconf 90' lang='lat' dir='ltr'><strong>tonicae,</strong></span> <span class='ocrx_word' id='word_1_334' title='bbox 1380 2806 1470 2875; x_wconf 90' lang='lat' dir='ltr'><strong>quae</strong></span> <span class='ocrx_word' id='word_1_335' title='bbox 1486 2806 1618 2853; x_wconf 92' lang='lat' dir='ltr'><strong>nomen</strong></span> <span class='ocrx_word' id='word_1_336' title='bbox 1631 2781 1759 2853; x_wconf 91' lang='lat' dir='ltr'><strong>habuit</strong></span> <span class='ocrx_word' id='word_1_337' title='bbox 1774 2780 1978 2851; x_wconf 77' lang='lat' dir='ltr'><strong>Tuistones</strong></span> <span class='ocrx_word' id='word_1_338' title='bbox 1992 2781 2038 2849; x_wconf 93' lang='lat' dir='ltr'><strong>ab</strong></span> <span class='ocrx_word' id='word_1_339' title='bbox 2047 2775 2176 2857; x_wconf 74' lang='lat' dir='ltr'><strong>Assone,</strong></span> 
     </span>
     <span class='ocr_line' id='line_1_27' title="bbox 162 2875 2172 2978; baseline -0.005 -22"><span class='ocrx_word' id='word_1_340' title='bbox 162 2882 254 2956; x_wconf 90' lang='lat' dir='ltr'><strong>Nam</strong></span> <span class='ocrx_word' id='word_1_341' title='bbox 278 2886 316 2955; x_wconf 92' lang='lat' dir='ltr'><strong>in</strong></span> <span class='ocrx_word' id='word_1_342' title='bbox 340 2910 380 2955; x_wconf 94' lang='lat' dir='ltr'><strong>eo</strong></span> <span class='ocrx_word' id='word_1_343' title='bbox 404 2885 480 2973; x_wconf 90' lang='lat' dir='ltr'><strong>ipso</strong></span> <span class='ocrx_word' id='word_1_344' title='bbox 496 2883 595 2963; x_wconf 90' lang='lat' dir='ltr'><strong>loco,</strong></span> <span class='ocrx_word' id='word_1_345' title='bbox 627 2905 733 2974; x_wconf 89' lang='lat' dir='ltr'><strong>quem</strong></span> <span class='ocrx_word' id='word_1_346' title='bbox 758 2875 1004 2972; x_wconf 90' lang='lat' dir='ltr'><strong>Paphlagones</strong></span> <span class='ocrx_word' id='word_1_347' title='bbox 1026 2894 1151 2951; x_wconf 90' lang='lat' dir='ltr'><strong>tenue·</strong></span> <span class='ocrx_word' id='word_1_348' title='bbox 1198 2897 1239 2953; x_wconf 85' lang='lat' dir='ltr'><strong>ut</strong></span> <span class='ocrx_word' id='word_1_349' title='bbox 1271 2906 1377 2974; x_wconf 91' lang='lat' dir='ltr'><strong>supra</strong></span> <span class='ocrx_word' id='word_1_350' title='bbox 1404 2884 1538 2955; x_wconf 89' lang='lat' dir='ltr'><strong>dictum</strong></span> <span class='ocrx_word' id='word_1_351' title='bbox 1569 2898 1637 2970; x_wconf 90' lang='lat' dir='ltr'><strong>est,</strong></span> <span class='ocrx_word' id='word_1_352' title='bbox 1671 2887 1768 2978; x_wconf 93' lang='lat' dir='ltr'><strong>quod</strong></span> <span class='ocrx_word' id='word_1_353' title='bbox 1792 2879 1914 2953; x_wconf 93' lang='lat' dir='ltr'><strong>adhuc</strong></span> <span class='ocrx_word' id='word_1_354' title='bbox 1934 2882 2098 2954; x_wconf 88' lang='lat' dir='ltr'><strong>usitatum</strong></span> <span class='ocrx_word' id='word_1_355' title='bbox 2119 2893 2172 2947; x_wconf 84' lang='lat' dir='ltr'><strong>est.</strong></span> 
     </span>
     <span class='ocr_line' id='line_1_28' title="bbox 163 2980 2174 3078; baseline -0.004 -22"><span class='ocrx_word' id='word_1_356' title='bbox 163 3002 267 3069; x_wconf 90' lang='lat' dir='ltr'><strong>runt,</strong></span> <span class='ocrx_word' id='word_1_357' title='bbox 293 2988 401 3057; x_wconf 89' lang='lat' dir='ltr'><strong>fuisse</strong></span> <span class='ocrx_word' id='word_1_358' title='bbox 421 2983 579 3055; x_wconf 84' lang='lat' dir='ltr'><strong>Henetus</strong></span> <span class='ocrx_word' id='word_1_359' title='bbox 605 3007 647 3052; x_wconf 85' lang='lat' dir='ltr'><strong>ex</strong></span> <span class='ocrx_word' id='word_1_360' title='bbox 667 2981 825 3052; x_wconf 91' lang='lat' dir='ltr'><strong>Homero</strong></span> <span class='ocrx_word' id='word_1_361' title='bbox 851 2997 886 3053; x_wconf 85' lang='lat' dir='ltr'><strong>et</strong></span> <span class='ocrx_word' id='word_1_362' title='bbox 907 2980 1149 3073; x_wconf 80' lang='lat' dir='ltr'><strong>Argonautica</strong></span> <span class='ocrx_word' id='word_1_363' title='bbox 1199 2983 1305 3056; x_wconf 87' lang='lat' dir='ltr'><strong>Unde</strong></span> <span class='ocrx_word' id='word_1_364' title='bbox 1320 2999 1436 3057; x_wconf 88' lang='lat' dir='ltr'><strong>autem</strong></span> <span class='ocrx_word' id='word_1_365' title='bbox 1451 2987 1498 3057; x_wconf 91' lang='lat' dir='ltr'><strong>sit</strong></span> <span class='ocrx_word' id='word_1_366' title='bbox 1515 3011 1646 3057; x_wconf 89' lang='lat' dir='ltr'><strong>nomen</strong></span> <span class='ocrx_word' id='word_1_367' title='bbox 1663 2984 1856 3068; x_wconf 90' lang='lat' dir='ltr'><strong>Germani,</strong></span> <span class='ocrx_word' id='word_1_368' title='bbox 1882 2987 1987 3078; x_wconf 91' lang='lat' dir='ltr'><strong>quod</strong></span> <span class='ocrx_word' id='word_1_369' title='bbox 2011 2985 2091 3054; x_wconf 89' lang='lat' dir='ltr'><strong>olim</strong></span> <span class='ocrx_word' id='word_1_370' title='bbox 2109 2981 2174 3050; x_wconf 91' lang='lat' dir='ltr'><strong>usi·</strong></span> 
     </span>
     <span class='ocr_line' id='line_1_29' title="bbox 164 3076 2179 3179; baseline -0.004 -19"><span class='ocrx_word' id='word_1_371' title='bbox 164 3090 320 3160; x_wconf 90' lang='lat' dir='ltr'><strong>carmine</strong></span> <span class='ocrx_word' id='word_1_372' title='bbox 335 3101 488 3179; x_wconf 87' lang='lat' dir='ltr'><strong>apparet.</strong></span> <span class='ocrx_word' id='word_1_373' title='bbox 513 3084 574 3157; x_wconf 93' lang='lat' dir='ltr'><strong>Sic</strong></span> <span class='ocrx_word' id='word_1_374' title='bbox 588 3084 684 3154; x_wconf 91' lang='lat' dir='ltr'><strong>enim</strong></span> <span class='ocrx_word' id='word_1_375' title='bbox 703 3084 818 3176; x_wconf 89' lang='lat' dir='ltr'><strong>inquit</strong></span> <span class='ocrx_word' id='word_1_376' title='bbox 835 3076 1067 3173; x_wconf 78' lang='lat' dir='ltr'><strong>Apollonius:</strong></span> <span class='ocrx_word' id='word_1_377' title='bbox 1199 3087 1307 3157; x_wconf 87' lang='lat' dir='ltr'><strong>tatius</strong></span> <span class='ocrx_word' id='word_1_378' title='bbox 1321 3088 1406 3169; x_wconf 90' lang='lat' dir='ltr'><strong>fuit,</strong></span> <span class='ocrx_word' id='word_1_379' title='bbox 1432 3088 1565 3159; x_wconf 91' lang='lat' dir='ltr'><strong>mirum</strong></span> <span class='ocrx_word' id='word_1_380' title='bbox 1589 3102 1652 3160; x_wconf 91' lang='lat' dir='ltr'><strong>est.</strong></span> <span class='ocrx_word' id='word_1_381' title='bbox 1705 3086 1861 3177; x_wconf 86' lang='lat' dir='ltr'><strong>Quidam</strong></span> <span class='ocrx_word' id='word_1_382' title='bbox 1878 3088 2006 3179; x_wconf 90' lang='lat' dir='ltr'><strong>inepte</strong></span> <span class='ocrx_word' id='word_1_383' title='bbox 2020 3088 2179 3175; x_wconf 87' lang='lat' dir='ltr'><strong>tingunta</strong></span> 
     </span>
    </p>

    <p class='ocr_par' dir='ltr' id='par_1_6' title="bbox 259 3176 2181 3272">
     <span class='ocr_line' id='line_1_30' title="bbox 259 3176 2181 3272; baseline -0.01 1"><span class='ocrx_word' id='word_1_384' title='bbox 259 3182 500 3272; x_wconf 51' lang='grc' dir='ltr'><strong>Παφλαγόνων»</strong></span> <span class='ocrx_word' id='word_1_385' title='bbox 521 3191 619 3249; x_wconf 58' lang='grc' dir='ltr'><strong>τοῖσιν</strong></span> <span class='ocrx_word' id='word_1_386' title='bbox 638 3179 673 3245; x_wconf 71' lang='grc' dir='ltr'><strong>δ’</strong></span> <span class='ocrx_word' id='word_1_387' title='bbox 690 3176 844 3264; x_wconf 64' lang='lat' dir='ltr'><strong>‘Ererrji&#39;or</strong></span> <span class='ocrx_word' id='word_1_388' title='bbox 864 3180 1056 3262; x_wconf 63' lang='lat' dir='ltr'><strong>itflwfltvt·</strong></span> <span class='ocrx_word' id='word_1_389' title='bbox 1197 3185 1373 3259; x_wconf 88' lang='lat' dir='ltr'><strong>Romanis</strong></span> <span class='ocrx_word' id='word_1_390' title='bbox 1396 3204 1538 3260; x_wconf 91' lang='lat' dir='ltr'><strong>nostros</strong></span> <span class='ocrx_word' id='word_1_391' title='bbox 1560 3184 1723 3260; x_wconf 91' lang='lat' dir='ltr'><strong>homiues</strong></span> <span class='ocrx_word' id='word_1_392' title='bbox 1744 3191 1857 3260; x_wconf 90' lang='lat' dir='ltr'><strong>dictos</strong></span> <span class='ocrx_word' id='word_1_393' title='bbox 1884 3213 1964 3260; x_wconf 89' lang='lat' dir='ltr'><strong>esse</strong></span> <span class='ocrx_word' id='word_1_394' title='bbox 1984 3187 2181 3270; x_wconf 87' lang='lat' dir='ltr'><strong>Germanos,</strong></span> 
     </span>
    </p>

    <p class='ocr_par' dir='ltr' id='par_1_7' title="bbox 61 3279 2181 4814">
     <span class='ocr_line' id='line_1_31' title="bbox 265 3279 2180 3386; baseline -0.001 -25"><span class='ocrx_word' id='word_1_395' title='bbox 265 3289 446 3380; x_wconf 86' lang='lat' dir='ltr'><strong>Progressi</strong></span> <span class='ocrx_word' id='word_1_396' title='bbox 461 3302 578 3360; x_wconf 90' lang='lat' dir='ltr'><strong>autem</strong></span> <span class='ocrx_word' id='word_1_397' title='bbox 593 3284 724 3357; x_wconf 89' lang='lat' dir='ltr'><strong>Heneti</strong></span> <span class='ocrx_word' id='word_1_398' title='bbox 742 3285 780 3353; x_wconf 93' lang='lat' dir='ltr'><strong>in</strong></span> <span class='ocrx_word' id='word_1_399' title='bbox 803 3285 923 3355; x_wconf 87' lang='lat' dir='ltr'><strong>littore</strong></span> <span class='ocrx_word' id='word_1_400' title='bbox 943 3285 1052 3355; x_wconf 92' lang='lat' dir='ltr'><strong>maris</strong></span> <span class='ocrx_word' id='word_1_401' title='bbox 1073 3279 1151 3357; x_wconf 83' lang='lat' dir='ltr'><strong>Eu·</strong></span> <span class='ocrx_word' id='word_1_402' title='bbox 1199 3290 1320 3373; x_wconf 91' lang='lat' dir='ltr'><strong>idest,</strong></span> <span class='ocrx_word' id='word_1_403' title='bbox 1346 3292 1472 3363; x_wconf 89' lang='lat' dir='ltr'><strong>fratres</strong></span> <span class='ocrx_word' id='word_1_404' title='bbox 1488 3291 1697 3382; x_wconf 89' lang='lat' dir='ltr'><strong>Gallorum,</strong></span> <span class='ocrx_word' id='word_1_405' title='bbox 1724 3294 1819 3386; x_wconf 91' lang='lat' dir='ltr'><strong>quod</strong></span> <span class='ocrx_word' id='word_1_406' title='bbox 1836 3292 1978 3382; x_wconf 89' lang='lat' dir='ltr'><strong>lingua,</strong></span> <span class='ocrx_word' id='word_1_407' title='bbox 2004 3286 2180 3361; x_wconf 87' lang='lat' dir='ltr'><strong>habituset</strong></span> 
     </span>
     <span class='ocr_line' id='line_1_32' title="bbox 163 3383 2094 3482; baseline -0.004 -8"><span class='ocrx_word' id='word_1_408' title='bbox 163 3392 260 3473; x_wconf 76' lang='lat' dir='ltr'><strong>riui,</strong></span> <span class='ocrx_word' id='word_1_409' title='bbox 286 3392 554 3482; x_wconf 73' lang='lat' dir='ltr'><strong>compleverunt</strong></span> <span class='ocrx_word' id='word_1_410' title='bbox 582 3410 746 3476; x_wconf 83' lang='lat' dir='ltr'><strong>magnam</strong></span> <span class='ocrx_word' id='word_1_411' title='bbox 775 3399 911 3479; x_wconf 91' lang='lat' dir='ltr'><strong>partem</strong></span> <span class='ocrx_word' id='word_1_412' title='bbox 934 3386 1054 3459; x_wconf 89' lang='lat' dir='ltr'><strong>lateris</strong></span> <span class='ocrx_word' id='word_1_413' title='bbox 1078 3383 1167 3458; x_wconf 62' lang='lat' dir='ltr'><strong>Ar-</strong></span> <span class='ocrx_word' id='word_1_414' title='bbox 1198 3416 1314 3463; x_wconf 88' lang='lat' dir='ltr'><strong>mores</strong></span> <span class='ocrx_word' id='word_1_415' title='bbox 1331 3390 1521 3476; x_wconf 90' lang='lat' dir='ltr'><strong>Gallorum</strong></span> <span class='ocrx_word' id='word_1_416' title='bbox 1536 3406 1572 3464; x_wconf 91' lang='lat' dir='ltr'><strong>et</strong></span> <span class='ocrx_word' id='word_1_417' title='bbox 1585 3391 1791 3464; x_wconf 89' lang='lat' dir='ltr'><strong>Teutonum</strong></span> <span class='ocrx_word' id='word_1_418' title='bbox 1807 3393 1946 3464; x_wconf 86' lang='lat' dir='ltr'><strong>similes</strong></span> <span class='ocrx_word' id='word_1_419' title='bbox 1964 3407 2094 3467; x_wconf 77' lang='lat' dir='ltr'><strong>essent.</strong></span> 
     </span>
     <span class='ocr_line' id='line_1_33' title="bbox 164 3485 2180 3591; baseline -0.007 -26"><span class='ocrx_word' id='word_1_420' title='bbox 164 3495 236 3566; x_wconf 90' lang='lat' dir='ltr'><strong>ctoi</strong></span> <span class='ocrx_word' id='word_1_421' title='bbox 250 3494 289 3563; x_wconf 91' lang='lat' dir='ltr'><strong>in</strong></span> <span class='ocrx_word' id='word_1_422' title='bbox 308 3490 464 3583; x_wconf 81' lang='lat' dir='ltr'><strong>Europa,</strong></span> <span class='ocrx_word' id='word_1_423' title='bbox 479 3504 514 3561; x_wconf 91' lang='lat' dir='ltr'><strong>et</strong></span> <span class='ocrx_word' id='word_1_424' title='bbox 530 3485 647 3560; x_wconf 89' lang='lat' dir='ltr'><strong>adhuc</strong></span> <span class='ocrx_word' id='word_1_425' title='bbox 663 3500 784 3558; x_wconf 87' lang='lat' dir='ltr'><strong>tenent</strong></span> <span class='ocrx_word' id='word_1_426' title='bbox 799 3511 856 3558; x_wconf 86' lang='lat' dir='ltr'><strong>eas</strong></span> <span class='ocrx_word' id='word_1_427' title='bbox 871 3488 1043 3591; x_wconf 82' lang='lat' dir='ltr'><strong>regiones,</strong></span> <span class='ocrx_word' id='word_1_428' title='bbox 1061 3513 1150 3582; x_wconf 88' lang='lat' dir='ltr'><strong>quae</strong></span> <span class='ocrx_word' id='word_1_429' title='bbox 1300 3494 1407 3567; x_wconf 78' lang='lat' dir='ltr'><strong>Unde</strong></span> <span class='ocrx_word' id='word_1_430' title='bbox 1420 3509 1538 3567; x_wconf 67' lang='lat' dir='ltr'><strong>antem</strong></span> <span class='ocrx_word' id='word_1_431' title='bbox 1553 3520 1685 3579; x_wconf 65' lang='lat' dir='ltr'><strong>nomen</strong></span> <span class='ocrx_word' id='word_1_432' title='bbox 1706 3495 1753 3566; x_wconf 68' lang='lat' dir='ltr'><strong>sit</strong></span> <span class='ocrx_word' id='word_1_433' title='bbox 1768 3493 1988 3582; x_wconf 68' lang='lat' dir='ltr'><strong>Gallorum,</strong></span> <span class='ocrx_word' id='word_1_434' title='bbox 2014 3491 2104 3564; x_wconf 76' lang='lat' dir='ltr'><strong>nihil</strong></span> <span class='ocrx_word' id='word_1_435' title='bbox 2124 3494 2180 3563; x_wconf 71' lang='lat' dir='ltr'><strong>dn.</strong></span> 
     </span>
     <span class='ocr_line' id='line_1_34' title="bbox 162 3588 2173 3688; baseline -0.001 -24"><span class='ocrx_word' id='word_1_436' title='bbox 162 3620 260 3667; x_wconf 91' lang='lat' dir='ltr'><strong>nunc</strong></span> <span class='ocrx_word' id='word_1_437' title='bbox 293 3596 545 3678; x_wconf 91' lang='lat' dir='ltr'><strong>nominantur,</strong></span> <span class='ocrx_word' id='word_1_438' title='bbox 593 3588 724 3663; x_wconf 87' lang='lat' dir='ltr'><strong>Russia</strong></span> <span class='ocrx_word' id='word_1_439' title='bbox 756 3588 943 3675; x_wconf 76' lang='lat' dir='ltr'><strong>Lituania&#39;,</strong></span> <span class='ocrx_word' id='word_1_440' title='bbox 986 3589 1149 3662; x_wconf 92' lang='lat' dir='ltr'><strong>Polonia.</strong></span> <span class='ocrx_word' id='word_1_441' title='bbox 1198 3597 1298 3667; x_wconf 92' lang='lat' dir='ltr'><strong>bium</strong></span> <span class='ocrx_word' id='word_1_442' title='bbox 1324 3610 1387 3670; x_wconf 90' lang='lat' dir='ltr'><strong>est.</strong></span> <span class='ocrx_word' id='word_1_443' title='bbox 1438 3597 1530 3668; x_wconf 90' lang='lat' dir='ltr'><strong>Nam</strong></span> <span class='ocrx_word' id='word_1_444' title='bbox 1555 3597 1683 3672; x_wconf 55' lang='lat' dir='ltr'><strong>{Sallen</strong></span> <span class='ocrx_word' id='word_1_445' title='bbox 1704 3597 1744 3666; x_wconf 91' lang='lat' dir='ltr'><strong>in</strong></span> <span class='ocrx_word' id='word_1_446' title='bbox 1765 3598 1888 3688; x_wconf 89' lang='lat' dir='ltr'><strong>lingua</strong></span> <span class='ocrx_word' id='word_1_447' title='bbox 1914 3597 2118 3670; x_wconf 70' lang='lat' dir='ltr'><strong>Teutonico</strong></span> <span class='ocrx_word' id='word_1_448' title='bbox 2134 3595 2173 3663; x_wconf 86' lang='lat' dir='ltr'><strong>si·</strong></span> 
     </span>
     <span class='ocr_line' id='line_1_35' title="bbox 163 3690 2175 3795; baseline -0.001 -28"><span class='ocrx_word' id='word_1_449' title='bbox 163 3693 213 3768; x_wconf 82' lang='lat' dir='ltr'><strong>Et</strong></span> <span class='ocrx_word' id='word_1_450' title='bbox 242 3698 364 3785; x_wconf 92' lang='lat' dir='ltr'><strong>lingua</strong></span> <span class='ocrx_word' id='word_1_451' title='bbox 390 3710 424 3766; x_wconf 92' lang='lat' dir='ltr'><strong>et</strong></span> <span class='ocrx_word' id='word_1_452' title='bbox 451 3717 585 3763; x_wconf 89' lang='lat' dir='ltr'><strong>nomen</strong></span> <span class='ocrx_word' id='word_1_453' title='bbox 605 3690 762 3762; x_wconf 75' lang='lat' dir='ltr'><strong>Venetae</strong></span> <span class='ocrx_word' id='word_1_454' title='bbox 789 3692 944 3782; x_wconf 90' lang='lat' dir='ltr'><strong>regionis</strong></span> <span class='ocrx_word' id='word_1_455' title='bbox 965 3693 1011 3762; x_wconf 92' lang='lat' dir='ltr'><strong>ad</strong></span> <span class='ocrx_word' id='word_1_456' title='bbox 1031 3693 1149 3763; x_wconf 87' lang='lat' dir='ltr'><strong>sinum</strong></span> <span class='ocrx_word' id='word_1_457' title='bbox 1198 3699 1340 3790; x_wconf 86' lang='lat' dir='ltr'><strong>gnificat</strong></span> <span class='ocrx_word' id='word_1_458' title='bbox 1355 3700 1585 3793; x_wconf 88' lang='lat' dir='ltr'><strong>peregrinari,</strong></span> <span class='ocrx_word' id='word_1_459' title='bbox 1601 3713 1635 3770; x_wconf 90' lang='lat' dir='ltr'><strong>et</strong></span> <span class='ocrx_word' id='word_1_460' title='bbox 1649 3701 1786 3795; x_wconf 86' lang='lat' dir='ltr'><strong>aliquas</strong></span> <span class='ocrx_word' id='word_1_461' title='bbox 1801 3714 1946 3771; x_wconf 90' lang='lat' dir='ltr'><strong>nostras</strong></span> <span class='ocrx_word' id='word_1_462' title='bbox 1964 3692 2175 3792; x_wconf 85' lang='lat' dir='ltr'><strong>genteslihe-</strong></span> 
     </span>
     <span class='ocr_line' id='line_1_36' title="bbox 162 3791 2179 3892; baseline 0 -23"><span class='ocrx_word' id='word_1_463' title='bbox 162 3795 388 3871; x_wconf 81' lang='lat' dir='ltr'><strong>Adriaticum</strong></span> <span class='ocrx_word' id='word_1_464' title='bbox 419 3796 630 3879; x_wconf 91' lang='lat' dir='ltr'><strong>ostendunt,</strong></span> <span class='ocrx_word' id='word_1_465' title='bbox 668 3792 828 3864; x_wconf 90' lang='lat' dir='ltr'><strong>Henetos</strong></span> <span class='ocrx_word' id='word_1_466' title='bbox 850 3793 890 3865; x_wconf 92' lang='lat' dir='ltr'><strong>in</strong></span> <span class='ocrx_word' id='word_1_467' title='bbox 913 3791 1096 3889; x_wconf 90' lang='lat' dir='ltr'><strong>lllyricum</strong></span> <span class='ocrx_word' id='word_1_468' title='bbox 1117 3807 1150 3866; x_wconf 91' lang='lat' dir='ltr'><strong>et</strong></span> <span class='ocrx_word' id='word_1_469' title='bbox 1198 3825 1286 3872; x_wconf 92' lang='lat' dir='ltr'><strong>num</strong></span> <span class='ocrx_word' id='word_1_470' title='bbox 1307 3815 1541 3892; x_wconf 88' lang='lat' dir='ltr'><strong>transgressas</strong></span> <span class='ocrx_word' id='word_1_471' title='bbox 1561 3803 1599 3871; x_wconf 92' lang='lat' dir='ltr'><strong>in</strong></span> <span class='ocrx_word' id='word_1_472' title='bbox 1623 3802 1711 3873; x_wconf 90' lang='lat' dir='ltr'><strong>locis</strong></span> <span class='ocrx_word' id='word_1_473' title='bbox 1735 3801 1978 3874; x_wconf 83' lang='lat' dir='ltr'><strong>fertilioribus</strong></span> <span class='ocrx_word' id='word_1_474' title='bbox 1998 3799 2179 3876; x_wconf 82' lang='lat' dir='ltr'><strong>consedisse</strong></span> 
     </span>
     <span class='ocr_line' id='line_1_37' title="bbox 161 3891 2179 3994; baseline 0.002 -26"><span class='ocrx_word' id='word_1_475' title='bbox 161 3901 298 3972; x_wconf 79' lang='lat' dir='ltr'><strong>vicinas</strong></span> <span class='ocrx_word' id='word_1_476' title='bbox 312 3900 473 3991; x_wconf 90' lang='lat' dir='ltr'><strong>regiones</strong></span> <span class='ocrx_word' id='word_1_477' title='bbox 488 3917 691 3991; x_wconf 89' lang='lat' dir='ltr'><strong>progressos</strong></span> <span class='ocrx_word' id='word_1_478' title='bbox 708 3917 799 3980; x_wconf 90' lang='lat' dir='ltr'><strong>esse,</strong></span> <span class='ocrx_word' id='word_1_479' title='bbox 824 3896 898 3965; x_wconf 85' lang='lat' dir='ltr'><strong>sive</strong></span> <span class='ocrx_word' id='word_1_480' title='bbox 912 3891 1151 3967; x_wconf 87' lang='lat' dir='ltr'><strong>abAntenore</strong></span> <span class='ocrx_word' id='word_1_481' title='bbox 1198 3903 1345 3973; x_wconf 89' lang='lat' dir='ltr'><strong>nomina</strong></span> <span class='ocrx_word' id='word_1_482' title='bbox 1364 3907 1574 3988; x_wconf 91' lang='lat' dir='ltr'><strong>ostendunt,</strong></span> <span class='ocrx_word' id='word_1_483' title='bbox 1594 3918 1634 3975; x_wconf 91' lang='lat' dir='ltr'><strong>ut</strong></span> <span class='ocrx_word' id='word_1_484' title='bbox 1654 3902 1811 3994; x_wconf 88' lang='lat' dir='ltr'><strong>Tungri,</strong></span> <span class='ocrx_word' id='word_1_485' title='bbox 1836 3903 2030 3994; x_wconf 88' lang='lat' dir='ltr'><strong>Senones,</strong></span> <span class='ocrx_word' id='word_1_486' title='bbox 2054 3921 2090 3978; x_wconf 91' lang='lat' dir='ltr'><strong>et</strong></span> <span class='ocrx_word' id='word_1_487' title='bbox 2106 3903 2179 3974; x_wconf 83' lang='lat' dir='ltr'><strong>aliae</strong></span> 
     </span>
     <span class='ocr_line' id='line_1_38' title="bbox 163 3994 2181 4099; baseline -0.001 -24"><span class='ocrx_word' id='word_1_488' title='bbox 163 4026 204 4075; x_wconf 87' lang='lat' dir='ltr'><strong>eo</strong></span> <span class='ocrx_word' id='word_1_489' title='bbox 229 4004 325 4074; x_wconf 90' lang='lat' dir='ltr'><strong>ducti</strong></span> <span class='ocrx_word' id='word_1_490' title='bbox 348 4016 432 4074; x_wconf 90' lang='lat' dir='ltr'><strong>sunt</strong></span> <span class='ocrx_word' id='word_1_491' title='bbox 459 4024 500 4070; x_wconf 88' lang='lat' dir='ltr'><strong>ex</strong></span> <span class='ocrx_word' id='word_1_492' title='bbox 522 3998 626 4080; x_wconf 85' lang='lat' dir='ltr'><strong>Asia,</strong></span> <span class='ocrx_word' id='word_1_493' title='bbox 652 3999 726 4068; x_wconf 86' lang='lat' dir='ltr'><strong>sive</strong></span> <span class='ocrx_word' id='word_1_494' title='bbox 745 4022 825 4068; x_wconf 93' lang='lat' dir='ltr'><strong>cum</strong></span> <span class='ocrx_word' id='word_1_495' title='bbox 847 3999 916 4067; x_wconf 89' lang='lat' dir='ltr'><strong>iam</strong></span> <span class='ocrx_word' id='word_1_496' title='bbox 939 3999 979 4070; x_wconf 92' lang='lat' dir='ltr'><strong>in</strong></span> <span class='ocrx_word' id='word_1_497' title='bbox 1004 3994 1150 4092; x_wconf 82' lang='lat' dir='ltr'><strong>Europa</strong></span> <span class='ocrx_word' id='word_1_498' title='bbox 1198 4007 1370 4099; x_wconf 89' lang='lat' dir='ltr'><strong>quaedam</strong></span> <span class='ocrx_word' id='word_1_499' title='bbox 1394 4006 1661 4098; x_wconf 85' lang='lat' dir='ltr'><strong>appellationes.</strong></span> <span class='ocrx_word' id='word_1_500' title='bbox 1718 4003 1858 4075; x_wconf 89' lang='lat' dir='ltr'><strong>Nomen</strong></span> <span class='ocrx_word' id='word_1_501' title='bbox 1890 4006 2011 4096; x_wconf 85' lang='lat' dir='ltr'><strong>igitur</strong></span> <span class='ocrx_word' id='word_1_502' title='bbox 2040 4004 2181 4079; x_wconf 83' lang='lat' dir='ltr'><strong>universi</strong></span> 
     </span>
     <span class='ocr_line' id='line_1_39' title="bbox 161 4095 2180 4205; baseline 0.001 -30"><span class='ocrx_word' id='word_1_503' title='bbox 161 4119 298 4191; x_wconf 90' lang='lat' dir='ltr'><strong>essent,</strong></span> <span class='ocrx_word' id='word_1_504' title='bbox 330 4103 500 4197; x_wconf 91' lang='lat' dir='ltr'><strong>paulatim</strong></span> <span class='ocrx_word' id='word_1_505' title='bbox 524 4103 603 4173; x_wconf 90' lang='lat' dir='ltr'><strong>aliis</strong></span> <span class='ocrx_word' id='word_1_506' title='bbox 626 4099 871 4172; x_wconf 87' lang='lat' dir='ltr'><strong>occasionibus</strong></span> <span class='ocrx_word' id='word_1_507' title='bbox 892 4095 936 4170; x_wconf 87' lang='lat' dir='ltr'><strong>ad</strong></span> <span class='ocrx_word' id='word_1_508' title='bbox 958 4098 1149 4170; x_wconf 92' lang='lat' dir='ltr'><strong>Meridiem</strong></span> <span class='ocrx_word' id='word_1_509' title='bbox 1197 4131 1217 4176; x_wconf 91' lang='lat' dir='ltr'><strong>a</strong></span> <span class='ocrx_word' id='word_1_510' title='bbox 1235 4109 1492 4199; x_wconf 86' lang='lat' dir='ltr'><strong>peregrinando</strong></span> <span class='ocrx_word' id='word_1_511' title='bbox 1508 4108 1577 4177; x_wconf 88' lang='lat' dir='ltr'><strong>sibi</strong></span> <span class='ocrx_word' id='word_1_512' title='bbox 1595 4108 1803 4178; x_wconf 90' lang='lat' dir='ltr'><strong>indiderunt</strong></span> <span class='ocrx_word' id='word_1_513' title='bbox 1821 4105 2007 4196; x_wconf 91' lang='lat' dir='ltr'><strong>Wallen,</strong></span> <span class='ocrx_word' id='word_1_514' title='bbox 2032 4111 2180 4205; x_wconf 85' lang='lat' dir='ltr'><strong>quodest</strong></span> 
     </span>
     <span class='ocr_line' id='line_1_40' title="bbox 162 4201 2179 4302; baseline -0.001 -26"><span class='ocrx_word' id='word_1_515' title='bbox 162 4221 409 4298; x_wconf 87' lang='lat' dir='ltr'><strong>processerunt</strong></span> <span class='ocrx_word' id='word_1_516' title='bbox 435 4205 474 4274; x_wconf 91' lang='lat' dir='ltr'><strong>in</strong></span> <span class='ocrx_word' id='word_1_517' title='bbox 506 4218 617 4275; x_wconf 90' lang='lat' dir='ltr'><strong>terras</strong></span> <span class='ocrx_word' id='word_1_518' title='bbox 638 4203 814 4287; x_wconf 87' lang='lat' dir='ltr'><strong>mitiores,</strong></span> <span class='ocrx_word' id='word_1_519' title='bbox 847 4201 967 4272; x_wconf 90' lang='lat' dir='ltr'><strong>minus</strong></span> <span class='ocrx_word' id='word_1_520' title='bbox 992 4203 1150 4293; x_wconf 88' lang='lat' dir='ltr'><strong>frigidas,</strong></span> <span class='ocrx_word' id='word_1_521' title='bbox 1199 4205 1308 4279; x_wconf 93' lang='lat' dir='ltr'><strong>Galli.</strong></span> <span class='ocrx_word' id='word_1_522' title='bbox 1360 4208 1434 4280; x_wconf 88' lang='lat' dir='ltr'><strong>Nec</strong></span> <span class='ocrx_word' id='word_1_523' title='bbox 1457 4233 1542 4279; x_wconf 89' lang='lat' dir='ltr'><strong>vero</strong></span> <span class='ocrx_word' id='word_1_524' title='bbox 1563 4209 1837 4302; x_wconf 89' lang='lat' dir='ltr'><strong>appellationem</strong></span> <span class='ocrx_word' id='word_1_525' title='bbox 1863 4206 2096 4283; x_wconf 63' lang='lat' dir='ltr'><strong>Germaniae</strong></span> <span class='ocrx_word' id='word_1_526' title='bbox 2113 4208 2179 4281; x_wconf 76' lang='lat' dir='ltr'><strong>tati-</strong></span> 
     </span>
     <span class='ocr_line' id='line_1_41' title="bbox 61 4294 2179 4409; baseline 0.002 -31"><span class='ocrx_word' id='word_1_527' title='bbox 61 4294 83 4343; x_wconf 76' lang='lat'><strong>·⁴</strong></span> <span class='ocrx_word' id='word_1_528' title='bbox 162 4323 198 4379; x_wconf 92' lang='lat' dir='ltr'><strong>et</strong></span> <span class='ocrx_word' id='word_1_529' title='bbox 211 4310 354 4399; x_wconf 87' lang='lat' dir='ltr'><strong>frugum</strong></span> <span class='ocrx_word' id='word_1_530' title='bbox 369 4306 490 4379; x_wconf 89' lang='lat' dir='ltr'><strong>etvini</strong></span> <span class='ocrx_word' id='word_1_531' title='bbox 507 4306 648 4379; x_wconf 89' lang='lat' dir='ltr'><strong>feraces.</strong></span> <span class='ocrx_word' id='word_1_532' title='bbox 702 4303 1061 4374; x_wconf 85' lang='lat' dir='ltr'><strong>lndeeffusisuntin</strong></span> <span class='ocrx_word' id='word_1_533' title='bbox 1084 4299 1148 4376; x_wconf 86' lang='lat' dir='ltr'><strong>bas</strong></span> <span class='ocrx_word' id='word_1_534' title='bbox 1197 4334 1280 4380; x_wconf 90' lang='lat' dir='ltr'><strong>uam</strong></span> <span class='ocrx_word' id='word_1_535' title='bbox 1296 4333 1370 4382; x_wconf 88' lang='lat' dir='ltr'><strong>esse</strong></span> <span class='ocrx_word' id='word_1_536' title='bbox 1385 4311 1562 4397; x_wconf 91' lang='lat' dir='ltr'><strong>arbitror,</strong></span> <span class='ocrx_word' id='word_1_537' title='bbox 1589 4311 1650 4380; x_wconf 91' lang='lat' dir='ltr'><strong>sed</strong></span> <span class='ocrx_word' id='word_1_538' title='bbox 1673 4334 1754 4382; x_wconf 91' lang='lat' dir='ltr'><strong>cum</strong></span> <span class='ocrx_word' id='word_1_539' title='bbox 1775 4311 1903 4381; x_wconf 88' lang='lat' dir='ltr'><strong>iisdem</strong></span> <span class='ocrx_word' id='word_1_540' title='bbox 1927 4315 2087 4409; x_wconf 88' lang='lat' dir='ltr'><strong>syllabis</strong></span> <span class='ocrx_word' id='word_1_541' title='bbox 2103 4310 2179 4405; x_wconf 79' lang='lat' dir='ltr'><strong>aput</strong></span> 
     </span>
     <span class='ocr_line' id='line_1_42' title="bbox 161 4401 2178 4508; baseline 0.001 -28"><span class='ocrx_word' id='word_1_542' title='bbox 161 4411 324 4500; x_wconf 86' lang='lat' dir='ltr'><strong>regiones</strong></span> <span class='ocrx_word' id='word_1_543' title='bbox 357 4411 450 4479; x_wconf 89' lang='lat' dir='ltr'><strong>inter</strong></span> <span class='ocrx_word' id='word_1_544' title='bbox 472 4405 643 4478; x_wconf 84' lang='lat' dir='ltr'><strong>Fistulam</strong></span> <span class='ocrx_word' id='word_1_545' title='bbox 670 4419 705 4476; x_wconf 88' lang='lat' dir='ltr'><strong>et</strong></span> <span class='ocrx_word' id='word_1_546' title='bbox 727 4401 874 4490; x_wconf 77' lang='lat' dir='ltr'><strong>Albim,</strong></span> <span class='ocrx_word' id='word_1_547' title='bbox 896 4419 930 4477; x_wconf 89' lang='lat' dir='ltr'><strong>et</strong></span> <span class='ocrx_word' id='word_1_548' title='bbox 952 4429 1148 4497; x_wconf 88' lang='lat' dir='ltr'><strong>occupave-</strong></span> <span class='ocrx_word' id='word_1_549' title='bbox 1195 4410 1420 4483; x_wconf 91' lang='lat' dir='ltr'><strong>Herodotum</strong></span> <span class='ocrx_word' id='word_1_550' title='bbox 1443 4412 1698 4505; x_wconf 91' lang='lat' dir='ltr'><strong>appellationes</strong></span> <span class='ocrx_word' id='word_1_551' title='bbox 1721 4411 1918 4500; x_wconf 89' lang='lat' dir='ltr'><strong>Gentium,</strong></span> <span class='ocrx_word' id='word_1_552' title='bbox 1952 4440 2053 4508; x_wconf 86' lang='lat' dir='ltr'><strong>quae</strong></span> <span class='ocrx_word' id='word_1_553' title='bbox 2081 4412 2178 4487; x_wconf 79' lang='lat' dir='ltr'><strong>Persis</strong></span> 
     </span>
     <span class='ocr_line' id='line_1_43' title="bbox 159 4506 2179 4610; baseline 0.004 -27"><span class='ocrx_word' id='word_1_554' title='bbox 159 4526 249 4584; x_wconf 88' lang='lat' dir='ltr'><strong>runt</strong></span> <span class='ocrx_word' id='word_1_555' title='bbox 269 4509 489 4591; x_wconf 89' lang='lat' dir='ltr'><strong>Boiemiam,</strong></span> <span class='ocrx_word' id='word_1_556' title='bbox 519 4509 558 4577; x_wconf 88' lang='lat' dir='ltr'><strong>in</strong></span> <span class='ocrx_word' id='word_1_557' title='bbox 584 4532 654 4602; x_wconf 91' lang='lat' dir='ltr'><strong>qua</strong></span> <span class='ocrx_word' id='word_1_558' title='bbox 678 4520 780 4578; x_wconf 90' lang='lat' dir='ltr'><strong>antea</strong></span> <span class='ocrx_word' id='word_1_559' title='bbox 801 4507 943 4577; x_wconf 90' lang='lat' dir='ltr'><strong>fuerant</strong></span> <span class='ocrx_word' id='word_1_560' title='bbox 964 4506 1147 4579; x_wconf 90' lang='lat' dir='ltr'><strong>Hermun-</strong></span> <span class='ocrx_word' id='word_1_561' title='bbox 1195 4514 1334 4584; x_wconf 91' lang='lat' dir='ltr'><strong>vicinae</strong></span> <span class='ocrx_word' id='word_1_562' title='bbox 1355 4515 1522 4600; x_wconf 90' lang='lat' dir='ltr'><strong>fuerunt,</strong></span> <span class='ocrx_word' id='word_1_563' title='bbox 1554 4515 1626 4586; x_wconf 89' lang='lat' dir='ltr'><strong>sint</strong></span> <span class='ocrx_word' id='word_1_564' title='bbox 1646 4506 1869 4610; x_wconf 79' lang='grc' dir='ltr'><strong>Γερμάνιοι,</strong></span> <span class='ocrx_word' id='word_1_565' title='bbox 1900 4510 2027 4604; x_wconf 80' lang='grc' dir='ltr'><strong>Δάοι,</strong></span> <span class='ocrx_word' id='word_1_566' title='bbox 2056 4510 2179 4603; x_wconf 74' lang='grc' dir='ltr'><strong>Σάκαι,</strong></span> 
     </span>
     <span class='ocr_line' id='line_1_44' title="bbox 160 4606 2180 4710; baseline 0.001 -26"><span class='ocrx_word' id='word_1_567' title='bbox 160 4614 244 4687; x_wconf 89' lang='lat' dir='ltr'><strong>duri</strong></span> <span class='ocrx_word' id='word_1_568' title='bbox 269 4627 305 4686; x_wconf 92' lang='lat' dir='ltr'><strong>et</strong></span> <span class='ocrx_word' id='word_1_569' title='bbox 330 4611 432 4694; x_wconf 89' lang='lat' dir='ltr'><strong>Boii,</strong></span> <span class='ocrx_word' id='word_1_570' title='bbox 465 4623 500 4681; x_wconf 92' lang='lat' dir='ltr'><strong>et</strong></span> <span class='ocrx_word' id='word_1_571' title='bbox 533 4609 801 4700; x_wconf 83' lang='lat' dir='ltr'><strong>compleverunt</strong></span> <span class='ocrx_word' id='word_1_572' title='bbox 832 4608 933 4681; x_wconf 89' lang='lat' dir='ltr'><strong>littus</strong></span> <span class='ocrx_word' id='word_1_573' title='bbox 957 4606 1147 4700; x_wconf 90' lang='lat' dir='ltr'><strong>Balticum,</strong></span> <span class='ocrx_word' id='word_1_574' title='bbox 1195 4615 1280 4685; x_wconf 89' lang='lat' dir='ltr'><strong>inde</strong></span> <span class='ocrx_word' id='word_1_575' title='bbox 1294 4617 1400 4687; x_wconf 89' lang='lat' dir='ltr'><strong>etiarn</strong></span> <span class='ocrx_word' id='word_1_576' title='bbox 1415 4640 1435 4687; x_wconf 91' lang='lat' dir='ltr'><strong>a</strong></span> <span class='ocrx_word' id='word_1_577' title='bbox 1449 4614 1580 4709; x_wconf 91' lang='lat' dir='ltr'><strong>Caspio</strong></span> <span class='ocrx_word' id='word_1_578' title='bbox 1602 4616 1694 4686; x_wconf 92' lang='lat' dir='ltr'><strong>mari</strong></span> <span class='ocrx_word' id='word_1_579' title='bbox 1709 4618 1878 4708; x_wconf 88' lang='lat' dir='ltr'><strong>paulatim</strong></span> <span class='ocrx_word' id='word_1_580' title='bbox 1894 4638 2180 4710; x_wconf 81' lang='lat' dir='ltr'><strong>progressasesse</strong></span> 
     </span>
     <span class='ocr_line' id='line_1_45' title="bbox 158 4708 2017 4814; baseline -0.003 -16"><span class='ocrx_word' id='word_1_581' title='bbox 158 4719 256 4788; x_wconf 72' lang='lat' dir='ltr'><strong>unde</strong></span> <span class='ocrx_word' id='word_1_582' title='bbox 269 4738 400 4787; x_wconf 73' lang='lat' dir='ltr'><strong>nomen</strong></span> <span class='ocrx_word' id='word_1_583' title='bbox 415 4727 467 4785; x_wconf 67' lang='lat'><strong>0⁸1</strong></span> <span class='ocrx_word' id='word_1_584' title='bbox 485 4712 524 4782; x_wconf 67' lang='lat'><strong>5¹¹</strong></span> <span class='ocrx_word' id='word_1_585' title='bbox 540 4711 681 4782; x_wconf 69' lang='lat' dir='ltr'><strong>Pfflttia</strong></span> <span class='ocrx_word' id='word_1_586' title='bbox 696 4711 795 4782; x_wconf 65' lang='lat' dir='ltr'><strong>sium</strong></span> <span class='ocrx_word' id='word_1_587' title='bbox 810 4708 994 4787; x_wconf 69' lang='lat' dir='ltr'><strong>Venedici·</strong></span> <span class='ocrx_word' id='word_1_588' title='bbox 1194 4717 1368 4804; x_wconf 89' lang='lat' dir='ltr'><strong>arbitror,</strong></span> <span class='ocrx_word' id='word_1_589' title='bbox 1392 4718 1565 4810; x_wconf 90' lang='lat' dir='ltr'><strong>fugientes</strong></span> <span class='ocrx_word' id='word_1_590' title='bbox 1580 4718 1673 4788; x_wconf 86' lang='lat' dir='ltr'><strong>bella</strong></span> <span class='ocrx_word' id='word_1_591' title='bbox 1691 4732 1753 4790; x_wconf 92' lang='lat' dir='ltr'><strong>aut</strong></span> <span class='ocrx_word' id='word_1_592' title='bbox 1767 4720 2017 4814; x_wconf 89' lang='lat' dir='ltr'><strong>tyrannidem.</strong></span> 
     </span>
    </p>

    <p class='ocr_par' dir='ltr' id='par_1_8' title="bbox 152 4808 2215 5426">
     <span class='ocr_line' id='line_1_46' title="bbox 261 4808 2179 4908; baseline 0.004 -22"><span class='ocrx_word' id='word_1_593' title='bbox 261 4814 353 4889; x_wconf 88' lang='lat' dir='ltr'><strong>Cum</strong></span> <span class='ocrx_word' id='word_1_594' title='bbox 369 4818 479 4908; x_wconf 90' lang='lat' dir='ltr'><strong>igitur</strong></span> <span class='ocrx_word' id='word_1_595' title='bbox 493 4837 656 4906; x_wconf 88' lang='lat' dir='ltr'><strong>magnam</strong></span> <span class='ocrx_word' id='word_1_596' title='bbox 671 4808 838 4907; x_wconf 81' lang='lat' dir='ltr'><strong>Europae</strong></span> <span class='ocrx_word' id='word_1_597' title='bbox 862 4827 997 4905; x_wconf 90' lang='lat' dir='ltr'><strong>partem</strong></span> <span class='ocrx_word' id='word_1_598' title='bbox 1020 4827 1145 4886; x_wconf 91' lang='lat' dir='ltr'><strong>tenue-</strong></span> <span class='ocrx_word' id='word_1_599' title='bbox 1294 4819 1469 4892; x_wconf 82' lang='lat' dir='ltr'><strong>Fortassis</strong></span> <span class='ocrx_word' id='word_1_600' title='bbox 1484 4834 1525 4892; x_wconf 91' lang='lat' dir='ltr'><strong>ut</strong></span> <span class='ocrx_word' id='word_1_601' title='bbox 1539 4821 1714 4890; x_wconf 90' lang='lat' dir='ltr'><strong>discerent</strong></span> <span class='ocrx_word' id='word_1_602' title='bbox 1729 4821 1775 4889; x_wconf 92' lang='lat' dir='ltr'><strong>ab</strong></span> <span class='ocrx_word' id='word_1_603' title='bbox 1791 4816 1945 4891; x_wconf 86' lang='lat' dir='ltr'><strong>ethnicis</strong></span> <span class='ocrx_word' id='word_1_604' title='bbox 1960 4824 2090 4906; x_wconf 87' lang='lat' dir='ltr'><strong>idolis,</strong></span> <span class='ocrx_word' id='word_1_605' title='bbox 2108 4818 2179 4894; x_wconf 82' lang='lat' dir='ltr'><strong>hor·</strong></span> 
     </span>
     <span class='ocr_line' id='line_1_47' title="bbox 157 4912 2179 5021; baseline 0.002 -30"><span class='ocrx_word' id='word_1_606' title='bbox 157 4921 233 4991; x_wconf 93' lang='lat' dir='ltr'><strong>rint</strong></span> <span class='ocrx_word' id='word_1_607' title='bbox 256 4918 405 5004; x_wconf 85' lang='lat' dir='ltr'><strong>Heneti,</strong></span> <span class='ocrx_word' id='word_1_608' title='bbox 438 4930 472 4987; x_wconf 87' lang='lat' dir='ltr'><strong>et</strong></span> <span class='ocrx_word' id='word_1_609' title='bbox 495 4912 612 4986; x_wconf 72' lang='lat' dir='ltr'><strong>adhuc</strong></span> <span class='ocrx_word' id='word_1_610' title='bbox 634 4928 792 4999; x_wconf 68' lang='lat' dir='ltr'><strong>teneant,</strong></span> <span class='ocrx_word' id='word_1_611' title='bbox 824 4930 860 4987; x_wconf 77' lang='lat' dir='ltr'><strong>et</strong></span> <span class='ocrx_word' id='word_1_612' title='bbox 884 4939 1011 5006; x_wconf 85' lang='lat' dir='ltr'><strong>magna</strong></span> <span class='ocrx_word' id='word_1_613' title='bbox 1034 4939 1143 5007; x_wconf 90' lang='lat' dir='ltr'><strong>regna</strong></span> <span class='ocrx_word' id='word_1_614' title='bbox 1192 4933 1323 4992; x_wconf 89' lang='lat' dir='ltr'><strong>tatores</strong></span> <span class='ocrx_word' id='word_1_615' title='bbox 1341 4937 1375 4993; x_wconf 88' lang='lat' dir='ltr'><strong>et</strong></span> <span class='ocrx_word' id='word_1_616' title='bbox 1394 4925 1559 4994; x_wconf 88' lang='lat' dir='ltr'><strong>ductores</strong></span> <span class='ocrx_word' id='word_1_617' title='bbox 1576 4920 1751 4993; x_wconf 74' lang='lat' dir='ltr'><strong>lsraitlitas</strong></span> <span class='ocrx_word' id='word_1_618' title='bbox 1767 4917 1998 5010; x_wconf 90' lang='lat' dir='ltr'><strong>babuerunt,</strong></span> <span class='ocrx_word' id='word_1_619' title='bbox 2026 4949 2049 4996; x_wconf 88' lang='lat' dir='ltr'><strong>a</strong></span> <span class='ocrx_word' id='word_1_620' title='bbox 2063 4924 2179 5021; x_wconf 71' lang='lat' dir='ltr'><strong>quib·</strong></span> 
     </span>
     <span class='ocr_line' id='line_1_48' title="bbox 156 5015 2179 5116; baseline 0.003 -24"><span class='ocrx_word' id='word_1_621' title='bbox 156 5022 427 5105; x_wconf 89' lang='lat' dir='ltr'><strong>constituerint,</strong></span> <span class='ocrx_word' id='word_1_622' title='bbox 453 5019 604 5088; x_wconf 89' lang='lat' dir='ltr'><strong>consilio</strong></span> <span class='ocrx_word' id='word_1_623' title='bbox 621 5030 654 5086; x_wconf 88' lang='lat' dir='ltr'><strong>et</strong></span> <span class='ocrx_word' id='word_1_624' title='bbox 669 5015 801 5086; x_wconf 86' lang='lat' dir='ltr'><strong>virtute</strong></span> <span class='ocrx_word' id='word_1_625' title='bbox 817 5039 878 5087; x_wconf 90' lang='lat' dir='ltr'><strong>eos</strong></span> <span class='ocrx_word' id='word_1_626' title='bbox 898 5019 1143 5090; x_wconf 88' lang='lat' dir='ltr'><strong>antecelluisse</strong></span> <span class='ocrx_word' id='word_1_627' title='bbox 1191 5024 1391 5093; x_wconf 89' lang='lat' dir='ltr'><strong>doctrinam</strong></span> <span class='ocrx_word' id='word_1_628' title='bbox 1413 5026 1459 5095; x_wconf 92' lang='lat' dir='ltr'><strong>de</strong></span> <span class='ocrx_word' id='word_1_629' title='bbox 1481 5048 1565 5094; x_wconf 89' lang='lat' dir='ltr'><strong>vero</strong></span> <span class='ocrx_word' id='word_1_630' title='bbox 1591 5020 1686 5108; x_wconf 91' lang='lat' dir='ltr'><strong>Deo,</strong></span> <span class='ocrx_word' id='word_1_631' title='bbox 1718 5034 1752 5094; x_wconf 89' lang='lat' dir='ltr'><strong>et</strong></span> <span class='ocrx_word' id='word_1_632' title='bbox 1772 5024 1860 5096; x_wconf 84' lang='lat' dir='ltr'><strong>alias</strong></span> <span class='ocrx_word' id='word_1_633' title='bbox 1889 5019 2068 5101; x_wconf 85' lang='lat' dir='ltr'><strong>honestas</strong></span> <span class='ocrx_word' id='word_1_634' title='bbox 2098 5028 2179 5116; x_wconf 74' lang='lat' dir='ltr'><strong>tege</strong></span> 
     </span>
     <span class='ocr_line' id='line_1_49' title="bbox 155 5115 2215 5211; baseline 0.003 -18"><span class='ocrx_word' id='word_1_635' title='bbox 155 5149 228 5195; x_wconf 90' lang='lat' dir='ltr'><strong>non</strong></span> <span class='ocrx_word' id='word_1_636' title='bbox 252 5122 403 5194; x_wconf 87' lang='lat' dir='ltr'><strong>dubium</strong></span> <span class='ocrx_word' id='word_1_637' title='bbox 428 5133 490 5191; x_wconf 89' lang='lat' dir='ltr'><strong>est.</strong></span> <span class='ocrx_word' id='word_1_638' title='bbox 549 5118 642 5190; x_wconf 90' lang='lat' dir='ltr'><strong>Sunt</strong></span> <span class='ocrx_word' id='word_1_639' title='bbox 667 5118 816 5206; x_wconf 90' lang='lat' dir='ltr'><strong>igitura</strong></span> <span class='ocrx_word' id='word_1_640' title='bbox 839 5115 977 5211; x_wconf 83' lang='lat' dir='ltr'><strong>Ripbat</strong></span> <span class='ocrx_word' id='word_1_641' title='bbox 996 5115 1142 5210; x_wconf 86' lang='lat' dir='ltr'><strong>Riphei‚</strong></span> <span class='ocrx_word' id='word_1_642' title='bbox 1190 5126 1321 5195; x_wconf 91' lang='lat' dir='ltr'><strong>multos</strong></span> <span class='ocrx_word' id='word_1_643' title='bbox 1337 5126 1374 5195; x_wconf 91' lang='lat' dir='ltr'><strong>in</strong></span> <span class='ocrx_word' id='word_1_644' title='bbox 1392 5121 1544 5197; x_wconf 89' lang='lat' dir='ltr'><strong>Oriente</strong></span> <span class='ocrx_word' id='word_1_645' title='bbox 1558 5124 1722 5195; x_wconf 88' lang='lat' dir='ltr'><strong>didicisse</strong></span> <span class='ocrx_word' id='word_1_646' title='bbox 1738 5148 1812 5195; x_wconf 92' lang='lat' dir='ltr'><strong>non</strong></span> <span class='ocrx_word' id='word_1_647' title='bbox 1827 5127 1987 5199; x_wconf 86' lang='lat' dir='ltr'><strong>dubium</strong></span> <span class='ocrx_word' id='word_1_648' title='bbox 2007 5145 2072 5206; x_wconf 89' lang='lat' dir='ltr'><strong>est.</strong></span> <span class='ocrx_word' id='word_1_649' title='bbox 2106 5128 2178 5200; x_wconf 68' lang='lat' dir='ltr'><strong>lde</strong></span> <span class='ocrx_word' id='word_1_650' title='bbox 2211 5176 2215 5183; x_wconf 94' lang='lat'>-</span> 
     </span>
     <span class='ocr_line' id='line_1_50' title="bbox 152 5217 2180 5321; baseline 0.003 -26"><span class='ocrx_word' id='word_1_651' title='bbox 152 5226 217 5318; x_wconf 81' lang='lat' dir='ltr'><strong>qui</strong></span> <span class='ocrx_word' id='word_1_652' title='bbox 238 5237 322 5297; x_wconf 91' lang='lat' dir='ltr'><strong>sunt</strong></span> <span class='ocrx_word' id='word_1_653' title='bbox 336 5221 518 5296; x_wconf 89' lang='lat' dir='ltr'><strong>Sarmatae</strong></span> <span class='ocrx_word' id='word_1_654' title='bbox 541 5234 574 5291; x_wconf 88' lang='lat' dir='ltr'><strong>et</strong></span> <span class='ocrx_word' id='word_1_655' title='bbox 595 5219 739 5291; x_wconf 89' lang='lat' dir='ltr'><strong>Heneti.</strong></span> <span class='ocrx_word' id='word_1_656' title='bbox 796 5217 937 5289; x_wconf 82' lang='lat' dir='ltr'><strong>Nomen</strong></span> <span class='ocrx_word' id='word_1_657' title='bbox 956 5217 1141 5308; x_wconf 79' lang='lat' dir='ltr'><strong>Heneti,</strong></span> <span class='ocrx_word' id='word_1_658' title='bbox 1190 5226 1286 5296; x_wconf 88' lang='lat' dir='ltr'><strong>enim</strong></span> <span class='ocrx_word' id='word_1_659' title='bbox 1302 5228 1480 5320; x_wconf 89' lang='lat' dir='ltr'><strong>dispersae</strong></span> <span class='ocrx_word' id='word_1_660' title='bbox 1496 5240 1580 5298; x_wconf 83' lang='lat' dir='ltr'><strong>sunt</strong></span> <span class='ocrx_word' id='word_1_661' title='bbox 1595 5229 1715 5296; x_wconf 88' lang='lat' dir='ltr'><strong>decem</strong></span> <span class='ocrx_word' id='word_1_662' title='bbox 1732 5226 1856 5313; x_wconf 88' lang='lat' dir='ltr'><strong>tribus,</strong></span> <span class='ocrx_word' id='word_1_663' title='bbox 1875 5243 1918 5301; x_wconf 88' lang='lat' dir='ltr'><strong>ut</strong></span> <span class='ocrx_word' id='word_1_664' title='bbox 1932 5232 1982 5302; x_wconf 91' lang='lat' dir='ltr'><strong>ad</strong></span> <span class='ocrx_word' id='word_1_665' title='bbox 1999 5234 2180 5321; x_wconf 80' lang='lat' dir='ltr'><strong>aliasgro·</strong></span> 
     </span>
     <span class='ocr_line' id='line_1_51' title="bbox 153 5319 2178 5426; baseline 0.002 -29"><span class='ocrx_word' id='word_1_666' title='bbox 153 5343 193 5399; x_wconf 93' lang='lat' dir='ltr'><strong>nt</strong></span> <span class='ocrx_word' id='word_1_667' title='bbox 207 5340 327 5413; x_wconf 88' lang='lat' dir='ltr'><strong>sonat,</strong></span> <span class='ocrx_word' id='word_1_668' title='bbox 354 5325 524 5417; x_wconf 80' lang='lat' dir='ltr'><strong>signifieat</strong></span> <span class='ocrx_word' id='word_1_669' title='bbox 538 5319 687 5396; x_wconf 84' lang='lat' dir='ltr'><strong>Ebracis</strong></span> <span class='ocrx_word' id='word_1_670' title='bbox 704 5320 936 5413; x_wconf 67' lang='lat' dir='ltr'><strong>vagabundi,</strong></span> <span class='ocrx_word' id='word_1_671' title='bbox 960 5320 1139 5397; x_wconf 91' lang='lat' dir='ltr'><strong>utGraeci</strong></span> <span class='ocrx_word' id='word_1_672' title='bbox 1187 5341 1239 5400; x_wconf 90' lang='lat' dir='ltr'><strong>tes</strong></span> <span class='ocrx_word' id='word_1_673' title='bbox 1256 5353 1398 5426; x_wconf 87' lang='lat' dir='ltr'><strong>quoque</strong></span> <span class='ocrx_word' id='word_1_674' title='bbox 1414 5330 1629 5426; x_wconf 87' lang='lat' dir='ltr'><strong>perterretur</strong></span> <span class='ocrx_word' id='word_1_675' title='bbox 1644 5328 1773 5403; x_wconf 85' lang='lat' dir='ltr'><strong>noticia</strong></span> <span class='ocrx_word' id='word_1_676' title='bbox 1788 5331 1833 5402; x_wconf 92' lang='lat' dir='ltr'><strong>de</strong></span> <span class='ocrx_word' id='word_1_677' title='bbox 1849 5354 1936 5404; x_wconf 83' lang='lat' dir='ltr'><strong>vero</strong></span> <span class='ocrx_word' id='word_1_678' title='bbox 1951 5329 2049 5412; x_wconf 84' lang='lat' dir='ltr'><strong>Deo.</strong></span> <span class='ocrx_word' id='word_1_679' title='bbox 2088 5333 2178 5407; x_wconf 84' lang='lat' dir='ltr'><strong>Sicut</strong></span> 
     </span>
    </p>
   </div>
   <div class='ocr_carea' id='block_1_3' title="bbox 0 0 2347 6036">
    <p class='ocr_par' dir='ltr' id='par_1_9' title="bbox 0 0 2347 6036">
     <span class='ocr_line' id='line_1_52' title="bbox 0 0 2347 6036; baseline 0 0"><span class='ocrx_word' id='word_1_680' title='bbox 0 0 2347 6036; x_wconf 95' lang='lat' dir='ltr'><strong> </strong></span> 
     </span>
    </p>
   </div>
  </div>
 </body>
</html>
