4680 6038
149 238 230 321 m
925 214 1423 299 DISPUTATIORBS
2115 200 2201 301 ’Μ

253 409 294 489 4.
317 402 531 483 lismhdele
546 396 777 490 corrrigitur
790 394 910 492 primo
926 405 1145 489 praecepto.»
1202 420 1300 482 nam,
1324 393 1402 466 sola
1417 390 1660 465 misericordia
1676 404 1822 488 propter
1833 388 2021 466 Christum
2038 392 2195 489 penh-

172 586 175 593 ,
255 513 294 588 d.
319 510 410 585 lude
423 510 486 596 lit,
508 519 641 581 utnon
655 502 702 574 de
714 498 925 572 ceremoniis
937 498 1067 583 ruodo,
1091 495 1152 567 sed
1202 521 1257 585 sa,
1290 498 1388 569 iuxta
1410 495 1520 568 illud:
1551 492 1736 569 Conclusit
1759 519 1885 568 omues
1905 496 1974 568 sub
2001 506 2198 589 peccam

154 624 205 697 ds
223 618 392 693 universa
417 614 496 704 lege
521 604 679 697 intelligi
701 604 831 677 debeat
845 600 943 674 Petri
958 598 1154 672 sententias
1201 614 1244 673 ut
1266 597 1431 672 omniurn
1454 599 1684 688 miserentur,
1719 592 1788 673 hoc
1817 610 1890 686 est,
1921 599 2022 696 quod
2051 596 2196 689 dicitur,

156 724 313 800 Netum
328 740 395 791 nec
413 728 533 811 patres
546 710 661 783 nostri
676 720 817 801 portare
834 704 1029 797 potuimus.
1203 703 1377 776 solafide.

261 825 298 897 6.
323 821 386 896 Sic
400 815 634 891 iudicandum
650 826 704 885 est
715 812 763 882 de
778 809 960 881 similibus
976 803 1079 880 locis.
1310 805 1372 876 10.
1414 799 1464 876 Et
1477 815 1597 875 umen
1614 822 1765 898 sequens
1779 800 1983 874 obedientia
1997 802 2193 877 ocem

259 925 300 1000 7.
340 920 399 997 Aa
423 944 507 994 eum
529 918 678 990 modum
695 912 758 1010 qui
773 911 953 1006 psallunt,
977 921 1041 981 aut
1055 905 1154 980 aliud
1204 920 1275 996 est,
1298 907 1386 979 etlit
1403 904 1565 991 iusticia,
1587 905 1672 999 quia
1687 926 1840 1000 persom
1860 918 1913 978 est
1927 918 2089 998 accepts.

159 1029 403 1129 quodcunque
424 1045 515 1117 opus
538 1022 578 1090 iu
602 1017 720 1111 specis
741 1016 878 1087 bouum
898 1011 1054 1100 issimus,
1080 1009 1158 1079 sine
1277 1042 1280 1047 ·
1311 1010 1372 1086 tt.
1407 1003 1509 1081 Nihil
1524 1007 1673 1101 periculi
1690 1021 1743 1080 est
1763 1009 1878 1079 bonae
1892 1007 2009 1081 menti
2023 1006 2079 1079 sie
2092 1008 2192 1082 aad·

159 1133 280 1208 cordis
292 1127 494 1212 hilaritate,
519 1133 678 1218 peccant.
1205 1138 1265 1202 re,
1290 1111 1478 1198 videlicet,
1502 1110 1597 1182 utin
1611 1109 1771 1182 Domino
1786 1111 1969 1203 glorietur.

263 1235 301 1309 8.
342 1228 550 1303 Miserrima
566 1238 602 1297 et
617 1218 862 1314 vulgatissima
876 1215 1078 1317 hypocrisis
1093 1232 1159 1305 est,
1311 1216 1370 1290 ts.
1402 1209 1569 1287 Christus
1580 1215 1748 1286 transfert
1760 1213 1910 1305 gloriam
1932 1210 2106 1307 impletae
2116 1212 2189 1308 legia

158 1339 282 1413 rivere
307 1334 347 1407 iu
369 1332 477 1405 bonis
492 1328 661 1423 operibus
686 1326 764 1395 sine
786 1325 873 1412 lide,
897 1325 1059 1420 adeoque
1081 1323 1159 1395 sine
1208 1319 1248 1391 iu
1278 1317 1487 1404 mulierem,
1528 1339 1611 1389 cum
1634 1317 1703 1389 ait:
1742 1315 1994 1392 Remittuutur
2017 1317 2055 1393 ei
2078 1318 2187 1401 msa

161 1440 302 1516 laetitia
319 1435 438 1509 cordis
453 1435 492 1504 in
509 1430 601 1504 Deo.
1209 1422 1295 1520 quia
1311 1421 1436 1493 dilexit
1451 1420 1618 1496 multum.
2150 1482 2156 1489 .

265 1540 302 1617 ll.
342 1536 506 1611 Concilia
532 1556 608 1605 uon
629 1552 732 1624 posse
756 1551 895 1617 errare,
926 1542 999 1601 tam
1028 1527 1159 1600 salsum
1315 1525 1374 1597 ld.
1407 1521 1458 1596 Et
1478 1521 1623 1617 quidem
1647 1521 1768 1608 docet,
1791 1546 1867 1594 nou
1890 1521 2185 1619 accipiremish·

164 1659 238 1734 est,
263 1665 371 1740 quam
389 1663 514 1711 verum
530 1649 601 1723 est,
625 1633 747 1705 omnia
769 1657 924 1729 quorum
941 1645 1061 1705 estant
1074 1654 1162 1703 con·
1209 1652 1293 1700 nem
1308 1638 1551 1721 peccatorum,
1576 1623 1647 1697 uisi
1663 1648 1682 1695 a
1697 1623 1939 1716 diligentibus.

164 1747 385 1831 stitutiones,
411 1742 545 1815 alicubi
569 1760 738 1832 peccasse.
1315 1729 1377 1804 14.
1416 1727 1520 1802 Luna
1543 1748 1702 1800 mensem
1721 1729 1864 1804 conticit
1885 1727 1937 1800 29
1958 1726 2091 1801 diebus
2119 1728 2185 1803 eti

272 1850 334 1922 to.
360 1844 442 1920 Una
457 1858 493 1918 et
504 1841 653 1936 simplex
670 1838 753 1910 lidei
769 1838 890 1932 regula
906 1850 972 1926 cst,
986 1836 1162 1932 scriptura
1211 1829 1323 1921 horis,
1347 1833 1417 1905 luit
1435 1832 1543 1925 igitur
1559 1831 1758 1903 tricesimus
1775 1833 1851 1903 dies
1867 1830 1932 1925 ἕνη
1945 1827 2013 1904 καὶ
2025 1828 2107 1907 νέα.
2147 1828 2185 1905 Bt

168 1953 352 2029 mnonica.
1212 1951 1330 2010 tamen
1354 1938 1400 2010 ad
1425 1931 1518 2007 hanc
1538 1933 1652 2009 Solon
1680 1947 1775 2006 recte
1799 1936 1939 2008 addidit
1962 1935 2185 2008 mensiuuom

273 2056 334 2126 11.
367 2050 501 2125 Misere
518 2044 701 2138 ineptiunt
716 2041 957 2125 Parisieuses,
984 2042 1047 2138 qui
1063 2043 1164 2137 priu-
1212 2040 1321 2114 diem.

169 2159 262 2252 cipia
282 2155 366 2226 fidei
386 2164 515 2224 vocant
540 2145 788 2219 Consiliorum
811 2159 847 2218 et
861 2140 1075 2219 Scholarum
1097 2148 1165 2219 do·
1318 2137 1378 2216 16.
1408 2135 1491 2213 lure
1505 2134 1783 2233 reprehenditur
1798 2137 1925 2228 Plato,
1953 2140 2054 2236 quod
2067 2142 2186 2236 putavit

167 2274 296 2356 gmata.
348 2253 459 2330 Auno
475 2251 528 2327 Μ.
542 2251 590 2325 D.
603 2246 704 2322 XXI.
1217 2239 1396 2317 trocheum
1419 2245 1586 2316 arteriam
1609 2267 1685 2314 esse
1706 2255 1811 2335 putus
1831 2266 1935 2315 causa
1966 2247 2107 2317 factam.
2147 2238 2186 2315 Et

1214 2361 1334 2421 tamen
1350 2346 1497 2419 aluntur
1509 2359 1541 2419 et
1561 2345 1705 2438 pulmo,
1730 2358 1765 2417 et
1781 2340 1936 2433 trachea,
1960 2346 2187 2439 videlicetpes
2226 2344 2229 2425 ξ

168 2487 357 2590 (ΧΧΙΠ.)
407 2487 523 2560 Alia
551 2482 856 2576 disputatio,
882 2477 930 2551 a,
952 2484 1165 2553 mmm,
1214 2475 1343 2522 venam
1357 2450 1571 2537 arterialem,
1586 2448 1739 2545 ideoque
1751 2462 1845 2521 recte
1858 2445 2186 2547 diritPottanr‘ns

394 2594 498 2663 lusto
523 2609 599 2660 ttott
624 2593 681 2658 est
706 2585 772 2657 led
794 2586 934 2677 11031111.
1214 2545 1670 2750 πνδυτζαέῗξζῖᾗιρμη
1687 2676 1750 2725 sua
1763 2665 1892 2726 natura
1915 2654 1987 2727 ciet
2002 2646 2186 2747 sinticius.

171 2752 343 2843 Christus
366 2760 501 2858 iuquit:
543 2754 626 2830 Nou
659 2756 742 2828 veni
777 2756 914 2828 solvere
941 2755 1072 2847 legem,
1103 2757 1164 2828 sed
1214 2753 1474 2855 δυσεντερίας,
1501 2772 1621 2831 tamen
1635 2757 1792 2829 cruditas
1809 2757 1846 2826 in
1865 2773 1964 2832 aestu
1986 2754 2187 2850 magispss't

173 2865 380 2959 adimplere.
1138 2918 1146 2930 .
1215 2857 1472 2958 δυσεντερίας,
1512 2862 1664 2958 ideoque
1693 2861 1882 2955 praecipue
1913 2861 2092 2933 cavendae
2119 2870 2186 2929 smt

276 2970 313 3040 2.
353 2962 403 3040 Et
418 2977 561 3038 aeterua
583 2974 637 3033 est
651 2958 823 3052 obligatio
839 2960 1066 3033 obedieutiae
1081 2985 1164 3054 erga
1214 2966 1430 3041 cruditatum
1448 2987 1586 3038 causae.

173 3066 315 3248 mund..
359 3167 430 3243 Sed
453 3166 567 3240 cilicia
590 3166 678 3258 legis
700 3164 768 3236 tria
794 3178 899 3239 sunt:
929 3163 1002 3237 Les
1027 3168 1165 3240 coiircct
1215 3162 1403 3271 (XXIV.)
1449 3172 1562 3245 Alio
1585 3170 1881 3264 disputatio,
1920 3169 1971 3245 de
1996 3174 2193 3248 centulae·
2227 3202 2229 3231 t

175 3275 354 3360 carnales,
378 3284 537 3357 accusat,
559 3284 595 3341 et
610 3268 761 3363 requirit
780 3269 1033 3340 obedientiam.
1301 3277 1408 3349 Dm
1434 3276 1517 3348 mag
1541 3296 1672 3349 „mm
1691 3273 1859 3348 pompm
1881 3277 2011 3350 ,alm
2030 3274 2128 3378 pm

275 3377 314 3452 4.
347 3372 446 3448 lusto
464 3384 612 3444 nonest
635 3373 691 3440 lex
713 3372 844 3462 posita,
869 3374 966 3469 quod
979 3373 1106 3444 attinet
1120 3373 1165 3445 ad
2227 3410 2229 3417 .

176 3479 264 3554 haec
289 3481 362 3550 duo
385 3477 519 3562 officia,
544 3473 710 3545 videlicet
738 3473 870 3546 iustum
892 3498 1008 3568 neque
1027 3476 1167 3548 co'e‘rcet
1216 3448 1328 3530 (Μο
1348 3446 1444 3514 ¹⁵³7·
1495 3444 1578 3510 vm‘
1592 3453 1683 3535 Ῥω·
1696 3444 1873 3533 ‘dmm‘
1888 3450 1920 3516 ἀ·
1935 3446 2076 3519 3¹·⁰⁶¹·
2090 3436 2183 3535 ω’)

175 3585 253 3665 lex,
275 3602 392 3677 neque
421 3587 573 3649 accusat·
1215 3566 1262 3650 ln
1277 3577 1579 3673 disputationibus
1593 3581 1637 3651 de
1650 3578 1994 3673 praedestinatione,
2021 3573 2183 3675 prodestit

277 3679 316 3754 5.
354 3679 451 3770 Quia
474 3679 571 3749 enirn
593 3678 709 3750 iustus
731 3690 806 3758 est,
838 3671 1046 3749 nonhabet
1076 3702 1166 3771 opus
1217 3678 1422 3755 adhibenda
1437 3696 1508 3768 est,
1533 3706 1580 3753 ne
1595 3682 1809 3774 colligantur
1823 3683 1884 3753 illa
1909 3678 2095 3783 φορτικὰ,
2112 3700 2180 3777 quit

178 3782 393 3878 paedagogia
418 3786 619 3866 coercente,
644 3780 705 3849 sed
729 3802 812 3851 caro
835 3780 1067 3854 mortificatur
1081 3805 1168 3874 poe·
1217 3785 1429 3883 perturbant
1444 3782 1696 3872 conscientias,
1723 3799 1760 3858 et
1774 3786 1992 3859 labefactant
2015 3788 2129 3858 fidem.

178 3887 330 3961 nitentia
344 3897 379 3956 et
392 3884 485 3954 veris
509 3882 706 3954 affectibus.
1318 3892 1356 3964 2.
1398 3886 1489 3959 Tres
1512 3901 1597 3959 sunt
1616 3911 1757 3976 causae,
1791 3913 1901 3983 quare
1928 3883 2016 3961 haec
2033 3884 2182 3961 sententia

281 3988 320 4064 6.
346 3985 501 4074 Deinde,
524 3986 590 4059 etsi
607 4009 712 4056 nemo
730 3984 801 4075 legi
815 3982 1024 4072 satisfaciat,
1048 3999 1168 4058 tamen
1218 3991 1488 4071 universaliter,
1515 3991 1607 4063 sicut
1622 4005 1742 4078 sonat,
1768 3991 2002 4081 intelligenda
2018 3993 2082 4065 sit:
2112 3990 2184 4065 llas

179 4094 236 4164 les
248 4116 324 4165 non
339 4103 477 4162 accusat
493 4089 644 4170 iustum,
671 4101 868 4182 propterca,
892 4091 988 4182 quod
1003 4086 1169 4162 Christus
1219 4097 1296 4167 vult
1309 4116 1433 4166 omues
1449 4087 1613 4165 homines
1627 4093 1744 4165 salvos
1758 4094 1856 4182 lieri,
1875 4094 2030 4182 scilicet,
2055 4090 2185 4191 quodsi

180 4195 331 4265 redemit
344 4215 410 4264 uos
423 4216 444 4262 a
458 4192 706 4263 maledictione
720 4190 829 4284 legis,
855 4190 968 4263 lactus
982 4217 1047 4286 pro
1064 4194 1170 4265 nobis
1219 4199 1331 4295 ipsius
1344 4198 1565 4268 voluntatem
1583 4198 1719 4270 attinet.

180 4296 420 4367 maledictum.
1320 4304 1357 4375 8.
1390 4298 1481 4370 Nam
1496 4313 1532 4370 et
1544 4300 1798 4392 promissiones
1811 4296 2003 4391 Evangelii
2028 4310 2113 4371 aunt
2126 4292 2189 4369 uoi-

282 4396 321 4470 7.
353 4391 420 4466 lta
435 4394 508 4465 duo
525 4395 611 4486 legis
624 4396 740 4468 officia
753 4412 888 4469 cessant
905 4399 1026 4485 iustis,
1049 4413 1171 4472 manet
1219 4401 1389 4488 versales,
1416 4416 1452 4473 et
1473 4402 1681 4474 mandatum
1702 4403 1747 4473 de
1760 4397 1922 4488 Christo,
1945 4416 1989 4475 ut
2012 4404 2190 4480 credam.

181 4497 345 4595 tertium,
376 4494 561 4584 videlicet,
601 4501 697 4594 quod
731 4499 935 4573 obedientia
961 4501 1170 4597 requiritur,
1219 4501 1441 4578 hauddubie
1457 4516 1510 4576 est
1525 4501 1736 4577 universale.
1769 4500 1922 4590 Deinde,
1937 4498 2191 4597 siimagiussdt

181 4602 333 4672 sednon
349 4611 403 4670 est
414 4601 585 4671 assuenda
601 4601 743 4696 opinio,
770 4627 862 4698 quae
884 4604 980 4676 tollit
996 4604 1171 4675 mediato·
1220 4621 1310 4680 esset
1324 4605 1600 4699 particularitas,
1616 4608 1703 4678 fides
1718 4607 2001 4694 labefactaretur,
2026 4608 2192 4703 quiscur·

180 4726 256 4773 rem
271 4695 474 4788 Christum,
498 4704 598 4798 quasi
615 4720 736 4797 postea
750 4706 827 4797 lege
845 4705 930 4778 iusti
946 4709 1075 4789 simus,
1101 4701 1171 4778 hoc
1220 4711 1368 4782 scientia
1394 4708 1560 4781 dubitare
1585 4723 1789 4801 cogeretur,
1831 4731 1877 4778 an
1905 4711 1951 4780 ad
1974 4734 2013 4782 se
2034 4708 2193 4804 pertineat

179 4818 252 4890 est,
277 4803 422 4895 propria
436 4804 618 4895 dignitate.
1220 4811 1424 4906 promissio,
1451 4811 1481 4881 si
1498 4835 1517 4880 ε
1532 4811 1678 4902 regione
1692 4812 1919 4883 statuendum
1936 4825 2039 4895 esset,
2061 4808 2194 4907 promis·

282 4905 318 4975 8.
357 4903 488 4977 Paulus
512 4933 585 4979 non
609 4923 723 5003 potest
746 4923 923 4994 statuere,
957 4931 996 4978 se
1018 4908 1169 4999 dignum
1219 4915 1357 4986 sionem
1374 4936 1449 4984 nou
1464 4935 1538 4983 esse
1551 4913 1801 4987 universalem.
1830 4911 2017 4985 Postremo
2028 4914 2196 5009 Smiptura

179 5026 254 5075 esse
269 5005 341 5078 vita
356 5020 654 5103 aeternaprupter
681 5037 781 5084 suam
796 5012 1057 5091 obedientiam,
1080 5012 1171 5084 sicut
1220 5038 1322 5108 saepe
1347 5013 1671 5100 affirmat,iu1leo
1695 5039 1770 5086 non
1787 5036 1862 5086 esse
1877 5012 2196 5115 προσωποληψίεν.

179 5105 317 5198 inquit:
342 5104 444 5178 Nihil
463 5107 551 5184 mihi
564 5116 725 5187 conscius
741 5139 821 5188 sum
829 5164 842 5203 ,
870 5116 931 5185 sed
954 5113 993 5183 iu
1008 5107 1077 5184 hoc
1094 5136 1169 5184 nou
1218 5114 1285 5189 Est
1298 5130 1415 5188 autem
1431 5112 1727 5215 προσωποληψία
1742 5117 1889 5212 paribus
1905 5118 2119 5212 simpliciter
2137 5137 2197 5191 uos

180 5206 387 5277 iustificatos
414 5231 502 5282 sum.
1220 5219 1378 5290 tribuere
1398 5220 1509 5312 paria.

281 5305 317 5383 9.
350 5306 505 5383 Persona
521 5330 574 5388 est
588 5316 698 5400 iusta,
725 5317 764 5386 id
781 5329 846 5403 est,
867 5313 978 5388 habet
991 5317 1169 5387 remissio·
1324 5316 1358 5391 4.
1391 5318 1466 5392 Nos
1480 5320 1591 5412 igitur
1604 5320 1814 5417 simpliciter
1826 5320 2198 5416 interpretamurhast

179 5432 260 5481 uem
282 5426 525 5505 peccatorum,
557 5431 593 5491 et
612 5435 665 5493 est
689 5432 833 5514 accepta
852 5421 900 5493 ad
922 5421 1035 5492 vitam
1056 5432 1172 5493 aeter·
1221 5422 1434 5495 sententiam
1449 5423 1715 5499 universaliter:
1741 5421 1840 5498 Deus
1853 5426 1933 5500 vult
1946 5450 2078 5499 omnes
2097 5422 2198 5499 homi·
