4680 6038
153 217 225 295 139

251 387 472 461 Reverenter
487 377 709 471 agnoscimus
725 387 761 446 ει
773 374 926 446 latemur
940 368 1039 444 hunc
1052 395 1135 445 vere

151 490 268 566 Deum
291 502 325 560 et
346 497 539 557 creatorem
558 504 632 552 esse
652 477 743 549 coeli
764 490 798 549 et
819 488 932 565 terrac
959 488 993 547 et
1017 471 1135 546 bomi-

151 618 258 674 num,
284 589 347 684 qui
364 611 400 657 se
416 584 580 679 patefecit
595 582 700 651 misso
716 578 871 668 filiosuo
888 573 1046 646 Domino
1068 600 1135 646 uo·

129 741 133 747 -
151 709 224 766 stro
248 691 327 764 lesu
342 684 504 772 Christo,
530 699 564 756 ει
577 686 657 755 data
672 704 757 752 voce
772 679 875 769 Legis
890 693 924 748 et
936 673 1135 769 Evangelii,

152 810 186 867 et
203 817 284 864 vere
307 815 389 863 eum
404 789 568 876 colligere
589 798 767 855 aeternam
782 777 997 865 Ecclesiam,
1021 793 1057 851 et
1078 780 1136 850 iu·

150 898 353 969 dicaturum
375 914 448 961 esse
463 911 572 979 genus
588 881 798 956 humanum.
847 879 943 953 Huic
957 905 1039 951 vero
1056 882 1135 951 Deo

153 996 304 1068 creatori
319 992 409 1064 coeli
424 1004 458 1061 et
473 1005 586 1062 terrae
601 1003 635 1059 et
648 982 853 1068 hominum,
879 1006 949 1054 nna
966 1007 1046 1055 cum
1061 983 1134 1052 filio

153 1122 218 1170 suo
235 1109 421 1168 coaeterno
435 1089 591 1163 Domino
608 1102 728 1159 nostro
747 1080 989 1170 lesuChristo,
1006 1099 1040 1156 et
1053 1084 1138 1178 Spi-

153 1201 225 1270 ritu
239 1212 359 1268 saneto
376 1195 506 1285 gratias
520 1191 666 1281 agimus,
687 1188 782 1281 quod
799 1182 968 1258 hactenus
983 1187 1136 1256 clemen-

152 1313 207 1372 ter
230 1295 316 1369 haec
329 1296 511 1369 doctrinae
534 1292 648 1362 studia
666 1303 701 1360 ct
722 1288 932 1380 gubernavit
947 1302 980 1360 et
995 1311 1137 1359 conser-

153 1401 268 1487 vavit,
295 1413 329 1469 et
354 1395 562 1468 ardentibus
585 1392 675 1460 votis
696 1414 900 1484 precamur,
931 1404 972 1460 ut
994 1405 1138 1482 propter

153 1526 254 1575 suam
271 1500 419 1590 gloriam
442 1518 579 1587 semper
602 1494 692 1563 inter
711 1515 777 1562 nos
790 1492 858 1561 sibi
874 1504 1052 1583 aeternam
1068 1489 1137 1563 Ee·

154 1603 295 1675 clesiam
319 1599 478 1688 colligat,
504 1620 569 1664 nec
589 1595 682 1664 sinat
703 1594 859 1682 extingui
878 1593 1058 1663 doctrinae
1080 1594 1136 1665 lu-

153 1728 242 1789 cem,
262 1703 353 1772 sicut
368 1701 406 1768 iu
423 1697 624 1768 dulcissima
643 1696 873 1787 promissione
890 1694 1022 1788 inquit:
1048 1695 1134 1765 Pro·

154 1820 233 1899 pter
252 1828 327 1888 me,
353 1812 497 1893 propter
517 1821 573 1866 me
594 1797 741 1882 faciam,
760 1810 801 1867 ut
816 1819 890 1866 non
905 1791 1136 1888 blasphemer.

153 1903 191 1979 Ο
207 1906 259 1974 lili
272 1902 339 1974 Dei
354 1901 507 1973 Domine
526 1897 604 1968 lesu
620 1893 778 1983 Christe,
800 1898 963 1968 crucifixe
984 1921 1050 1990 pro
1071 1924 1137 1969 no-

153 2008 266 2078 biset
295 2002 516 2085 resuscitate,
548 2013 663 2070 custos
688 1995 884 2083 Ecclesiae,
917 1999 979 2093 qui
1001 1990 1136 2071 dixisti}

153 2104 231 2196 Ego
248 2130 325 2174 sum
349 2104 450 2189 vitis,
474 2123 537 2170 vos
559 2101 740 2193 palmites,
772 2102 827 2170 iac
845 2113 887 2170 ut
906 2102 1018 2172 simus
1037 2126 1077 2172 cr
1103 2116 1137 2175 te

154 2206 336 2302 propagati
352 2204 533 2299 palmites,
558 2205 726 2273 salutares
742 2202 846 2273 nobis
860 2215 893 2273 et
910 2200 1000 2275 aliis.
1117 2192 1126 2207 ’

255 2304 353 2377 Haec
374 2319 560 2399 postquam
583 2304 732 2396 praelati
752 2325 891 2386 snmus,
917 2304 1080 2374 adiiciam
1096 2319 1137 2376 ut

154 2423 207 2484 est
221 2408 441 2480 consuetudo
456 2406 829 2476 commonefactionem
838 2404 960 2474 utilem
972 2407 1014 2475 ad
1033 2420 1137 2477 tuen·

155 2515 238 2582 dam
252 2510 434 2581 doctrinae
449 2507 655 2599 puritatem,
679 2519 713 2576 ct
727 2504 904 2576 Ecclesiae
925 2530 1057 2596 pacem,
1082 2509 1137 2577 vi-

154 2613 282 2682 delicet
297 2613 341 2681 de
354 2609 496 2679 iudiciis
509 2608 547 2676 in
565 2604 721 2678 Ecclesia
735 2606 951 2683 necessariis.

257 2709 341 2782 Non
357 2711 453 2781 enim
470 2709 652 2802 loquimur
666 2711 710 2779 de
724 2703 893 2794 Ecclesia,
916 2722 957 2779 ut
971 2711 1014 2780 de
1031 2708 1136 2781 ldaea

155 2814 356 2897 Platonica,
379 2812 440 2882 sed
455 2824 595 2881 coetum
611 2810 786 2880 visibilem
801 2825 1049 2898 monstramus,
1073 2813 1136 2906 qui

155 2916 259 2989 certis
288 2913 397 3004 signis
425 2912 639 2983 discernitur
663 2914 708 2981 ab
731 2912 811 2981 aliis
840 2906 1065 3000 hominibus,
1097 2915 1136 2983 in

156 3042 227 3112 quo
251 3040 332 3085 cum
352 3015 390 3083 in
414 3008 480 3084 hac
504 3013 576 3082 rita
599 3013 787 3082 dissimiles
809 3013 880 3084 sint
908 3015 1018 3100 cives,
1048 3016 1137 3100 sani,

156 3117 310 3208 aegroti,
336 3115 487 3201 dociles,
519 3114 661 3198 viciosi,
695 3114 870 3184 sanabiles
897 3128 932 3186 et
956 3115 1137 3186 insanabi-

155 3222 217 3295 les.
277 3215 320 3288 ln
352 3217 414 3288 tali
447 3229 549 3287 coetu
580 3216 892 3305 gubernatoribus,
936 3218 1077 3289 iudiciis
1104 3231 1137 3288 et
1168 3227 1171 3233 '

155 3320 278 3414 poenis
296 3342 385 3411 opus
402 3339 493 3401 esse,
518 3312 611 3385 nihil
628 3317 777 3387 dubium
794 3331 855 3401 est,
881 3330 916 3387 et
931 3343 998 3389 vor
1014 3320 1135 3389 divina

153 3421 339 3493 constituit
368 3419 510 3490 iudicia.
570 3416 690 3505 Quare
713 3421 758 3487 de
788 3412 856 3487 hoc
879 3442 990 3489 nervo
1021 3421 1118 3510 legiti

153 3546 231 3592 mae
270 3518 550 3611 congregationis
590 3541 730 3589 necesse
771 3533 839 3602 est,
876 3534 969 3589 recte
1002 3523 1137 3591 erudiri

155 3619 331 3694 homines.

256 3721 418 3792 Primum
434 3735 551 3792 autem
567 3718 716 3791 discerni
739 3732 877 3810 oportet
892 3721 1025 3792 iudices
1046 3722 1138 3813 poli-

154 3825 243 3895 ticos
257 3825 302 3894 ab
317 3823 538 3911 evangelicis.
568 3820 654 3891 Vult
667 3817 764 3890 Deus
778 3822 889 3910 legem
902 3846 1002 3893 suam
1015 3824 1139 3894 rectri-

156 3949 232 3994 cem
255 3947 328 3994 esse
352 3924 489 4015 generis
505 3918 672 4003 humani,
696 3922 774 3993 vult
788 3924 827 3991 in
844 3924 969 4014 poeuis
983 3924 1138 4016 conspici

156 4026 355 4098 testimonia
378 4024 622 4115 providentiae
647 4035 681 4094 et
706 4021 860 4094 iustitiae
881 4048 983 4111 suae,
1005 4029 1082 4098 vult
1105 4041 1139 4098 et

156 4127 354 4197 societatem
383 4123 569 4197 bominum
601 4126 817 4199 conservari.
869 4125 917 4198 Ut
947 4128 1057 4216 igitur
1083 4128 1158 4198 lex'

155 4251 230 4298 non
248 4228 293 4297 sit
307 4229 424 4298 inanis
439 4229 592 4311 sonitus,
617 4226 718 4297 addit
732 4228 912 4297 custodem
928 4242 962 4299 et
977 4242 1139 4300 executo-

156 4351 249 4411 rem,
281 4329 431 4407 scilicet,
457 4327 698 4417 magistratum
719 4351 780 4399 seu
804 4328 976 4417 iudicem,
1005 4328 1139 4420 Regem

157 4452 219 4501 seu
238 4424 461 4514 Praetorem,
493 4429 556 4522 qui
577 4425 685 4499 habet
713 4429 905 4520 legitimam
930 4446 1138 4524 potestatem

157 4528 310 4600 vocandi
324 4529 431 4615 cives,
451 4530 686 4618 cognoscendi
700 4533 970 4620 controversias,
994 4546 1030 4604 et
1044 4534 1140 4604 diiu-

156 4628 300 4701 dicandi
316 4631 411 4701 iuxta
426 4631 518 4720 leges
533 4631 684 4716 divinas,
707 4645 741 4701 et
757 4627 831 4718 has,
856 4659 945 4727 quae
961 4636 1139 4727 probabili

156 4732 294 4802 ratione
311 4731 405 4821 regia
419 4731 607 4802 autoritate
623 4733 763 4802 additae
778 4747 881 4820 sunt,
906 4750 941 4806 ct
956 4737 1011 4805 vel
1027 4738 1139 4807 corri-

156 4833 261 4921 gendi
280 4828 452 4902 humanas
464 4833 556 4924 leges
571 4833 747 4924 probabili
768 4834 924 4922 ratione,
948 4839 1004 4907 vel
1019 4839 1139 4909 dubiis

156 4934 310 5003 addendi
335 4935 658 5024 interpretationes,
682 4960 771 5028 quae
786 4935 903 5007 valent
916 4953 1060 5030 propter
1079 4964 1138 5009 or-

156 5033 252 5107 dinis
276 5035 519 5119 autoritatem,
543 5031 649 5107 babet
673 5036 756 5106 item
776 5050 981 5127 potestatem
1000 5042 1034 5109 vi
1059 5066 1138 5111 cor-

155 5134 270 5226 porali
290 5135 458 5223 cogendi,
483 5131 693 5207 cohercendi
709 5151 742 5208 et
759 5137 992 5210 interficiendi
1009 5159 1138 5217 sontes.

155 5232 253 5304 Haec
276 5234 435 5308 definitio
456 5248 506 5306 est
529 5237 656 5311 iudicis
678 5238 816 5333 politici
837 5240 875 5311 iu
900 5263 1045 5333 genere,
1075 5268 1138 5316 seu

156 5331 276 5425 Regis,
301 5360 363 5408 seu
376 5334 563 5410 Praetoris.

696 199 857 277 DECL
896 194 972 274 DE
1006 196 1257 275 lUDlCllS
1288 193 1629 276 ECCLESIAE.

2093 204 2170 281 tto

1287 370 1337 445 Ut
1357 386 1476 443 autem
1497 368 1643 441 Titanes
1673 372 1771 444 coelo
1797 373 1931 449 bellum
1955 376 2172 463 intulerunt,

1186 474 1235 546 ita
1250 474 1354 544 multi
1367 474 1434 544 leri
1450 468 1612 543 homines
1622 487 1750 560 ruunt,
1772 501 1842 570 qua
1855 502 1976 550 caecae
1989 479 2172 573 cupidita-

1186 591 1238 648 tes
1253 576 1460 669 impellunt,
1486 587 1521 646 et
1542 575 1680 664 lingunt
1702 571 1795 647 nihil
1809 601 1882 650 esse
1894 578 2029 668 Deum,
2055 583 2171 673 legem

1187 703 1261 748 non
1278 701 1351 748 esse
1363 675 1571 768 sapientiam
1589 674 1656 748 Dei
1674 689 1708 748 et
1724 681 1887 749 ordinem
1902 683 2088 769 divinum,
2113 683 2172 755 in·

1187 780 1300 850 dicem
1329 803 1404 849 non
1434 777 1606 849 divinitus
1633 779 1792 851 additum
1820 804 1892 852 esse
1921 782 2076 874 legibus,
2107 784 2172 856 sed

1187 876 1273 952 haec
1288 881 1408 951 omnia
1422 876 1705 953 terriculamenta
1729 905 1803 952 esse
1823 884 2014 956 calliditate
2036 908 2172 977 ρεαεο·

1187 1007 1267 1053 rum
1283 983 1492 1074 excogitata,
1515 993 1555 1050 ut
1576 981 1814 1054 multitudinis
1837 987 1993 1076 potentia
2009 981 2067 1056 his
2080 1008 2172 1080 qus-

1188 1085 1421 1179 libuscubque
1434 1082 1585 1152 vinculis
1600 1084 1823 1174 reprimatur.
1859 1085 1930 1158 Sed
1945 1101 2068 1160 contra
2082 1088 2175 1158 tales
2206 1132 2212 1140 -

1189 1186 1359 1257 Titanum
1383 1199 1417 1256 et
1437 1181 1632 1279 Cyclopum
1656 1186 1841 1277 opiniones
1861 1191 2095 1261 monstranda
2122 1201 2174 1259 est

1189 1289 1315 1360 veritas
1340 1289 1384 1358 de
1406 1283 1483 1358 Deo
1507 1288 1606 1357 etde
1626 1286 1719 1376 lege,
1740 1313 1829 1381 quac
1846 1302 1897 1361 εει
1912 1290 2086 1384 sapientia
2105 1288 2174 1362 Dei

1188 1402 1329 1461 aeterna
1350 1404 1385 1462 et
1406 1389 1572 1468 immota,
1595 1401 1630 1457 et
1646 1389 1866 1461 defendenda
1889 1405 1941 1462 est
1962 1393 2077 1481 gloria
2092 1388 2174 1464 Dei.

1189 1491 1412 1584 Sumpsimus
1441 1491 1549 1579 igitur
1578 1490 1818 1560 definitionem
1850 1493 1978 1563 iudicis
2007 1518 2050 1563 ex
2079 1492 2176 1563 veris

1188 1594 1364 1678 fontibus,
1390 1616 1478 1686 quae
1495 1590 1638 1685 quidem
1655 1591 1758 1682 longa
1774 1593 1935 1664 oratione
1950 1594 2128 1666 illustrari
2141 1606 2177 1667 ct

1190 1695 1391 1765 confirmari
1406 1707 1530 1786 posset,
1552 1693 1613 1762 sed
1628 1711 1821 1766 cernuntur
1834 1696 1949 1766 sontes
1964 1699 2010 1767 ab
2024 1690 2095 1776 bis,
2111 1695 2178 1788 qni

1189 1820 1264 1866 non
1279 1810 1362 1867 sunt
1382 1792 1499 1866 hostes
1514 1791 1599 1878 Dei,
1625 1817 1690 1865 nec
1705 1797 2024 1881 demonstrationes
2046 1810 2084 1869 et
2098 1820 2176 1889 may

1189 1898 1316 1969 nilesta
1340 1893 1408 1967 Dei
1437 1895 1638 1968 testimonia
1669 1911 1912 1988 aspernantur.
1963 1896 2030 1969 Est
2055 1912 2177 1971 autern

1189 2022 1274 2070 suus
1302 2001 1400 2070 locus
1426 1997 1533 2068 iudici
1564 1994 1730 2087 politico,
1763 2012 1797 2068 et
1823 1999 2006 2092 proprium
2028 2023 2176 2085 munus,

1190 2123 1356 2190 magnum
1377 2101 1468 2171 illud
1483 2098 1628 2195 quidem
1651 2112 1685 2173 ct
1699 2100 1869 2185 difficile,
1895 2115 1929 2172 ct
1948 2103 2101 2195 plenum
2118 2102 2176 2171 iu·

1189 2203 1348 2292 gentium
1360 2202 1611 2285 certaminum,
1639 2199 1823 2294 inquibus
1840 2202 1966 2273 veritas
1983 2216 2017 2274 et
2031 2203 2177 2296 sapien-

1190 2305 1238 2376 tia
1255 2319 1378 2375 contra
1393 2302 1575 2373 mendacia
1590 2313 1623 2370 et
1639 2298 1878 2393 sophisticam,
1896 2304 2037 2375 iusticia
2049 2317 2177 2376 contra

1190 2406 1426 2487 iniusticiam,
1458 2403 1656 2497 sapienter,
1683 2403 1775 2476 iuste
1796 2417 1841 2476 -ει
1868 2405 2009 2500 fortiter
2039 2430 2177 2500 propn-

1189 2509 1329 2598 gnanda
1346 2520 1409 2584 εει.

1290 2609 1506 2703 Quanquam
1525 2624 1643 2683 autem
1658 2608 1776 2704 aliqua
1799 2608 1996 2680 similitudo
2011 2622 2065 2681 est
2080 2607 2176 2679 iudi-

1189 2710 1239 2784 cis
1261 2712 1471 2802 evangelici,
1504 2725 1622 2783 tamen
1643 2712 1835 2782 discrimen
1861 2711 2016 2802 intelligi
2036 2732 2175 2783 necesse

1189 2827 1257 2895 cst,
1284 2838 1353 2907 qua
1370 2814 1409 2882 in
1425 2838 1464 2883 re
1480 2836 1582 2906 saepe
1596 2814 1770 2884 falluntur
1785 2808 1963 2885 homines.
2017 2800 2027 2816 ⁰

1290 2915 1438 3006 Semper
1453 2915 1548 2984 enirn
1566 2916 1727 2995 luerunt,
1752 2928 1885 2986 suntet
1906 2926 2012 2985 eruut
2025 2912 2175 2999 indocti,

1189 3029 1224 3086 et
1237 3016 1333 3096 mali,
1357 3016 1419 3110 qui
1435 3016 1471 3084 in
1486 3011 1641 3087 Ecclesia
1656 3030 1717 3088 aut
1731 3016 1909 3087 licentiam
1926 2990 2176 3103 induitamset

1190 3112 1376 3212 ἀναρχίαν
1409 3140 1481 3201 esse
1515 3118 1657 3202 volunt,
1692 3130 1753 3189 aut
1782 3118 2009 3212 tyrannidem
2043 3117 2176 3189 cousti-

1191 3233 1313 3299 luunt,
1345 3242 1549 3312 quanquam
1572 3232 1606 3289 et
1636 3213 1817 3312 ἀναρχία,
1849 3219 2013 3314 tyrannis
2035 3218 2178 3290 infinita

1191 3324 1260 3405 est,
1283 3320 1363 3390 idco
1379 3320 1474 3390 enim
1492 3319 1623 3391 indicia
1640 3323 1793 3400 abolent,
1817 3344 1862 3389 ue
1877 3321 2023 3391 refutari
2039 3319 2177 3413 possint

1230 3444 1339 3504 rores,
1362 3445 1451 3514 quos
1465 3436 1584 3492 amant
1599 3423 1678 3513 ipsi,
1701 3436 1736 3493 ει
1748 3422 1962 3491 lectionibus
1976 3422 2176 3494 stabiliunt.

1292 3520 1446 3593 Protulit
1469 3536 1586 3592 autem
1609 3548 1649 3593 ex
1670 3524 1752 3593 sinu
1769 3523 1904 3593 aeterni
1925 3523 2038 3614 patris
2053 3518 2174 3594 Evan-

1191 3623 1320 3714 gelium
1338 3623 1411 3716 ipse
1426 3623 1520 3693 filius
1533 3620 1601 3692 Dei
1617 3621 1726 3723 λόγος
1741 3625 1873 3694 aeterni
1888 3625 2009 3718 patris,
2032 3639 2069 3696 et
2084 3618 2174 3694 hanc

1191 3749 1289 3796 snam
1309 3749 1428 3795 vocem
1445 3725 1522 3794 vult
1548 3725 1719 3815 integram
1744 3727 1822 3795 sine
1843 3726 2074 3818 corruptelis,
2100 3725 2175 3797 sius

1191 3826 1373 3897 additione
1400 3840 1433 3897 ει
1455 3826 1532 3895 εἰαε
1549 3827 1771 3898 mutilatione
1792 3827 1954 3920 proponi.

1292 3925 1370 3998 Hac
1390 3952 1474 3998 voce
1498 3927 1574 4019 ipse
1595 3941 1647 3998 est
1670 3929 1810 4014 efficax,
1842 3941 1959 3999 servat
1980 3942 2018 4001 et
2042 3926 2176 4025 indiget

1191 4025 1365 4114 homines,
1385 4030 1445 4099 sed
1459 4044 1577 4101 tamen
1591 4033 1681 4101 utin
1697 4044 1799 4102 coctu
1813 4030 1958 4115 risibili,
1976 4029 2056 4101 vult
2070 4031 2176 4105 etim

1191 4144 1418 4201 externorum
1449 4131 1851 4207 delictorumiudieem
1881 4131 2060 4200 visibilem
2091 4155 2175 4210 esse,

1191 4233 1320 4301 scilicet
1328 4228 1533 4310 Ecclesiam,
1550 4232 1640 4303 sieut
1657 4234 1729 4324 ipse
1747 4233 1877 4326 inquit:
1902 4229 1969 4302 Dic
1984 4229 2177 4322 Ecclesiae·

1191 4331 1420 4428 Nequaquam
1437 4333 1532 4402 enim
1549 4335 1626 4405 vult
1642 4331 1828 4429 ἀναρχίαν
1844 4356 1929 4419 εεεε,
1954 4358 2068 4427 quare
2081 4333 2177 4404 Pan·

1191 4436 1247 4505 lus
1273 4433 1407 4528 inquit:
1445 4433 1542 4504 Deus
1566 4457 1639 4503 non
1673 4449 1725 4505 est
1756 4448 1861 4516 autor
1885 4431 2175 4517 ἀκαταστασίας.

1191 4536 1260 4609 Sed
1278 4533 1471 4605 Ecclesiam
1485 4535 1638 4605 iudicem
1654 4536 1775 4626 alligat
1795 4538 1840 4606 ad
1856 4560 2017 4606 normam
2030 4552 2176 4622 certam,

1191 4638 1324 4708 scilicet
1345 4638 1389 4705 ad
1407 4633 1662 4727 Evangelium,
1685 4639 1780 4732 quod
1805 4637 1978 4729 patefecit.
2028 4634 2102 4711 Hic
2122 4654 2177 4734 ty·

1190 4739 1295 4809 ranni
1319 4736 1505 4813 Pontifices
1532 4739 1699 4810 omnibus
1727 4739 1946 4832 temporibus
1972 4734 2178 4835 κακοζηλία

1191 4841 1347 4911 iudicum
1365 4840 1590 4931 politicorum
1616 4842 1693 4910 ausi
1718 4853 1801 4910 sunt
1815 4841 1944 4911 addere
1960 4841 2127 4932 dogmate
2143 4854 2177 4913 et

1190 4943 1349 5026 numina,
1368 4955 1402 5010 et
1418 4965 1497 5011 cum
1511 4941 1667 5012 dicerent
1682 4964 1718 5010 se
1733 4936 1864 5011 habere
1878 4956 2086 5033 potestatem
2100 4967 2178 5014 arn·

1189 5043 1295 5134 bigua
1310 5041 1575 5134 interpretandi,
1600 5043 1777 5114 linxerunt
1792 5043 1897 5113 falsas
1909 5044 2178 5135 interpretatio-

1190 5167 1273 5230 nes,
1298 5168 1384 5238 quas
1403 5144 1527 5213 dicunt
1550 5143 1666 5212 valere
1682 5158 1826 5235 propter
1841 5145 1981 5214 ordinis
2001 5147 2177 5222 autorita-

1190 5259 1272 5318 tem.
1327 5241 1381 5316 Ex
1402 5239 1470 5314 hoc
1492 5266 1611 5313 errore
1633 5245 1719 5315 falsa
1743 5246 1906 5336 dogmata
1924 5259 1969 5316 ,ει
1993 5246 2082 5317 falsa
2105 5271 2178 5318 uu·

1189 5347 1288 5420 mina
1301 5345 1340 5416 in
1352 5341 1510 5418 Ecclesia
1524 5344 1678 5418 stabilita
1691 5360 1787 5419 sunt
