4680 6038
20 248 24 253 .
77 146 154 272 aaa
299 162 304 170 '
438 208 441 213 ·
691 204 694 209 ·
768 191 797 268 1.
837 188 1406 272 cneonrconcnnroms.
2028 201 2102 277 ras

177 365 380 437 Constituto
395 381 512 438 autem
526 388 648 456 regno,
667 369 778 436 multa
796 368 961 458 deinceps
977 389 1063 436 con·
1088 381 1092 424 Ι
1116 368 1251 456 palitiis
1278 369 1383 439 etiam
1409 367 1560 454 tribuat,
1595 372 1800 444 ardentibus
1817 374 1909 444 votis
1931 389 2101 466 petamus.

76 470 264 539 sideranda
281 485 379 548 sunt,
406 471 499 537 bona
515 482 548 538 et
562 469 666 543 mala.
718 468 906 539 Sunnmm
928 474 1062 539 bonum
1088 458 1090 533 ᾇ
1114 467 1161 540 Et
1177 471 1240 540 ubi
1258 473 1406 554 dantur,
1434 492 1664 559 agnoscamus
1684 498 1722 543 ea
1740 498 1814 545 esse
1829 472 1896 545 Dei
1913 500 2038 569 opera,
2063 493 2099 549 et

78 572 117 640 in
132 573 572 663 qualibetcongregatione
586 583 636 639 est
645 574 864 640 conservatio
881 596 982 639 verae
996 574 1062 640 do·
1113 573 1203 660 grati
1222 570 1337 642 Deum
1361 587 1519 643 autorem
1543 588 1577 645 et
1599 577 1779 647 custodem
1803 579 2038 665 celebremus,
2062 593 2098 651 et

76 675 212 746 ctrinae
245 675 288 741 de
309 670 385 744 Deo
413 689 447 742 et
478 671 666 742 Ecclesiae.
719 670 812 760 Quia
835 668 997 743 homines
1015 675 1059 742 ad
1086 738 1088 743 ,
1112 676 1263 743 retinere
1281 699 1320 743 ea
1341 678 1554 746 studeamus.

74 776 294 866 agnitionem
312 777 402 861 Dei,
429 789 463 845 et
478 777 520 844 ad
538 789 698 847 aeternae
714 771 890 844 Ecclesiae
914 776 1059 845 societa-
1083 782 1087 885 ff
1212 776 1261 847 Ut
1275 790 1393 846 autem
1409 790 1542 848 caetera
1558 779 1679 848 divina
1697 804 1802 871 opera
1816 781 1993 853 Diabolus
2009 783 2093 856 odio

74 891 168 963 tem,
193 901 268 947 non
283 891 422 948 tantum
438 879 481 947 ad
499 872 606 949 huius
621 878 714 946 vitae
727 879 885 947 mortalis
899 879 1058 968 ingentes
1110 876 1177 948 Dei
1205 902 1431 970 corrumpere
1453 895 1619 966 conatur,
1653 894 1692 950 ut
1714 884 1752 950 in
1778 883 1851 974 ipsa
1872 900 1997 955 natura
2023 879 2093 955 hu-

72 1003 263 1052 aerumnas
280 981 416 1049 conditi
429 994 532 1064 sunt,
558 980 646 1049 sicut
662 980 793 1050 dicitur
803 977 974 1049 Matthaei
994 979 1058 1049 16:
1109 1003 1213 1050 mana
1231 983 1465 1052 tristissimam
1487 984 1760 1053 destructionem
1783 988 1882 1057 lecit:
1910 987 1969 1058 Sic
1982 1000 2017 1058 et
2031 1010 2091 1057 or-

73 1082 173 1171 Quid
189 1083 333 1173 prodest
346 1078 502 1165 homini,
529 1083 558 1150 si
576 1095 688 1151 totum
704 1085 878 1152 mundum
892 1084 1058 1166 lucretur,
1109 1083 1229 1151 dinem
1248 1084 1285 1152 in
1302 1085 1558 1173 gubernatione
1574 1086 1682 1154 variis
1698 1088 1879 1158 furoribus
1894 1090 2030 1173 turbat,
2057 1104 2091 1160 et

71 1185 230 1256 animam
257 1207 340 1253 vero
367 1185 528 1253 amittat?
575 1182 679 1252 ltem:
715 1183 874 1254 Primum
900 1187 1056 1278 quaerite
1108 1184 1293 1258 infirmitas
1312 1182 1485 1255 hnmanae
1501 1203 1645 1258 naturae
1660 1211 1723 1277 per
1737 1211 1811 1257 sese
1829 1190 1929 1259 facile
1945 1190 2089 1271 labitur,

70 1310 221 1377 regnum
240 1287 329 1371 Dei,
358 1301 392 1356 et
408 1299 539 1355 caetera
556 1286 768 1354 adiicientnr
784 1287 896 1355 vobis.
1107 1299 1141 1356 et
1157 1300 1252 1358 extra
1269 1289 1433 1357 ordinem
1451 1290 1535 1361 ruit.
1588 1286 1663 1358 Hae
1678 1303 1763 1360 sunt
1783 1315 1906 1362 causae
1923 1293 2089 1361 innume·

172 1388 357 1457 Laudatur
370 1411 452 1477 ergo
467 1412 487 1457 a
505 1386 620 1456 Moise
638 1401 671 1457 et
692 1388 771 1456 aliis
787 1384 975 1481 Prophetis
991 1413 1055 1479 po·
1107 1388 1274 1459 rabilinm
1291 1391 1464 1460 viciorum
1488 1404 1523 1460 et
1539 1391 1776 1462 calamitatum
1799 1393 1837 1461 in
1859 1393 2088 1483 gubernatio-

69 1491 147 1562 litia
167 1489 295 1574 lsrael,
320 1493 414 1583 quod
433 1491 470 1557 in
489 1490 562 1580 ipsa
587 1491 700 1560 luceat
714 1514 796 1559 vera
814 1492 996 1570 doctrina,
1022 1504 1055 1560 et
1106 1513 1160 1560 ne.
1212 1491 1335 1586 ltaque
1359 1504 1393 1562 et
1414 1493 1451 1560 in
1476 1516 1584 1580 regno
1605 1493 1727 1583 populi
1746 1495 1816 1565 Dei
1832 1497 1943 1566 multa
1960 1517 2089 1584 magna

69 1593 232 1687 quodibi
250 1588 664 1665 sitcertoEcclesinDei.
705 1588 1054 1665 ldeodiciturDeu·
1105 1594 1197 1662 mala
1210 1608 1429 1665 accesserunt
1442 1595 1624 1664 addivina
1643 1595 1821 1664 beneficia.
1875 1593 2035 1667 Ambitio
2051 1608 2087 1666 et

67 1695 259 1766 teronomii
276 1697 329 1767 4.:
357 1695 428 1763 Nec
447 1706 499 1762 est
514 1694 582 1762 alia
597 1694 715 1779 natio,
742 1720 831 1788 qnae
849 1691 976 1766 habeat
991 1719 1054 1786 ap-
1105 1697 1292 1766 aemulatio
1320 1699 1476 1788 primum
1506 1720 1622 1786 regem
1651 1692 1842 1765 Saulem
1865 1699 2008 1789 impulit
2039 1700 2087 1768 ad

66 1798 370 1889 propinquantem
394 1796 463 1865 sibi
481 1796 619 1877 Deum,
646 1796 736 1867 sicut
759 1799 856 1867 adest
872 1796 968 1868 Deus
987 1822 1053 1868 no·
1104 1798 1347 1870 crudelitatem
1376 1811 1410 1868 et
1436 1798 1673 1892 tyrannidem.
1725 1792 1889 1868 David
1911 1800 2086 1891 voluptati

67 1911 140 1970 ster
156 1900 292 1970 cunetis
308 1899 610 1968 obsecrationibus
626 1898 768 1968 nostris.
820 1898 877 1968 Ad
895 1895 958 1968 has
976 1902 1052 1971 lau·
1104 1899 1269 1986 indulsit,
1303 1901 1383 1970 ideo
1414 1924 1477 1991 per
1506 1900 1713 1969 seditionem
1738 1902 1853 1971 atilio
1877 1903 2000 1993 pulsus
2024 1916 2087 1974 est.

66 2002 129 2070 des
144 2002 297 2092 pertinet
320 2014 414 2070 totus
437 2001 528 2069 liber
543 1998 762 2086 Salomonis,
788 2001 846 2071 cui
861 2003 986 2073 titulus
1002 2015 1053 2072 est
1103 1998 1273 2072 Salomon
1296 2003 1339 2070 ad
1365 2002 1562 2093 voluptates
1584 2003 1721 2072 addidit
1743 2004 1878 2073 cultum
1895 2005 2087 2088 idolorum,

64 2093 129 2173 Ca
142 2100 328 2175 aticum.
1103 2103 1183 2172 ideo
1210 2119 1327 2195 postea
1352 2104 1580 2174 dilaceratum
1603 2116 1654 2172 est
1671 2128 1829 2193 regnum.
1878 2103 1974 2175 llaec
1990 2106 2087 2176 dila-

168 2202 246 2273 lloc
272 2205 381 2292 igitur
408 2205 446 2273 in
470 2204 567 2294 regio
594 2215 687 2274 statu
709 2204 844 2274 bonum
859 2219 928 2289 est,
954 2204 1049 2297 quod
1103 2208 1232 2275 ceratio
1249 2206 1384 2298 peperit
1398 2206 1545 2275 adsidua
1568 2207 1661 2274 bella
1680 2206 1816 2286 civilia,
1843 2207 2035 2277 seditiones
2051 2222 2086 2278 et

10 2372 33 2399 ·.
62 2307 188 2398 aliquo
220 2309 326 2373 modo
353 2306 494 2396 piorum
517 2328 638 2396 regum
669 2306 772 2375 labor
794 2300 878 2373 Deo
907 2307 1050 2375 iuvante
1102 2305 1282 2378 idolorum
1304 2309 1431 2378 cultus.
1490 2304 1539 2377 Et
1562 2321 1642 2397 post
1663 2331 1776 2377 annos
1798 2308 1843 2376 ab
1866 2309 1968 2376 initio
1987 2307 2085 2378 lero-

10 2394 16 2475 l
61 2409 201 2497 proluit
224 2409 267 2474 ad
292 2409 474 2476 doctrinae
503 2408 825 2493 conservationem,
858 2421 899 2477 ut
922 2405 1050 2491 David,
1102 2409 1205 2478 boam
1223 2413 1391 2480 ducentos
1408 2409 1641 2501 quadraginta
1658 2422 1821 2501 quatuor,
1847 2410 2085 2480 tristissimam

59 2509 254 2591 Salomon,
287 2505 468 2597 Iosophat,
494 2503 685 2594 Ezechias,
713 2508 822 2579 losias
844 2511 958 2578 studia
983 2510 1045 2578 do·
1101 2511 1366 2601 dissipationem
1390 2514 1508 2580 decem
1538 2511 1718 2595 tribuum,
1753 2535 1843 2603 quae
1871 2512 2085 2601 posteritatis

60 2609 198 2678 ctrinae
214 2623 249 2678 et
267 2634 369 2677 veros
385 2612 500 2679 cultus
516 2613 740 2684 adiuverunt.
1102 2610 1206 2681 lacob
1229 2636 1310 2704 pars
1330 2612 1482 2680 maxima
1497 2612 1582 2695 suit,
1606 2635 1644 2680 ac
1660 2636 1883 2704 nequaquam
1905 2613 2086 2682 existima-

164 2709 368 2780 Secnndnm
387 2713 518 2780 bonnm
542 2712 628 2801 regii
651 2727 761 2782 status
777 2713 863 2797 fuit,
890 2713 985 2803 quod
1008 2710 1046 2777 in
1100 2714 1150 2781 vit
1174 2715 1355 2798 futurum,
1386 2726 1427 2783 ut
1452 2738 1492 2782 er
1513 2706 1576 2781 hac
1599 2714 1681 2780 sede
1705 2714 1906 2799 eiiceretur,
1940 2738 2030 2807 quae
2048 2728 2084 2785 et

58 2834 182 2900 regum
218 2814 374 2881 victoriis
404 2813 500 2883 Deus
535 2815 687 2882 illustria
724 2814 927 2884 testimonia
964 2835 1047 2882 suae
1099 2816 1271 2888 divinitus
1295 2815 1465 2906 promissa
1494 2827 1586 2897 erat,
1618 2828 1650 2883 et
1675 2815 1878 2903 ingentibus
1901 2815 2083 2886 miraculis

57 2914 278 3006 praesentiae
297 2915 333 2981 in
350 2910 416 2983 hoc
433 2915 565 3005 populo
581 2916 753 2995 ostendit,
779 2938 854 2984 sese
873 2915 1047 3003 patefecit,
1099 2920 1228 2987 tradita
1245 2931 1279 2987 et
1294 2918 1436 2984 defensa
1452 2908 1577 2986 ferierat.
1629 2914 1698 2985 Sed
1726 2912 1793 2985 hoc
1812 2916 2084 3006 exemplorunl-

59 3029 97 3085 et
121 3016 320 3085 testimonia
344 3018 526 3085 doctrinae
551 3030 586 3085 et
608 3013 787 3086 Ecclesiae
809 3013 987 3100 exhibuit,
1013 3030 1046 3085 et
1098 3032 1133 3087 ta
1155 3016 1251 3088 Deus
1273 3031 1404 3087 monet.
1457 3011 1628 3086 Ostendit
1652 3017 1923 3106 promissionem
1947 3019 2083 3108 praeci-

56 3111 254 3206 Prophetas
270 3118 413 3207 regibus
429 3119 600 3187 adiunxit·
643 3116 825 3187 Summam
843 3120 947 3188 etiam
963 3142 1046 3207 pro-
1098 3143 1203 3208 pnam
1234 3144 1307 3188 non
1337 3142 1409 3186 esse
1439 3120 1483 3186 de
1513 3113 1581 3184 hoc
1609 3118 1754 3206 politico
1786 3142 1913 3207 regno,
1948 3121 2007 3188 sed
2037 3120 2082 3188 de

55 3218 263 3286 missionem
289 3222 332 3287 de
355 3213 412 3286 M
417 3217 541 3287 essia
565 3218 747 3309 repetivit,
775 3233 807 3287 et
832 3220 876 3288 ad
899 3219 1044 3307 stirpem
1097 3223 1249 3291 aeternis
1272 3216 1387 3291 bohis.
1445 3215 1493 3287 Et
1514 3218 1627 3285 voluit
1650 3219 1688 3285 in
1709 3220 1832 3308 poenis
1850 3220 1936 3288 disci
1955 3220 2082 3288 discri-

53 3314 268 3388 Daeidis
301 3322 478 3410 alligavit,
519 3334 559 3390 nt
585 3334 680 3389 certo
711 3322 879 3405 sciretur,
921 3321 981 3386 ubi
1011 3334 1044 3389 et
1098 3348 1179 3391 men
1210 3321 1484 3413 promissionum
1515 3332 1736 3388 aeternarum
1767 3335 1801 3391 et
1823 3321 2081 3411 temporalium.

53 3421 360 3515 qnandoMessias
373 3441 543 3492 venturus
558 3435 644 3491 crat.
678 3419 724 3491 Et
737 3417 820 3490 huic
836 3422 1043 3512 promissio·
1096 3424 1148 3495 Ac
1165 3425 1321 3516 prolecto
1338 3422 1496 3512 oportuit
1512 3444 1585 3489 esse
1602 3421 1826 3490 excellentem
1842 3414 2080 3491 eruditionem

50 3524 93 3593 ni
106 3520 173 3594 hnc
189 3526 323 3593 bonum
339 3525 633 3607 adiunctumluit,
658 3525 860 3616 quodcerto
877 3524 1044 3608 sciebant,
1096 3528 1336 3610 sacerdotum,
1373 3525 1435 3618 qui
1468 3524 1666 3592 docuerunt
1697 3536 1830 3592 rectum
1860 3523 2080 3593 intellectum

51 3627 155 3695 illam
172 3628 332 3718 politiam
349 3631 555 3696 dnratnram
574 3650 667 3710 esse,
690 3628 802 3695 donec
816 3625 965 3694 Messias
984 3650 1042 3693 ex·
1096 3629 1391 3721 promissionum,
1427 3622 1476 3696 Et
1501 3626 1549 3694 ob
1583 3619 1675 3693 hanc
1707 3648 1846 3694 causam
1880 3620 2079 3717 Prophetae

52 3723 194 3798 hibitus
214 3743 313 3799 esset.
364 3727 462 3799 llaec
484 3731 577 3798 bona
605 3750 678 3797 non
700 3729 845 3798 inerunt
861 3729 898 3795 in
924 3721 1043 3796 ethni·
1094 3732 1191 3800 missi
1217 3742 1311 3802 sunt.

49 3831 105 3900 cis
133 3831 301 3921 imperiis.
356 3830 439 3900 ldeo
463 3827 530 3902 hoe
547 3854 694 3919 regnum
720 3829 824 3919 longe
838 3830 1043 3899 antecelluit
1195 3831 1320 3902 Postea
1352 3823 1460 3897 buius
1491 3828 1593 3919 regni
1627 3829 1796 3921 exemplis
1826 3842 1947 3900 monet
1980 3825 2078 3901 Deus

49 3933 92 4001 in
108 3946 182 4003 toto
204 3956 330 4022 genere
346 3927 516 4004 humano.
570 3932 623 4001 Ac
642 3933 862 4002 interiectum
879 3932 947 4002 snit
962 3931 1042 3999 aliis
1093 3957 1216 4006 omnes
1230 3928 1411 4014 homines,
1435 3941 1476 3999 ut
1492 3943 1691 4000 reverenter
1712 3931 1816 4000 donis
1830 3928 1899 4000 Dei
1919 3942 2078 4016 utantur,

46 4036 190 4126 regnis,
228 4034 423 4129 Aegyptio,
453 4034 661 4128 hssyriaco,
693 4029 871 4105 Chaldaeo
899 4046 934 4103 et
954 4031 1041 4102 Per·
1092 4049 1126 4108 et
1141 4037 1295 4125 cogitent
1309 4035 1353 4103 de
1367 4030 1500 4100 iudicio
1514 4031 1599 4116 Dei,
1626 4045 1659 4102 et
1674 4054 1747 4101 sese
1762 4034 1804 4101 ad
1819 4032 2075 4123 poenitentiam

46 4137 148 4219 sico,
173 4150 212 4206 nt
228 4137 312 4206 inde
334 4138 467 4227 agnitio
489 4139 565 4206 veri
583 4135 649 4207 Dei
665 4150 918 4229 propagaretur
934 4137 1038 4205 etiam
1092 4152 1127 4209 et
1148 4160 1266 4209 veram
1288 4133 1549 4227 invocationem
1568 4134 1771 4204 exuscitent.
1823 4129 1877 4204 Ae
1896 4133 2074 4221 magnitu—

47 4240 97 4309 ad
114 4240 244 4308 multas
261 4240 347 4307 alias
363 4254 493 4328 gentes.
1091 4243 1137 4311 do
1155 4262 1351 4331 poenarum
1368 4248 1550 4327 utrunque
1566 4235 1738 4319 ostendit,
1763 4235 1852 4304 iram
1863 4234 1934 4305 Dei
1948 4235 2074 4304 adver-

157 4338 321 4410 Tertinm
345 4343 479 4411 bonum
503 4340 572 4411 fuit
597 4339 684 4428 regii
707 4352 835 4423 status,
861 4339 957 4433 quod
980 4352 1038 4408 ut·
1090 4366 1149 4413 sus
1167 4354 1365 4433 peccatum,
1390 4349 1424 4406 et
1441 4359 1563 4406 rursus
1580 4337 1812 4427 praesentiam
1826 4333 1912 4419 Dei,
1937 4333 2074 4427 potenti

44 4464 194 4534 cunque
223 4444 359 4531 proluit
390 4444 435 4510 ad
469 4442 694 4513 durationem
727 4441 885 4532 politiae.
946 4438 1039 4511 Sunt
1090 4446 1211 4514 dextra
1236 4443 1330 4535 inter
1358 4450 1473 4508 tantas
1505 4437 1729 4508 confusiones
1754 4437 1926 4508 servantis
1952 4452 2071 4510 tamen

41 4545 148 4615 enim
165 4568 185 4613 a
201 4546 377 4636 principio
392 4541 539 4613 Davidis
559 4566 671 4636 usque
695 4544 741 4611 ad
758 4556 908 4612 mortem
925 4540 1038 4613 Sede·
1089 4546 1189 4635 regni
1206 4558 1360 4638 partem,
1385 4551 1560 4631 quatenus
1575 4551 1751 4623 servetur,
1776 4540 1867 4611 sicut
1883 4539 2001 4632 inquit
2016 4536 2072 4607 ls-

47 4641 154 4717 chiae
180 4647 266 4716 anni
293 4646 543 4738 quadringenti
572 4645 751 4734 sexaginta
788 4658 933 4735 septem.
989 4640 1039 4715 Et
1088 4647 1233 4718 remias:
1272 4640 1541 4714 Misericordiae
1570 4640 1719 4713 Domini
1750 4642 1847 4735 quod
1876 4663 1951 4709 non
1983 4662 2071 4710 con·

10 4744 14 4789 ¹
42 4760 171 4819 umen
197 4761 315 4838 postea
341 4772 482 4841 qnoque
506 4759 584 4839 post
608 4748 763 4816 reditum
789 4769 831 4817 es
854 4744 1038 4839 Babylone
1089 4747 1222 4841 sumpti
1247 4767 1378 4818 sumus.
1860 4784 1863 4791 ·

10 4846 17 4917 l
49 4850 162 4921 duces
183 4850 328 4920 luerunt
355 4873 395 4918 ex
423 4850 531 4940 stirpe
552 4846 669 4918 David
692 4871 805 4942 usque
831 4849 876 4918 ad
896 4847 1036 4919 Macca-
1188 4840 1964 4938 intuentesitaquehistoriampopulilsradl,
1979 4843 2069 4912 scia-

10 4952 18 4995 *
47 4948 175 5032 baeos,
199 4975 312 5021 annos
326 4964 501 5021 trecentos
516 4949 736 5040 septuaginta
751 4964 833 5021 tres.
1088 4974 1167 5022 mus
1198 4971 1264 5021 nos
1293 4952 1338 5020 de
1358 4948 1482 5018 multis
1502 4947 1640 5037 magnis
1667 4946 1773 5016 rebus
1798 4943 2069 5015 commonelieri.

10 5067 21 5109 Ι·
155 5050 252 5123 llaec
273 5055 368 5122 bona
387 5053 495 5122 inisse
516 5074 644 5140 magna
665 5066 700 5122 et
722 5052 914 5141 singularia
930 5074 1036 5142 opera
1088 5053 1142 5123 Ae
1156 5053 1261 5123 initio
1276 5047 1384 5122 huius
1397 5044 1570 5121 Chronici
1586 5048 1758 5132 diximus,
1782 5070 1823 5117 ex
1839 5043 1895 5116 his
1911 5041 2068 5115 historiis

10 5162 22 5211 Ι
50 5150 153 5235 Dei,
179 5156 440 5245 agnoscendum
460 5165 531 5237 est,
556 5154 648 5223 sicut
671 5152 924 5244 scriptumest:
957 5152 1036 5223 Nisi
1088 5178 1164 5223 non
1185 5166 1324 5224 tantum
1345 5152 1501 5243 exempla
1525 5150 1688 5242 politicae
1708 5149 1976 5238 gubernationis
2005 5167 2068 5238 pe-

10 5250 26 5316 l*
42 5251 243 5326 Dominus
255 5254 462 5327 custodierit
474 5255 672 5339 civitatem,
694 5256 825 5325 frustra
840 5256 961 5347 vigilat
973 5255 1037 5347 qui
1087 5258 1192 5327 tenda
1208 5279 1301 5341 esse,
1325 5254 1445 5350 qualia
1460 5253 1630 5343 praebent
1645 5272 1700 5320 res
1713 5265 1827 5341 gestae
1843 5252 1881 5318 in
1904 5249 1984 5318 aliis
1999 5247 2068 5315 im-

10 5359 207 5441 trasconis
229 5382 317 5432 um.
366 5353 414 5430 Ee
442 5370 482 5431 ut
503 5352 590 5428 haec
615 5377 755 5428 summa
780 5359 877 5430 bona
903 5356 1037 5430 nostris
1086 5357 1213 5451 periis:
1241 5359 1305 5430 sed
1317 5357 1431 5430 multo
1445 5353 1556 5442 magis
1572 5350 1770 5424 testimonia
1793 5351 2067 5444 patefactionem
