<?xml version="1.0" encoding="UTF-8"?>
<!DOCTYPE html PUBLIC "-//W3C//DTD XHTML 1.0 Transitional//EN"
    "http://www.w3.org/TR/xhtml1/DTD/xhtml1-transitional.dtd">
<html xmlns="http://www.w3.org/1999/xhtml" xml:lang="en" lang="en">
 <head>
  <title>
</title>
<meta http-equiv="Content-Type" content="text/html;charset=utf-8" />
  <meta name='ocr-system' content='tesseract 3.04.00' />
  <meta name='ocr-capabilities' content='ocr_page ocr_carea ocr_par ocr_line ocrx_word'/>
</head>
<body>
  <div class='ocr_page' id='page_1' title='image "./corpusreformato00bretgoog_0347.png"; bbox 0 0 4680 6038; ppageno 0'>
   <div class='ocr_carea' id='block_1_1' title="bbox 149 190 2192 281">
    <p class='ocr_par' dir='ltr' id='par_1_1' title="bbox 149 190 2192 281">
     <span class='ocr_line' id='line_1_1' title="bbox 149 190 2192 281; baseline -0.007 0"><span class='ocrx_word' id='word_1_1' title='bbox 149 200 225 281; x_wconf 83' lang='lat' dir='ltr'><strong>oet</strong></span> <span class='ocrx_word' id='word_1_2' title='bbox 923 190 1416 276; x_wconf 75' lang='lat' dir='ltr'><strong>nisntlnaiioiins</strong></span> <span class='ocrx_word' id='word_1_3' title='bbox 2120 196 2192 281; x_wconf 60' lang='grc' dir='ltr'><strong>ως</strong></span> 
     </span>
    </p>
   </div>
   <div class='ocr_carea' id='block_1_2' title="bbox 162 366 2196 1080">
    <p class='ocr_par' dir='ltr' id='par_1_2' title="bbox 162 366 2196 1080">
     <span class='ocr_line' id='line_1_2' title="bbox 260 366 2191 471; baseline -0.004 -22"><span class='ocrx_word' id='word_1_4' title='bbox 260 372 373 449; x_wconf 78' lang='lat' dir='ltr'><strong>Recte</strong></span> <span class='ocrx_word' id='word_1_5' title='bbox 399 372 545 445; x_wconf 85' lang='lat' dir='ltr'><strong>dixisset</strong></span> <span class='ocrx_word' id='word_1_6' title='bbox 569 366 813 464; x_wconf 83' lang='lat' dir='ltr'><strong>Augustinus,</strong></span> <span class='ocrx_word' id='word_1_7' title='bbox 844 369 875 442; x_wconf 90' lang='lat' dir='ltr'><strong>si</strong></span> <span class='ocrx_word' id='word_1_8' title='bbox 891 371 1061 454; x_wconf 78' lang='lat' dir='ltr'>dixisset,</span> <span class='ocrx_word' id='word_1_9' title='bbox 1096 392 1154 441; x_wconf 88' lang='lat' dir='ltr'><strong>eas</strong></span> <span class='ocrx_word' id='word_1_10' title='bbox 1207 377 1309 471; x_wconf 82' lang='lat' dir='ltr'><strong>schola</strong></span> <span class='ocrx_word' id='word_1_11' title='bbox 1328 399 1380 440; x_wconf 82' lang='lat' dir='ltr'><strong>ore</strong></span> <span class='ocrx_word' id='word_1_12' title='bbox 1399 373 1572 456; x_wconf 69' lang='lat' dir='ltr'><strong>tradidisse,</strong></span> <span class='ocrx_word' id='word_1_13' title='bbox 1598 395 1691 462; x_wconf 87' lang='lat' dir='ltr'><strong>asqna</strong></span> <span class='ocrx_word' id='word_1_14' title='bbox 1712 396 1730 438; x_wconf 89' lang='lat' dir='ltr'><strong>a</strong></span> <span class='ocrx_word' id='word_1_15' title='bbox 1748 375 1898 460; x_wconf 83' lang='lat' dir='ltr'><strong>disaipnlo</strong></span> <span class='ocrx_word' id='word_1_16' title='bbox 1918 380 2039 442; x_wconf 83' lang='lat' dir='ltr'><strong>salerno</strong></span> <span class='ocrx_word' id='word_1_17' title='bbox 2061 394 2191 463; x_wconf 64' lang='lat' dir='ltr'><strong>nepta,</strong></span> 
     </span>
     <span class='ocr_line' id='line_1_3' title="bbox 162 467 1907 572; baseline -0.006 -19"><span class='ocrx_word' id='word_1_18' title='bbox 162 484 258 572; x_wconf 84' lang='lat' dir='ltr'><strong>leges</strong></span> <span class='ocrx_word' id='word_1_19' title='bbox 288 480 333 549; x_wconf 93' lang='lat' dir='ltr'><strong>de</strong></span> <span class='ocrx_word' id='word_1_20' title='bbox 356 478 517 547; x_wconf 90' lang='lat' dir='ltr'><strong>moribus</strong></span> <span class='ocrx_word' id='word_1_21' title='bbox 540 499 576 547; x_wconf 92' lang='lat' dir='ltr'><strong>se</strong></span> <span class='ocrx_word' id='word_1_22' title='bbox 601 474 772 568; x_wconf 88' lang='lat' dir='ltr'><strong>reperisse</strong></span> <span class='ocrx_word' id='word_1_23' title='bbox 793 472 888 566; x_wconf 87' lang='lat' dir='ltr'><strong>apud</strong></span> <span class='ocrx_word' id='word_1_24' title='bbox 910 467 1157 569; x_wconf 91' lang='lat' dir='ltr'><strong>philosophos,</strong></span> <span class='ocrx_word' id='word_1_25' title='bbox 1207 494 1238 545; x_wconf 91' lang='lat' dir='ltr'><strong>et</strong></span> <span class='ocrx_word' id='word_1_26' title='bbox 1253 502 1293 544; x_wconf 88' lang='lat' dir='ltr'><strong>ex</strong></span> <span class='ocrx_word' id='word_1_27' title='bbox 1306 485 1370 544; x_wconf 89' lang='lat' dir='ltr'><strong>eina</strong></span> <span class='ocrx_word' id='word_1_28' title='bbox 1384 479 1493 545; x_wconf 88' lang='lat' dir='ltr'><strong>sobeda</strong></span> <span class='ocrx_word' id='word_1_29' title='bbox 1508 502 1526 542; x_wconf 94' lang='lat' dir='ltr'><strong>a</strong></span> <span class='ocrx_word' id='word_1_30' title='bbox 1540 481 1708 565; x_wconf 73' lang='lat' dir='ltr'><strong>bibliopola</strong></span> <span class='ocrx_word' id='word_1_31' title='bbox 1722 480 1801 544; x_wconf 86' lang='lat' dir='ltr'><strong>edita</strong></span> <span class='ocrx_word' id='word_1_32' title='bbox 1816 481 1907 563; x_wconf 87' lang='lat' dir='ltr'><strong>esse.)</strong></span> 
     </span>
     <span class='ocr_line' id='line_1_4' title="bbox 164 573 1158 679; baseline -0.007 -26"><span class='ocrx_word' id='word_1_33' title='bbox 164 604 257 679; x_wconf 87' lang='lat' dir='ltr'><strong>qnae</strong></span> <span class='ocrx_word' id='word_1_34' title='bbox 279 581 449 671; x_wconf 88' lang='lat' dir='ltr'><strong>leguntur</strong></span> <span class='ocrx_word' id='word_1_35' title='bbox 469 579 566 671; x_wconf 90' lang='lat' dir='ltr'><strong>apud</strong></span> <span class='ocrx_word' id='word_1_36' title='bbox 585 573 819 649; x_wconf 87' lang='lat' dir='ltr'><strong>Christianos.</strong></span> <span class='ocrx_word' id='word_1_37' title='bbox 878 575 969 648; x_wconf 89' lang='lat' dir='ltr'><strong>Nam</strong></span> <span class='ocrx_word' id='word_1_38' title='bbox 990 576 1158 665; x_wconf 87' lang='lat' dir='ltr'><strong>Evange-</strong></span> 
     </span>
     <span class='ocr_line' id='line_1_5' title="bbox 163 667 2196 775; baseline -0.001 -19"><span class='ocrx_word' id='word_1_39' title='bbox 163 686 257 757; x_wconf 92' lang='lat' dir='ltr'><strong>lium</strong></span> <span class='ocrx_word' id='word_1_40' title='bbox 285 702 432 775; x_wconf 91' lang='lat' dir='ltr'><strong>prorsus</strong></span> <span class='ocrx_word' id='word_1_41' title='bbox 460 683 626 774; x_wconf 88' lang='lat' dir='ltr'><strong>ignorant</strong></span> <span class='ocrx_word' id='word_1_42' title='bbox 648 672 871 773; x_wconf 79' lang='lat' dir='ltr'><strong>philosophi,</strong></span> <span class='ocrx_word' id='word_1_43' title='bbox 904 678 967 772; x_wconf 89' lang='lat' dir='ltr'><strong>qui</strong></span> <span class='ocrx_word' id='word_1_44' title='bbox 989 678 1158 770; x_wconf 88' lang='lat' dir='ltr'><strong>ignorant</strong></span> <span class='ocrx_word' id='word_1_45' title='bbox 1207 667 1293 751; x_wconf 86' lang='lat' dir='ltr'><strong>Hoc</strong></span> <span class='ocrx_word' id='word_1_46' title='bbox 1316 678 1355 748; x_wconf 90' lang='lat' dir='ltr'><strong>in</strong></span> <span class='ocrx_word' id='word_1_47' title='bbox 1379 678 1460 750; x_wconf 89' lang='lat' dir='ltr'><strong>loco</strong></span> <span class='ocrx_word' id='word_1_48' title='bbox 1483 679 1628 753; x_wconf 90' lang='lat' dir='ltr'><strong>collatio</strong></span> <span class='ocrx_word' id='word_1_49' title='bbox 1653 675 1829 752; x_wconf 88' lang='lat' dir='ltr'><strong>humanae</strong></span> <span class='ocrx_word' id='word_1_50' title='bbox 1853 679 2015 751; x_wconf 80' lang='lat' dir='ltr'><strong>iustitiae</strong></span> <span class='ocrx_word' id='word_1_51' title='bbox 2035 681 2086 751; x_wconf 87' lang='lat' dir='ltr'><strong>ad</strong></span> <span class='ocrx_word' id='word_1_52' title='bbox 2107 674 2196 753; x_wconf 86' lang='lat' dir='ltr'><strong>thri·</strong></span> 
     </span>
     <span class='ocr_line' id='line_1_6' title="bbox 165 774 2194 874; baseline -0.002 -15"><span class='ocrx_word' id='word_1_53' title='bbox 165 784 492 859; x_wconf 79' lang='lat' dir='ltr'><strong>reconciliationem</strong></span> <span class='ocrx_word' id='word_1_54' title='bbox 525 783 594 853; x_wconf 86' lang='lat' dir='ltr'><strong>lide</strong></span> <span class='ocrx_word' id='word_1_55' title='bbox 623 794 768 874; x_wconf 89' lang='lat' dir='ltr'><strong>propter</strong></span> <span class='ocrx_word' id='word_1_56' title='bbox 794 774 979 852; x_wconf 80' lang='lat' dir='ltr'><strong>Christum</strong></span> <span class='ocrx_word' id='word_1_57' title='bbox 1013 778 1158 851; x_wconf 90' lang='lat' dir='ltr'><strong>contin·</strong></span> <span class='ocrx_word' id='word_1_58' title='bbox 1209 784 1358 854; x_wconf 82' lang='lat' dir='ltr'><strong>elianam</strong></span> <span class='ocrx_word' id='word_1_59' title='bbox 1374 780 1582 855; x_wconf 78' lang='lat' dir='ltr'><strong>instituitur.</strong></span> <span class='ocrx_word' id='word_1_60' title='bbox 1633 777 1698 855; x_wconf 82' lang='lat' dir='ltr'><strong>Est</strong></span> <span class='ocrx_word' id='word_1_61' title='bbox 1713 796 1831 854; x_wconf 90' lang='lat' dir='ltr'><strong>autem</strong></span> <span class='ocrx_word' id='word_1_62' title='bbox 1847 783 2194 856; x_wconf 78' lang='lat' dir='ltr'><strong>valdenaeeasarinn</strong></span> 
     </span>
     <span class='ocr_line' id='line_1_7' title="bbox 169 880 2195 980; baseline 0 -23"><span class='ocrx_word' id='word_1_63' title='bbox 169 910 263 980; x_wconf 81' lang='lat' dir='ltr'><strong>gere.</strong></span> <span class='ocrx_word' id='word_1_64' title='bbox 312 882 498 957; x_wconf 78' lang='lat' dir='ltr'><strong>Caeterum</strong></span> <span class='ocrx_word' id='word_1_65' title='bbox 520 886 613 976; x_wconf 89' lang='lat' dir='ltr'><strong>leges</strong></span> <span class='ocrx_word' id='word_1_66' title='bbox 634 887 678 954; x_wconf 89' lang='lat' dir='ltr'><strong>de</strong></span> <span class='ocrx_word' id='word_1_67' title='bbox 699 880 866 955; x_wconf 84' lang='lat' dir='ltr'><strong>civilibus</strong></span> <span class='ocrx_word' id='word_1_68' title='bbox 879 881 1041 955; x_wconf 86' lang='lat' dir='ltr'><strong>moribus</strong></span> <span class='ocrx_word' id='word_1_69' title='bbox 1058 905 1159 954; x_wconf 86' lang='lat' dir='ltr'><strong>com·</strong></span> <span class='ocrx_word' id='word_1_70' title='bbox 1210 906 1436 973; x_wconf 88' lang='lat' dir='ltr'><strong>cognoscere,</strong></span> <span class='ocrx_word' id='word_1_71' title='bbox 1461 886 1548 978; x_wconf 89' lang='lat' dir='ltr'><strong>qnid</strong></span> <span class='ocrx_word' id='word_1_72' title='bbox 1565 886 1658 955; x_wconf 91' lang='lat' dir='ltr'><strong>inter</strong></span> <span class='ocrx_word' id='word_1_73' title='bbox 1674 899 1862 978; x_wconf 81' lang='lat' dir='ltr'><strong>utramque</strong></span> <span class='ocrx_word' id='word_1_74' title='bbox 1875 884 2029 969; x_wconf 88' lang='lat' dir='ltr'><strong>intersit,</strong></span> <span class='ocrx_word' id='word_1_75' title='bbox 2055 897 2101 955; x_wconf 92' lang='lat' dir='ltr'><strong>nt</strong></span> <span class='ocrx_word' id='word_1_76' title='bbox 2114 885 2195 957; x_wconf 82' lang='lat' dir='ltr'><strong>scir-</strong></span> 
     </span>
     <span class='ocr_line' id='line_1_8' title="bbox 167 981 2194 1080; baseline -0.002 -19"><span class='ocrx_word' id='word_1_77' title='bbox 167 988 326 1061; x_wconf 88' lang='lat' dir='ltr'><strong>muniter</strong></span> <span class='ocrx_word' id='word_1_78' title='bbox 340 999 476 1058; x_wconf 88' lang='lat' dir='ltr'><strong>norunt</strong></span> <span class='ocrx_word' id='word_1_79' title='bbox 492 1009 572 1057; x_wconf 85' lang='lat' dir='ltr'><strong>cum</strong></span> <span class='ocrx_word' id='word_1_80' title='bbox 588 981 814 1060; x_wconf 86' lang='lat' dir='ltr'><strong>Christianis.</strong></span> <span class='ocrx_word' id='word_1_81' title='bbox 1209 1009 1307 1071; x_wconf 90' lang='lat' dir='ltr'><strong>mus,</strong></span> <span class='ocrx_word' id='word_1_82' title='bbox 1338 1001 1512 1080; x_wconf 71' lang='lat' dir='ltr'><strong>qnatems</strong></span> <span class='ocrx_word' id='word_1_83' title='bbox 1536 987 1650 1076; x_wconf 83' lang='lat' dir='ltr'><strong>exigat</strong></span> <span class='ocrx_word' id='word_1_84' title='bbox 1669 985 1768 1057; x_wconf 89' lang='lat' dir='ltr'><strong>Deus</strong></span> <span class='ocrx_word' id='word_1_85' title='bbox 1792 987 1968 1057; x_wconf 89' lang='lat' dir='ltr'><strong>iusticiam</strong></span> <span class='ocrx_word' id='word_1_86' title='bbox 1992 982 2194 1076; x_wconf 81' lang='lat' dir='ltr'><strong>humanam,</strong></span> 
     </span>
    </p>
   </div>
   <div class='ocr_carea' id='block_1_3' title="bbox 270 1084 2194 1215">
    <p class='ocr_par' dir='ltr' id='par_1_3' title="bbox 270 1084 2194 1215">
     <span class='ocr_line' id='line_1_9' title="bbox 270 1084 2194 1215; baseline -0.006 -22"><span class='ocrx_word' id='word_1_87' title='bbox 270 1120 344 1193; x_wconf 86' lang='lat' dir='ltr'><strong>Nec</strong></span> <span class='ocrx_word' id='word_1_88' title='bbox 364 1121 529 1215; x_wconf 85' lang='lat' dir='ltr'><strong>apparuit</strong></span> <span class='ocrx_word' id='word_1_89' title='bbox 550 1107 716 1195; x_wconf 90' lang='lat' dir='ltr'><strong>Christus</strong></span> <span class='ocrx_word' id='word_1_90' title='bbox 740 1120 840 1207; x_wconf 82' lang='lat' dir='ltr'><strong>ideo,</strong></span> <span class='ocrx_word' id='word_1_91' title='bbox 872 1134 913 1192; x_wconf 90' lang='lat' dir='ltr'><strong>nt</strong></span> <span class='ocrx_word' id='word_1_92' title='bbox 933 1143 1045 1193; x_wconf 86' lang='lat' dir='ltr'><strong>novas</strong></span> <span class='ocrx_word' id='word_1_93' title='bbox 1066 1120 1160 1210; x_wconf 88' lang='lat' dir='ltr'><strong>leges</strong></span> <span class='ocrx_word' id='word_1_94' title='bbox 1211 1102 1246 1159; x_wconf 67' lang='lat'><strong>²²</strong></span> <span class='ocrx_word' id='word_1_95' title='bbox 1267 1101 1441 1182; x_wconf 50' lang='lat' dir='ltr'><strong>‘lumem</strong></span> <span class='ocrx_word' id='word_1_96' title='bbox 1461 1084 2000 1180; x_wconf 61' lang='lat' dir='ltr'><strong>i&#39;&#39;ll’1&#39;0b‘ileafflPhll⁰⁸⁰lll¹l²¹r</strong></span> <span class='ocrx_word' id='word_1_97' title='bbox 2026 1102 2194 1183; x_wconf 55' lang='lat' dir='ltr'><strong>‘luam</strong></span> 
     </span>
    </p>
   </div>
   <div class='ocr_carea' id='block_1_4' title="bbox 164 1189 2195 1519">
    <p class='ocr_par' dir='ltr' id='par_1_4' title="bbox 164 1189 2195 1519">
     <span class='ocr_line' id='line_1_10' title="bbox 166 1189 2193 1310; baseline -0.014 -12"><span class='ocrx_word' id='word_1_98' title='bbox 166 1228 212 1298; x_wconf 92' lang='lat' dir='ltr'><strong>de</strong></span> <span class='ocrx_word' id='word_1_99' title='bbox 241 1225 402 1295; x_wconf 88' lang='lat' dir='ltr'><strong>moribus</strong></span> <span class='ocrx_word' id='word_1_100' title='bbox 427 1224 555 1310; x_wconf 78' lang='lat' dir='ltr'><strong>ferret,</strong></span> <span class='ocrx_word' id='word_1_101' title='bbox 589 1248 670 1294; x_wconf 90' lang='lat' dir='ltr'><strong>cum</strong></span> <span class='ocrx_word' id='word_1_102' title='bbox 696 1237 798 1295; x_wconf 89' lang='lat' dir='ltr'><strong>antea</strong></span> <span class='ocrx_word' id='word_1_103' title='bbox 823 1222 913 1294; x_wconf 89' lang='lat' dir='ltr'><strong>ratio</strong></span> <span class='ocrx_word' id='word_1_104' title='bbox 934 1223 1033 1294; x_wconf 91' lang='lat' dir='ltr'><strong>norit</strong></span> <span class='ocrx_word' id='word_1_105' title='bbox 1054 1222 1160 1310; x_wconf 88' lang='lat' dir='ltr'><strong>leges.</strong></span> <span class='ocrx_word' id='word_1_106' title='bbox 1211 1190 1430 1309; x_wconf 51' lang='lat' dir='ltr'><strong>‘fflfdimll</strong></span> <span class='ocrx_word' id='word_1_107' title='bbox 1453 1189 1641 1283; x_wconf 70' lang='lat' dir='ltr'><strong>¹⁰q¹¹⁰¹¹dla</strong></span> <span class='ocrx_word' id='word_1_108' title='bbox 1667 1203 1701 1260; x_wconf 70' lang='lat' dir='ltr'><strong>‘l</strong></span> <span class='ocrx_word' id='word_1_109' title='bbox 1723 1214 1843 1260; x_wconf 64' lang='lat' dir='ltr'>ferum</span> <span class='ocrx_word' id='word_1_110' title='bbox 1859 1190 2087 1261; x_wconf 61' lang='lat' dir='ltr'><strong>naturalium</strong></span> <span class='ocrx_word' id='word_1_111' title='bbox 2103 1191 2193 1309; x_wconf 66' lang='lat' dir='ltr'><strong>elti-</strong></span> 
     </span>
     <span class='ocr_line' id='line_1_11' title="bbox 164 1292 2195 1417; baseline -0.014 -17"><span class='ocrx_word' id='word_1_112' title='bbox 164 1322 217 1400; x_wconf 81' lang='lat' dir='ltr'><strong>Et</strong></span> <span class='ocrx_word' id='word_1_113' title='bbox 239 1327 333 1397; x_wconf 83' lang='lat' dir='ltr'><strong>ferre</strong></span> <span class='ocrx_word' id='word_1_114' title='bbox 359 1327 451 1416; x_wconf 89' lang='lat' dir='ltr'><strong>leges</strong></span> <span class='ocrx_word' id='word_1_115' title='bbox 474 1327 519 1395; x_wconf 91' lang='lat' dir='ltr'><strong>ad</strong></span> <span class='ocrx_word' id='word_1_116' title='bbox 542 1325 767 1416; x_wconf 76' lang='lat' dir='ltr'><strong>magistratus</strong></span> <span class='ocrx_word' id='word_1_117' title='bbox 789 1324 963 1415; x_wconf 82' lang='lat' dir='ltr'><strong>pertinet,</strong></span> <span class='ocrx_word' id='word_1_118' title='bbox 1003 1326 1048 1394; x_wconf 88' lang='lat' dir='ltr'><strong>ad</strong></span> <span class='ocrx_word' id='word_1_119' title='bbox 1070 1345 1160 1417; x_wconf 90' lang='lat' dir='ltr'><strong>quos</strong></span> <span class='ocrx_word' id='word_1_120' title='bbox 1211 1292 1337 1364; x_wconf 64' lang='lat' dir='ltr'><strong>”hum</strong></span> <span class='ocrx_word' id='word_1_121' title='bbox 1348 1315 1511 1411; x_wconf 70' lang='lat' dir='ltr'><strong>‚¹¹¹⁰ffl{¹¹3</strong></span> <span class='ocrx_word' id='word_1_122' title='bbox 1528 1292 2195 1410; x_wconf 31' lang='lat' dir='ltr'><strong>‘⁰²⁰³laniumderebusmlurillbfl</strong></span> 
     </span>
     <span class='ocr_line' id='line_1_12' title="bbox 165 1393 2195 1519; baseline -0.007 -18"><span class='ocrx_word' id='word_1_123' title='bbox 165 1428 440 1501; x_wconf 86' lang='lat' dir='ltr'><strong>constituendos</strong></span> <span class='ocrx_word' id='word_1_124' title='bbox 473 1422 567 1496; x_wconf 92' lang='lat' dir='ltr'><strong>nihil</strong></span> <span class='ocrx_word' id='word_1_125' title='bbox 598 1451 686 1519; x_wconf 90' lang='lat' dir='ltr'><strong>opus</strong></span> <span class='ocrx_word' id='word_1_126' title='bbox 717 1440 770 1498; x_wconf 87' lang='lat' dir='ltr'><strong>est</strong></span> <span class='ocrx_word' id='word_1_127' title='bbox 800 1451 894 1496; x_wconf 83' lang='lat' dir='ltr'><strong>nova</strong></span> <span class='ocrx_word' id='word_1_128' title='bbox 925 1425 1140 1498; x_wconf 84' lang='lat' dir='ltr'><strong>revelatione</strong></span> <span class='ocrx_word' id='word_1_129' title='bbox 1150 1447 1160 1511; x_wconf 93' lang='lat'>;</span> <span class='ocrx_word' id='word_1_130' title='bbox 1211 1393 1606 1463; x_wconf 67' lang='lat' dir='ltr'><strong>³⁰m⁰¹¹b¹¹⁵⁰¹l¹¹¹b¹¹⁸</strong></span> <span class='ocrx_word' id='word_1_131' title='bbox 1623 1394 1975 1478; x_wconf 60' lang='lat' dir='ltr'><strong>adfi‘fflellcdfflla</strong></span> <span class='ocrx_word' id='word_1_132' title='bbox 2002 1406 2195 1488; x_wconf 57' lang='lat' dir='ltr'>quaem</span> 
     </span>
    </p>
   </div>
   <div class='ocr_carea' id='block_1_5' title="bbox 166 1489 2196 1894">
    <p class='ocr_par' dir='ltr' id='par_1_5' title="bbox 166 1489 2196 1894">
     <span class='ocr_line' id='line_1_13' title="bbox 166 1489 2195 1623; baseline -0.008 -38"><span class='ocrx_word' id='word_1_133' title='bbox 166 1530 323 1623; x_wconf 54' lang='lat' dir='ltr'><strong>pertinet</strong></span> <span class='ocrx_word' id='word_1_134' title='bbox 340 1531 436 1600; x_wconf 69' lang='lat' dir='ltr'><strong>,nim</strong></span> <span class='ocrx_word' id='word_1_135' title='bbox 452 1552 510 1599; x_wconf 63' lang='lat' dir='ltr'><strong>r„</strong></span> <span class='ocrx_word' id='word_1_136' title='bbox 524 1530 569 1599; x_wconf 69' lang='lat' dir='ltr'><strong>,d</strong></span> <span class='ocrx_word' id='word_1_137' title='bbox 584 1527 758 1600; x_wconf 63' lang='lat' dir='ltr'>iudicium</span> <span class='ocrx_word' id='word_1_138' title='bbox 774 1529 935 1601; x_wconf 50' lang='lat' dir='ltr'><strong>ragonis·</strong></span> <span class='ocrx_word' id='word_1_139' title='bbox 1211 1495 1350 1565; x_wconf 86' lang='lat' dir='ltr'><strong>ratione</strong></span> <span class='ocrx_word' id='word_1_140' title='bbox 1381 1489 1635 1586; x_wconf 83' lang='lat' dir='ltr'><strong>apprehendit,</strong></span> <span class='ocrx_word' id='word_1_141' title='bbox 1667 1508 1719 1566; x_wconf 88' lang='lat' dir='ltr'><strong>est</strong></span> <span class='ocrx_word' id='word_1_142' title='bbox 1749 1518 1832 1564; x_wconf 89' lang='lat' dir='ltr'><strong>vera</strong></span> <span class='ocrx_word' id='word_1_143' title='bbox 1864 1506 1898 1565; x_wconf 91' lang='lat' dir='ltr'><strong>et</strong></span> <span class='ocrx_word' id='word_1_144' title='bbox 1919 1495 2019 1566; x_wconf 87' lang='lat' dir='ltr'><strong>bona</strong></span> <span class='ocrx_word' id='word_1_145' title='bbox 2046 1509 2195 1569; x_wconf 79' lang='lat' dir='ltr'><strong>creatus</strong></span> 
     </span>
     <span class='ocr_line' id='line_1_14' title="bbox 271 1593 2196 1769; baseline -0.012 -34"><span class='ocrx_word' id='word_1_146' title='bbox 271 1662 345 1735; x_wconf 89' lang='lat' dir='ltr'><strong>Nec</strong></span> <span class='ocrx_word' id='word_1_147' title='bbox 369 1660 545 1756; x_wconf 75' lang='lat' dir='ltr'><strong>Epicurea</strong></span> <span class='ocrx_word' id='word_1_148' title='bbox 574 1657 802 1755; x_wconf 76' lang='lat' dir='ltr'><strong>philosophia</strong></span> <span class='ocrx_word' id='word_1_149' title='bbox 829 1676 922 1734; x_wconf 91' lang='lat' dir='ltr'><strong>recte</strong></span> <span class='ocrx_word' id='word_1_150' title='bbox 953 1662 1087 1734; x_wconf 85' lang='lat' dir='ltr'><strong>iudicat</strong></span> <span class='ocrx_word' id='word_1_151' title='bbox 1116 1661 1161 1731; x_wconf 88' lang='lat' dir='ltr'><strong>de</strong></span> <span class='ocrx_word' id='word_1_152' title='bbox 1212 1594 1298 1768; x_wconf 52' lang='grc' dir='ltr'><strong>1)ῗὲ</strong></span> <span class='ocrx_word' id='word_1_153' title='bbox 1325 1593 1392 1667; x_wconf 58' lang='lat' dir='ltr'><strong>Est</strong></span> <span class='ocrx_word' id='word_1_154' title='bbox 1414 1619 1515 1766; x_wconf 57' lang='lat' dir='ltr'><strong>supp)</strong></span> <span class='ocrx_word' id='word_1_155' title='bbox 1532 1595 2028 1769; x_wconf 46' lang='lat' dir='ltr'><strong>ipsumiiffigiummiffnkfi</strong></span> <span class='ocrx_word' id='word_1_156' title='bbox 2054 1597 2196 1769; x_wconf 53' lang='lat' dir='ltr'>‘¹¹¹ng</span> 
     </span>
     <span class='ocr_line' id='line_1_15' title="bbox 168 1712 2196 1894; baseline -0.006 -58"><span class='ocrx_word' id='word_1_157' title='bbox 168 1766 242 1836; x_wconf 79' lang='lat' dir='ltr'><strong>fine</strong></span> <span class='ocrx_word' id='word_1_158' title='bbox 264 1766 466 1854; x_wconf 89' lang='lat' dir='ltr'><strong>honorum,</strong></span> <span class='ocrx_word' id='word_1_159' title='bbox 499 1778 534 1836; x_wconf 90' lang='lat' dir='ltr'><strong>et</strong></span> <span class='ocrx_word' id='word_1_160' title='bbox 553 1766 683 1856; x_wconf 89' lang='lat' dir='ltr'><strong>ineptit</strong></span> <span class='ocrx_word' id='word_1_161' title='bbox 705 1762 828 1849; x_wconf 93' lang='lat' dir='ltr'><strong>Valla,</strong></span> <span class='ocrx_word' id='word_1_162' title='bbox 854 1765 916 1857; x_wconf 91' lang='lat' dir='ltr'><strong>qni</strong></span> <span class='ocrx_word' id='word_1_163' title='bbox 938 1787 1050 1835; x_wconf 90' lang='lat' dir='ltr'><strong>unum</strong></span> <span class='ocrx_word' id='word_1_164' title='bbox 1070 1759 1162 1856; x_wconf 86' lang='lat' dir='ltr'><strong>Epi·</strong></span> <span class='ocrx_word' id='word_1_165' title='bbox 1212 1712 1737 1884; x_wconf 41' lang='grc' dir='ltr'><strong>ἱῑέιὲῐὲῗυζςῷῐέἓῖῑνᾞῷ</strong></span> <span class='ocrx_word' id='word_1_166' title='bbox 1755 1721 1797 1869; x_wconf 57' lang='grc' dir='ltr'><strong>ἓῗ</strong></span> <span class='ocrx_word' id='word_1_167' title='bbox 1812 1721 1975 1881; x_wconf 50' lang='grc' dir='ltr'><strong>ᾞὲπῗ</strong></span> <span class='ocrx_word' id='word_1_168' title='bbox 2008 1721 2094 1894; x_wconf 55' lang='lat' dir='ltr'><strong>qffi:</strong></span> <span class='ocrx_word' id='word_1_169' title='bbox 2118 1712 2196 1873; x_wconf 49' lang='lat' dir='ltr'><strong>din}</strong></span> 
     </span>
    </p>
   </div>
   <div class='ocr_carea' id='block_1_6' title="bbox 168 1862 2195 1990">
    <p class='ocr_par' dir='ltr' id='par_1_6' title="bbox 168 1862 2195 1990">
     <span class='ocr_line' id='line_1_16' title="bbox 168 1862 2195 1990; baseline -0.004 -10"><span class='ocrx_word' id='word_1_170' title='bbox 168 1890 295 1939; x_wconf 55' lang='lat' dir='ltr'>‘urum</span> <span class='ocrx_word' id='word_1_171' title='bbox 311 1862 541 1958; x_wconf 57' lang='lat' dir='ltr'><strong>Phi¹⁰⁵⁰phi⁸</strong></span> <span class='ocrx_word' id='word_1_172' title='bbox 556 1867 722 1937; x_wconf 64' lang='lat' dir='ltr'><strong>⁰¹⁰⁰ib¹²⁸</strong></span> <span class='ocrx_word' id='word_1_173' title='bbox 742 1867 937 1956; x_wconf 52' lang='lat' dir='ltr'><strong>animust·</strong></span> <span class='ocrx_word' id='word_1_174' title='bbox 1212 1898 1344 1972; x_wconf 87' lang='lat' dir='ltr'><strong>Paulus</strong></span> <span class='ocrx_word' id='word_1_175' title='bbox 1366 1899 1475 1973; x_wconf 86' lang='lat' dir='ltr'><strong>Rom.</strong></span> <span class='ocrx_word' id='word_1_176' title='bbox 1490 1906 1541 1975; x_wconf 80' lang='lat'><strong>2.:</strong></span> <span class='ocrx_word' id='word_1_177' title='bbox 1574 1898 1707 1972; x_wconf 85' lang='lat' dir='ltr'><strong>Gentes</strong></span> <span class='ocrx_word' id='word_1_178' title='bbox 1731 1895 1866 1973; x_wconf 91' lang='lat' dir='ltr'><strong>habent</strong></span> <span class='ocrx_word' id='word_1_179' title='bbox 1886 1901 2001 1990; x_wconf 90' lang='lat' dir='ltr'><strong>legem</strong></span> <span class='ocrx_word' id='word_1_180' title='bbox 2026 1899 2097 1971; x_wconf 78' lang='lat' dir='ltr'><strong>liei</strong></span> <span class='ocrx_word' id='word_1_181' title='bbox 2118 1901 2195 1972; x_wconf 85' lang='lat' dir='ltr'><strong>seri-</strong></span> 
     </span>
    </p>
   </div>
   <div class='ocr_carea' id='block_1_7' title="bbox 87 1998 2195 2596">
    <p class='ocr_par' dir='ltr' id='par_1_7' title="bbox 87 1998 2195 2596">
     <span class='ocr_line' id='line_1_17' title="bbox 275 1998 2192 2098; baseline 0 -23"><span class='ocrx_word' id='word_1_182' title='bbox 275 2002 476 2077; x_wconf 87' lang='lat' dir='ltr'><strong>Aristotelis</strong></span> <span class='ocrx_word' id='word_1_183' title='bbox 495 1998 723 2096; x_wconf 87' lang='lat' dir='ltr'><strong>philosophia</strong></span> <span class='ocrx_word' id='word_1_184' title='bbox 739 2003 1009 2093; x_wconf 79' lang='lat' dir='ltr'><strong>diligentissime</strong></span> <span class='ocrx_word' id='word_1_185' title='bbox 1024 2002 1162 2098; x_wconf 87' lang='lat' dir='ltr'><strong>quaerit</strong></span> <span class='ocrx_word' id='word_1_186' title='bbox 1213 2016 1307 2096; x_wconf 88' lang='lat' dir='ltr'><strong>ptam</strong></span> <span class='ocrx_word' id='word_1_187' title='bbox 1334 2003 1373 2072; x_wconf 93' lang='lat' dir='ltr'><strong>in</strong></span> <span class='ocrx_word' id='word_1_188' title='bbox 1397 2003 1582 2087; x_wconf 84' lang='lat' dir='ltr'><strong>cordibus,</strong></span> <span class='ocrx_word' id='word_1_189' title='bbox 1607 2002 1644 2073; x_wconf 93' lang='lat' dir='ltr'><strong>id</strong></span> <span class='ocrx_word' id='word_1_190' title='bbox 1668 2015 1737 2088; x_wconf 89' lang='lat' dir='ltr'><strong>est,</strong></span> <span class='ocrx_word' id='word_1_191' title='bbox 1762 1998 1896 2073; x_wconf 89' lang='lat' dir='ltr'><strong>babent</strong></span> <span class='ocrx_word' id='word_1_192' title='bbox 1910 2002 2111 2090; x_wconf 89' lang='lat' dir='ltr'><strong>iudicium,</strong></span> <span class='ocrx_word' id='word_1_193' title='bbox 2130 2028 2192 2098; x_wconf 86' lang='lat' dir='ltr'><strong>qno</strong></span> 
     </span>
     <span class='ocr_line' id='line_1_18' title="bbox 87 2103 2194 2197; baseline -0.003 -15"><span class='ocrx_word' id='word_1_194' title='bbox 87 2172 95 2182; x_wconf 86' lang='lat'><strong>.</strong></span> <span class='ocrx_word' id='word_1_195' title='bbox 171 2108 509 2192; x_wconf 82' lang='lat' dir='ltr'><strong>demonstrationes,</strong></span> <span class='ocrx_word' id='word_1_196' title='bbox 543 2107 622 2176; x_wconf 91' lang='lat' dir='ltr'><strong>ideo</strong></span> <span class='ocrx_word' id='word_1_197' title='bbox 646 2130 717 2175; x_wconf 88' lang='lat' dir='ltr'><strong>una</strong></span> <span class='ocrx_word' id='word_1_198' title='bbox 740 2106 846 2195; x_wconf 85' lang='lat' dir='ltr'><strong>longe</strong></span> <span class='ocrx_word' id='word_1_199' title='bbox 869 2107 1035 2176; x_wconf 89' lang='lat' dir='ltr'><strong>omnibns</strong></span> <span class='ocrx_word' id='word_1_200' title='bbox 1059 2106 1161 2177; x_wconf 89' lang='lat' dir='ltr'><strong>sectis</strong></span> <span class='ocrx_word' id='word_1_201' title='bbox 1212 2106 1370 2176; x_wconf 91' lang='lat' dir='ltr'><strong>indicare</strong></span> <span class='ocrx_word' id='word_1_202' title='bbox 1384 2119 1552 2197; x_wconf 91' lang='lat' dir='ltr'><strong>possunt,</strong></span> <span class='ocrx_word' id='word_1_203' title='bbox 1577 2103 1755 2174; x_wconf 90' lang='lat' dir='ltr'><strong>neminem</strong></span> <span class='ocrx_word' id='word_1_204' title='bbox 1772 2105 1989 2177; x_wconf 90' lang='lat' dir='ltr'><strong>laedendum</strong></span> <span class='ocrx_word' id='word_1_205' title='bbox 2006 2128 2099 2186; x_wconf 89' lang='lat' dir='ltr'><strong>esse,</strong></span> <span class='ocrx_word' id='word_1_206' title='bbox 2123 2128 2194 2195; x_wconf 86' lang='lat' dir='ltr'><strong>grs-</strong></span> 
     </span>
     <span class='ocr_line' id='line_1_19' title="bbox 169 2201 2195 2301; baseline 0 -23"><span class='ocrx_word' id='word_1_207' title='bbox 169 2208 360 2278; x_wconf 85' lang='lat' dir='ltr'><strong>antecellil.</strong></span> <span class='ocrx_word' id='word_1_208' title='bbox 426 2202 475 2279; x_wconf 82' lang='lat' dir='ltr'><strong>Et</strong></span> <span class='ocrx_word' id='word_1_209' title='bbox 498 2221 592 2278; x_wconf 89' lang='lat' dir='ltr'><strong>recte</strong></span> <span class='ocrx_word' id='word_1_210' title='bbox 616 2208 749 2278; x_wconf 88' lang='lat' dir='ltr'><strong>iudicat</strong></span> <span class='ocrx_word' id='word_1_211' title='bbox 773 2207 818 2276; x_wconf 92' lang='lat' dir='ltr'><strong>de</strong></span> <span class='ocrx_word' id='word_1_212' title='bbox 840 2205 911 2277; x_wconf 88' lang='lat' dir='ltr'><strong>fine</strong></span> <span class='ocrx_word' id='word_1_213' title='bbox 929 2209 1106 2278; x_wconf 90' lang='lat' dir='ltr'><strong>honorum</strong></span> <span class='ocrx_word' id='word_1_214' title='bbox 1127 2222 1161 2278; x_wconf 90' lang='lat' dir='ltr'><strong>et</strong></span> <span class='ocrx_word' id='word_1_215' title='bbox 1213 2208 1297 2278; x_wconf 90' lang='lat' dir='ltr'><strong>tiam</strong></span> <span class='ocrx_word' id='word_1_216' title='bbox 1312 2232 1377 2301; x_wconf 92' lang='lat' dir='ltr'><strong>pro</strong></span> <span class='ocrx_word' id='word_1_217' title='bbox 1395 2205 1586 2278; x_wconf 81' lang='lat' dir='ltr'><strong>benefactis</strong></span> <span class='ocrx_word' id='word_1_218' title='bbox 1602 2201 1803 2277; x_wconf 86' lang='lat' dir='ltr'><strong>habendam</strong></span> <span class='ocrx_word' id='word_1_219' title='bbox 1818 2231 1913 2289; x_wconf 86' lang='lat' dir='ltr'><strong>esse,</strong></span> <span class='ocrx_word' id='word_1_220' title='bbox 1937 2207 2195 2296; x_wconf 83' lang='lat' dir='ltr'><strong>magistratibus</strong></span> 
     </span>
     <span class='ocr_line' id='line_1_20' title="bbox 168 2302 2192 2404; baseline 0.001 -26"><span class='ocrx_word' id='word_1_221' title='bbox 168 2308 309 2378; x_wconf 87' lang='lat' dir='ltr'><strong>ratione</strong></span> <span class='ocrx_word' id='word_1_222' title='bbox 331 2310 524 2383; x_wconf 88' lang='lat' dir='ltr'><strong>virtutum.</strong></span> <span class='ocrx_word' id='word_1_223' title='bbox 551 2309 583 2378; x_wconf 87' lang='lat' dir='ltr'><strong>si</strong></span> <span class='ocrx_word' id='word_1_224' title='bbox 600 2309 745 2402; x_wconf 91' lang='lat' dir='ltr'><strong>quidem</strong></span> <span class='ocrx_word' id='word_1_225' title='bbox 762 2310 807 2378; x_wconf 91' lang='lat' dir='ltr'><strong>de</strong></span> <span class='ocrx_word' id='word_1_226' title='bbox 822 2309 921 2379; x_wconf 89' lang='lat' dir='ltr'><strong>civili</strong></span> <span class='ocrx_word' id='word_1_227' title='bbox 937 2311 1008 2381; x_wconf 81' lang='lat' dir='ltr'><strong>vita</strong></span> <span class='ocrx_word' id='word_1_228' title='bbox 1024 2323 1058 2381; x_wconf 87' lang='lat' dir='ltr'><strong>et</strong></span> <span class='ocrx_word' id='word_1_229' title='bbox 1073 2310 1162 2381; x_wconf 88' lang='lat' dir='ltr'><strong>civi·</strong></span> <span class='ocrx_word' id='word_1_230' title='bbox 1214 2311 1481 2404; x_wconf 89' lang='lat' dir='ltr'><strong>obsequendum</strong></span> <span class='ocrx_word' id='word_1_231' title='bbox 1505 2333 1599 2393; x_wconf 91' lang='lat' dir='ltr'><strong>esse,</strong></span> <span class='ocrx_word' id='word_1_232' title='bbox 1624 2319 1658 2380; x_wconf 93' lang='lat' dir='ltr'><strong>et</strong></span> <span class='ocrx_word' id='word_1_233' title='bbox 1681 2308 1821 2378; x_wconf 84' lang='lat' dir='ltr'><strong>similia.</strong></span> <span class='ocrx_word' id='word_1_234' title='bbox 1871 2307 2021 2379; x_wconf 86' lang='lat' dir='ltr'><strong>Habent</strong></span> <span class='ocrx_word' id='word_1_235' title='bbox 2036 2332 2118 2401; x_wconf 88' lang='lat' dir='ltr'><strong>ergo</strong></span> <span class='ocrx_word' id='word_1_236' title='bbox 2131 2302 2192 2380; x_wconf 90' lang='lat' dir='ltr'><strong>ho-</strong></span> 
     </span>
     <span class='ocr_line' id='line_1_21' title="bbox 167 2406 2194 2501; baseline 0 -23"><span class='ocrx_word' id='word_1_237' title='bbox 167 2410 265 2481; x_wconf 90' lang='lat' dir='ltr'><strong>libus</strong></span> <span class='ocrx_word' id='word_1_238' title='bbox 281 2410 473 2481; x_wconf 88' lang='lat' dir='ltr'><strong>virtutibus</strong></span> <span class='ocrx_word' id='word_1_239' title='bbox 489 2411 713 2501; x_wconf 78' lang='lat' dir='ltr'><strong>intelligitur.</strong></span> <span class='ocrx_word' id='word_1_240' title='bbox 1212 2412 1326 2495; x_wconf 84' lang='lat' dir='ltr'><strong>mines</strong></span> <span class='ocrx_word' id='word_1_241' title='bbox 1351 2436 1473 2481; x_wconf 87' lang='lat' dir='ltr'><strong>verum</strong></span> <span class='ocrx_word' id='word_1_242' title='bbox 1496 2436 1536 2482; x_wconf 88' lang='lat' dir='ltr'><strong>ac</strong></span> <span class='ocrx_word' id='word_1_243' title='bbox 1554 2424 1688 2482; x_wconf 87' lang='lat' dir='ltr'><strong>certum</strong></span> <span class='ocrx_word' id='word_1_244' title='bbox 1706 2411 1879 2481; x_wconf 88' lang='lat' dir='ltr'><strong>iudicium</strong></span> <span class='ocrx_word' id='word_1_245' title='bbox 1896 2434 1917 2480; x_wconf 87' lang='lat' dir='ltr'><strong>a</strong></span> <span class='ocrx_word' id='word_1_246' title='bbox 1933 2406 2012 2480; x_wconf 87' lang='lat' dir='ltr'><strong>Deo</strong></span> <span class='ocrx_word' id='word_1_247' title='bbox 2026 2410 2071 2480; x_wconf 88' lang='lat' dir='ltr'><strong>de</strong></span> <span class='ocrx_word' id='word_1_248' title='bbox 2083 2409 2194 2480; x_wconf 84' lang='lat' dir='ltr'><strong>civili·</strong></span> 
     </span>
     <span class='ocr_line' id='line_1_22' title="bbox 1213 2507 2191 2596; baseline -0.002 -13"><span class='ocrx_word' id='word_1_249' title='bbox 1213 2514 1280 2583; x_wconf 93' lang='lat' dir='ltr'><strong>bus</strong></span> <span class='ocrx_word' id='word_1_250' title='bbox 1304 2514 1480 2584; x_wconf 90' lang='lat' dir='ltr'><strong>moribus:</strong></span> <span class='ocrx_word' id='word_1_251' title='bbox 1508 2512 1597 2585; x_wconf 80' lang='lat' dir='ltr'><strong>llam</strong></span> <span class='ocrx_word' id='word_1_252' title='bbox 1620 2507 1754 2582; x_wconf 90' lang='lat' dir='ltr'><strong>habent</strong></span> <span class='ocrx_word' id='word_1_253' title='bbox 1775 2514 1820 2582; x_wconf 89' lang='lat' dir='ltr'><strong>de</strong></span> <span class='ocrx_word' id='word_1_254' title='bbox 1841 2513 1948 2581; x_wconf 91' lang='lat' dir='ltr'><strong>rebus</strong></span> <span class='ocrx_word' id='word_1_255' title='bbox 1964 2511 2191 2596; x_wconf 85' lang='lat' dir='ltr'><strong>naturalibus,</strong></span> 
     </span>
    </p>
   </div>
   <div class='ocr_carea' id='block_1_8' title="bbox 170 2612 2195 2843">
    <p class='ocr_par' dir='ltr' id='par_1_8' title="bbox 170 2612 2195 2843">
     <span class='ocr_line' id='line_1_23' title="bbox 170 2612 2195 2735; baseline -0.009 -17"><span class='ocrx_word' id='word_1_256' title='bbox 170 2645 394 2732; x_wconf 86' lang='lat' dir='ltr'><strong>continetur,</strong></span> <span class='ocrx_word' id='word_1_257' title='bbox 420 2660 461 2718; x_wconf 87' lang='lat' dir='ltr'><strong>ut</strong></span> <span class='ocrx_word' id='word_1_258' title='bbox 477 2648 670 2718; x_wconf 81' lang='lat' dir='ltr'><strong>existimari</strong></span> <span class='ocrx_word' id='word_1_259' title='bbox 685 2650 811 2719; x_wconf 87' lang='lat' dir='ltr'><strong>debeat</strong></span> <span class='ocrx_word' id='word_1_260' title='bbox 826 2662 901 2719; x_wconf 92' lang='lat' dir='ltr'><strong>lota</strong></span> <span class='ocrx_word' id='word_1_261' title='bbox 919 2651 958 2719; x_wconf 90' lang='lat' dir='ltr'><strong>in</strong></span> <span class='ocrx_word' id='word_1_262' title='bbox 972 2644 1037 2720; x_wconf 93' lang='lat' dir='ltr'><strong>hos</strong></span> <span class='ocrx_word' id='word_1_263' title='bbox 1050 2650 1162 2720; x_wconf 88' lang='lat' dir='ltr'><strong>libros</strong></span> <span class='ocrx_word' id='word_1_264' title='bbox 1212 2616 1257 2685; x_wconf 71' lang='lat'><strong>‘¹⁰</strong></span> <span class='ocrx_word' id='word_1_265' title='bbox 1278 2618 1520 2735; x_wconf 63' lang='lat' dir='ltr'><strong>¹¹⁰¹JJ²¹⁸³¹¹d⁰2</strong></span> <span class='ocrx_word' id='word_1_266' title='bbox 1546 2617 1590 2685; x_wconf 60' lang='lat' dir='ltr'><strong>de</strong></span> <span class='ocrx_word' id='word_1_267' title='bbox 1608 2614 1806 2734; x_wconf 70' lang='lat' dir='ltr'><strong>mensuris,</strong></span> <span class='ocrx_word' id='word_1_268' title='bbox 1824 2615 1875 2734; x_wconf 36' lang='lat' dir='ltr'><strong>’d‘</strong></span> <span class='ocrx_word' id='word_1_269' title='bbox 1893 2612 2127 2699; x_wconf 79' lang='lat' dir='ltr'><strong>aediieaodo,</strong></span> <span class='ocrx_word' id='word_1_270' title='bbox 2151 2614 2195 2683; x_wconf 54' lang='lat' dir='ltr'><strong>(li</strong></span> 
     </span>
     <span class='ocr_line' id='line_1_24' title="bbox 170 2712 2192 2843; baseline -0.007 -25"><span class='ocrx_word' id='word_1_271' title='bbox 170 2749 308 2818; x_wconf 88' lang='lat' dir='ltr'><strong>inclusa</strong></span> <span class='ocrx_word' id='word_1_272' title='bbox 323 2769 419 2835; x_wconf 88' lang='lat' dir='ltr'><strong>esse,</strong></span> <span class='ocrx_word' id='word_1_273' title='bbox 445 2750 507 2843; x_wconf 89' lang='lat' dir='ltr'><strong>qui</strong></span> <span class='ocrx_word' id='word_1_274' title='bbox 526 2762 646 2820; x_wconf 85' lang='lat' dir='ltr'><strong>extant</strong></span> <span class='ocrx_word' id='word_1_275' title='bbox 664 2751 709 2818; x_wconf 92' lang='lat' dir='ltr'><strong>ab</strong></span> <span class='ocrx_word' id='word_1_276' title='bbox 727 2746 916 2822; x_wconf 84' lang='lat' dir='ltr'><strong>Aristotele</strong></span> <span class='ocrx_word' id='word_1_277' title='bbox 933 2750 1075 2843; x_wconf 90' lang='lat' dir='ltr'><strong>scripti,</strong></span> <span class='ocrx_word' id='word_1_278' title='bbox 1099 2752 1161 2822; x_wconf 87' lang='lat' dir='ltr'><strong>sed</strong></span> <span class='ocrx_word' id='word_1_279' title='bbox 1212 2719 1379 2787; x_wconf 72' lang='lat' dir='ltr'>¹⁰m⁰d¹¹⁵</span> <span class='ocrx_word' id='word_1_280' title='bbox 1401 2720 1629 2802; x_wconf 65' lang='lat' dir='ltr'><strong>m⁰lb⁰l¹¹m2</strong></span> <span class='ocrx_word' id='word_1_281' title='bbox 1654 2729 1745 2787; x_wconf 63' lang='lat' dir='ltr'>⁸¹⁶¹st</span> <span class='ocrx_word' id='word_1_282' title='bbox 1767 2730 1938 2807; x_wconf 65' lang='lat' dir='ltr'><strong>scmillum</strong></span> <span class='ocrx_word' id='word_1_283' title='bbox 1957 2728 2030 2788; x_wconf 64' lang='lat'><strong>‘⁸²¹</strong></span> <span class='ocrx_word' id='word_1_284' title='bbox 2050 2712 2192 2786; x_wconf 70' lang='lat' dir='ltr'>H⁰¹¹⁰¹³</span> 
     </span>
    </p>
   </div>
   <div class='ocr_carea' id='block_1_9' title="bbox 170 2818 2192 3118">
    <p class='ocr_par' dir='ltr' id='par_1_9' title="bbox 170 2818 2192 3118">
     <span class='ocr_line' id='line_1_25' title="bbox 170 2818 2192 2942; baseline -0 -23"><span class='ocrx_word' id='word_1_285' title='bbox 170 2850 345 2921; x_wconf 88' lang='lat' dir='ltr'><strong>elementa</strong></span> <span class='ocrx_word' id='word_1_286' title='bbox 376 2863 460 2920; x_wconf 92' lang='lat' dir='ltr'><strong>sunt</strong></span> <span class='ocrx_word' id='word_1_287' title='bbox 487 2852 580 2942; x_wconf 87' lang='lat' dir='ltr'><strong>apud</strong></span> <span class='ocrx_word' id='word_1_288' title='bbox 605 2852 847 2923; x_wconf 85' lang='lat' dir='ltr'><strong>Aristotelem.</strong></span> <span class='ocrx_word' id='word_1_289' title='bbox 905 2847 1161 2935; x_wconf 88' lang='lat' dir='ltr'><strong>Mathematici,</strong></span> <span class='ocrx_word' id='word_1_290' title='bbox 1212 2819 1411 2905; x_wconf 59' lang='lat' dir='ltr'><strong>medicum’</strong></span> <span class='ocrx_word' id='word_1_291' title='bbox 1435 2842 1527 2939; x_wconf 56' lang='grc' dir='ltr'><strong>ΠΜ),</strong></span> <span class='ocrx_word' id='word_1_292' title='bbox 1544 2830 1688 2941; x_wconf 54' lang='grc' dir='ltr'><strong>ΡΥΟΡῘΕῩ</strong></span> <span class='ocrx_word' id='word_1_293' title='bbox 1707 2818 1950 2890; x_wconf 51' lang='lat' dir='ltr'><strong>nemimem</strong></span> <span class='ocrx_word' id='word_1_294' title='bbox 1975 2818 2192 2889; x_wconf 61' lang='lat' dir='ltr'><strong>“mim&#39;&#39;</strong></span> 
     </span>
     <span class='ocr_line' id='line_1_26' title="bbox 171 2917 2188 3048; baseline 0.009 -27"><span class='ocrx_word' id='word_1_295' title='bbox 171 2949 306 3021; x_wconf 89' lang='lat' dir='ltr'><strong>Medici</strong></span> <span class='ocrx_word' id='word_1_296' title='bbox 336 2974 377 3021; x_wconf 90' lang='lat' dir='ltr'><strong>ac</strong></span> <span class='ocrx_word' id='word_1_297' title='bbox 400 2949 648 3025; x_wconf 84' lang='lat' dir='ltr'><strong>Iurisconsulti</strong></span> <span class='ocrx_word' id='word_1_298' title='bbox 674 2953 853 3045; x_wconf 79' lang='lat' dir='ltr'><strong>fastigium</strong></span> <span class='ocrx_word' id='word_1_299' title='bbox 883 2953 1074 3048; x_wconf 90' lang='lat' dir='ltr'><strong>imponunt</strong></span> <span class='ocrx_word' id='word_1_300' title='bbox 1105 2951 1162 3027; x_wconf 91' lang='lat' dir='ltr'><strong>his</strong></span> <span class='ocrx_word' id='word_1_301' title='bbox 1212 2922 1331 2997; x_wconf 69' lang='lat' dir='ltr'>D²¹¹⁸²</span> <span class='ocrx_word' id='word_1_302' title='bbox 1356 2919 1564 3042; x_wconf 52' lang='lat' dir='ltr'><strong>qumfmm</strong></span> <span class='ocrx_word' id='word_1_303' title='bbox 1587 2933 1637 2991; x_wconf 54' lang='lat' dir='ltr'><strong>³st</strong></span> <span class='ocrx_word' id='word_1_304' title='bbox 1659 2917 1771 2991; x_wconf 69' lang='lat' dir='ltr'><strong>³D⁰⁰</strong></span> <span class='ocrx_word' id='word_1_305' title='bbox 1794 2933 1952 2993; x_wconf 56' lang='lat' dir='ltr'><strong>“mum</strong></span> <span class='ocrx_word' id='word_1_306' title='bbox 1969 2942 2068 3005; x_wconf 65' lang='lat'><strong>‘⁵⁸²’</strong></span> <span class='ocrx_word' id='word_1_307' title='bbox 2089 2924 2188 3040; x_wconf 51' lang='grc' dir='ltr'><em>Μ</em></span> 
     </span>
     <span class='ocr_line' id='line_1_27' title="bbox 1212 3023 2190 3118; baseline 0 -25"><span class='ocrx_word' id='word_1_308' title='bbox 1212 3024 1310 3118; x_wconf 90' lang='lat' dir='ltr'><strong>qnod</strong></span> <span class='ocrx_word' id='word_1_309' title='bbox 1338 3037 1483 3094; x_wconf 80' lang='lat' dir='ltr'><strong>scientia</strong></span> <span class='ocrx_word' id='word_1_310' title='bbox 1513 3038 1662 3095; x_wconf 87' lang='lat' dir='ltr'><strong>naturae</strong></span> <span class='ocrx_word' id='word_1_311' title='bbox 1685 3046 1874 3114; x_wconf 89' lang='lat' dir='ltr'><strong>corporum</strong></span> <span class='ocrx_word' id='word_1_312' title='bbox 1900 3037 1937 3095; x_wconf 91' lang='lat' dir='ltr'><strong>et</strong></span> <span class='ocrx_word' id='word_1_313' title='bbox 1960 3023 2190 3093; x_wconf 82' lang='lat' dir='ltr'><strong>remednrnn</strong></span> 
     </span>
    </p>
   </div>
   <div class='ocr_carea' id='block_1_10' title="bbox 272 3120 2192 3284">
    <p class='ocr_par' dir='ltr' id='par_1_10' title="bbox 272 3120 2192 3284">
     <span class='ocr_line' id='line_1_28' title="bbox 272 3120 2192 3284; baseline -0.023 -29"><span class='ocrx_word' id='word_1_314' title='bbox 272 3183 453 3257; x_wconf 89' lang='lat' dir='ltr'><strong>Hactenus</strong></span> <span class='ocrx_word' id='word_1_315' title='bbox 476 3188 609 3259; x_wconf 84' lang='lat' dir='ltr'><strong>dictum</strong></span> <span class='ocrx_word' id='word_1_316' title='bbox 633 3200 685 3258; x_wconf 89' lang='lat' dir='ltr'><strong>est</strong></span> <span class='ocrx_word' id='word_1_317' title='bbox 706 3188 751 3258; x_wconf 89' lang='lat' dir='ltr'><strong>de</strong></span> <span class='ocrx_word' id='word_1_318' title='bbox 774 3188 980 3260; x_wconf 89' lang='lat' dir='ltr'><strong>discrimine</strong></span> <span class='ocrx_word' id='word_1_319' title='bbox 997 3184 1161 3284; x_wconf 82' lang='lat' dir='ltr'><strong>Evange-</strong></span> <span class='ocrx_word' id='word_1_320' title='bbox 1212 3138 1258 3247; x_wconf 56' lang='lat' dir='ltr'><strong>ist</strong></span> <span class='ocrx_word' id='word_1_321' title='bbox 1279 3149 1362 3195; x_wconf 60' lang='lat' dir='ltr'><strong>vm</strong></span> <span class='ocrx_word' id='word_1_322' title='bbox 1384 3149 1425 3197; x_wconf 66' lang='lat'><strong>⁸⁰</strong></span> <span class='ocrx_word' id='word_1_323' title='bbox 1446 3138 1558 3211; x_wconf 51' lang='grc' dir='ltr'><strong>Μ’</strong></span> <span class='ocrx_word' id='word_1_324' title='bbox 1584 3140 1618 3197; x_wconf 64' lang='lat'><strong>⁶²</strong></span> <span class='ocrx_word' id='word_1_325' title='bbox 1640 3121 1754 3197; x_wconf 68' lang='lat'><strong>³⁰²⁰</strong></span> <span class='ocrx_word' id='word_1_326' title='bbox 1776 3126 1881 3196; x_wconf 76' lang='lat' dir='ltr'><strong>¹¹⁰b¹⁸</strong></span> <span class='ocrx_word' id='word_1_327' title='bbox 1903 3136 2065 3197; x_wconf 69' lang='lat'><strong>⁰⁸²²¹¹⁸²·</strong></span> <span class='ocrx_word' id='word_1_328' title='bbox 2112 3120 2192 3195; x_wconf 71' lang='lat'><strong>0⁰²</strong></span> 
     </span>
    </p>
   </div>
   <div class='ocr_carea' id='block_1_11' title="bbox 170 3225 2192 3968">
    <p class='ocr_par' dir='ltr' id='par_1_11' title="bbox 170 3225 2192 3383">
     <span class='ocr_line' id='line_1_29' title="bbox 170 3225 2192 3383; baseline 0.01 -28"><span class='ocrx_word' id='word_1_329' title='bbox 170 3286 212 3355; x_wconf 92' lang='lat' dir='ltr'><strong>lii</strong></span> <span class='ocrx_word' id='word_1_330' title='bbox 238 3299 273 3357; x_wconf 89' lang='lat' dir='ltr'><strong>et</strong></span> <span class='ocrx_word' id='word_1_331' title='bbox 287 3284 552 3379; x_wconf 89' lang='lat' dir='ltr'><strong>Philosophiae.</strong></span> <span class='ocrx_word' id='word_1_332' title='bbox 605 3286 716 3360; x_wconf 84' lang='lat' dir='ltr'><strong>Aliud</strong></span> <span class='ocrx_word' id='word_1_333' title='bbox 732 3304 849 3360; x_wconf 89' lang='lat' dir='ltr'><strong>antem</strong></span> <span class='ocrx_word' id='word_1_334' title='bbox 868 3304 919 3361; x_wconf 89' lang='lat' dir='ltr'><strong>est</strong></span> <span class='ocrx_word' id='word_1_335' title='bbox 933 3296 1160 3383; x_wconf 16' lang='lat' dir='ltr'><strong>quaerereude</strong></span> <span class='ocrx_word' id='word_1_336' title='bbox 1212 3241 1321 3317; x_wconf 53' lang='lat' dir='ltr'><strong>&#39;gum</strong></span> <span class='ocrx_word' id='word_1_337' title='bbox 1334 3225 1468 3298; x_wconf 48' lang='lat' dir='ltr'><strong>pallus</strong></span> <span class='ocrx_word' id='word_1_338' title='bbox 1491 3242 1557 3298; x_wconf 56' lang='lat' dir='ltr'><strong>alt:</strong></span> <span class='ocrx_word' id='word_1_339' title='bbox 1583 3225 1711 3298; x_wconf 51' lang='lat' dir='ltr'>cavete</span> <span class='ocrx_word' id='word_1_340' title='bbox 1732 3250 1778 3297; x_wconf 63' lang='lat' dir='ltr'><strong>ne</strong></span> <span class='ocrx_word' id='word_1_341' title='bbox 1794 3249 1873 3321; x_wconf 46' lang='grc' dir='ltr'><strong>φης</strong></span> <span class='ocrx_word' id='word_1_342' title='bbox 1888 3250 1956 3297; x_wconf 55' lang='lat' dir='ltr'><strong>vos</strong></span> <span class='ocrx_word' id='word_1_343' title='bbox 1972 3228 2128 3318; x_wconf 55' lang='lat' dir='ltr'><strong>dmm</strong></span> <span class='ocrx_word' id='word_1_344' title='bbox 2140 3246 2192 3317; x_wconf 52' lang='grc' dir='ltr'>μ</span> 
     </span>
    </p>

    <p class='ocr_par' dir='ltr' id='par_1_12' title="bbox 171 3386 1160 3484">
     <span class='ocr_line' id='line_1_30' title="bbox 171 3386 1160 3484; baseline 0.008 -26"><span class='ocrx_word' id='word_1_345' title='bbox 171 3386 377 3459; x_wconf 88' lang='lat' dir='ltr'><strong>discrimine</strong></span> <span class='ocrx_word' id='word_1_346' title='bbox 401 3390 487 3480; x_wconf 89' lang='lat' dir='ltr'><strong>legis</strong></span> <span class='ocrx_word' id='word_1_347' title='bbox 512 3392 655 3461; x_wconf 91' lang='lat' dir='ltr'><strong>divinae</strong></span> <span class='ocrx_word' id='word_1_348' title='bbox 683 3404 717 3460; x_wconf 90' lang='lat' dir='ltr'><strong>et</strong></span> <span class='ocrx_word' id='word_1_349' title='bbox 739 3386 999 3484; x_wconf 88' lang='lat' dir='ltr'><strong>philosophiae.</strong></span> <span class='ocrx_word' id='word_1_350' title='bbox 1062 3391 1160 3466; x_wconf 85' lang='lat' dir='ltr'><strong>Haec</strong></span> 
     </span>
    </p>

    <p class='ocr_par' dir='ltr' id='par_1_13' title="bbox 170 3490 1160 3585">
     <span class='ocr_line' id='line_1_31' title="bbox 170 3490 1160 3585; baseline 0.007 -25"><span class='ocrx_word' id='word_1_351' title='bbox 170 3490 222 3585; x_wconf 88' lang='lat' dir='ltr'><strong>ita</strong></span> <span class='ocrx_word' id='word_1_352' title='bbox 237 3491 456 3560; x_wconf 91' lang='lat' dir='ltr'><strong>conveniunt</strong></span> <span class='ocrx_word' id='word_1_353' title='bbox 470 3492 563 3562; x_wconf 87' lang='lat' dir='ltr'><strong>sicut</strong></span> <span class='ocrx_word' id='word_1_354' title='bbox 578 3490 773 3581; x_wconf 86' lang='lat' dir='ltr'><strong>Decalogus</strong></span> <span class='ocrx_word' id='word_1_355' title='bbox 789 3505 823 3563; x_wconf 92' lang='lat' dir='ltr'><strong>et</strong></span> <span class='ocrx_word' id='word_1_356' title='bbox 838 3492 894 3561; x_wconf 85' lang='lat' dir='ltr'><strong>lex</strong></span> <span class='ocrx_word' id='word_1_357' title='bbox 910 3509 1059 3566; x_wconf 88' lang='lat' dir='ltr'><strong>naturae</strong></span> <span class='ocrx_word' id='word_1_358' title='bbox 1073 3520 1160 3567; x_wconf 88' lang='lat' dir='ltr'><strong>con-</strong></span> 
     </span>
    </p>

    <p class='ocr_par' dir='ltr' id='par_1_14' title="bbox 171 3588 1160 3687">
     <span class='ocr_line' id='line_1_32' title="bbox 171 3588 1160 3687; baseline 0.013 -30"><span class='ocrx_word' id='word_1_359' title='bbox 171 3592 337 3660; x_wconf 86' lang='lat' dir='ltr'><strong>veniunt:</strong></span> <span class='ocrx_word' id='word_1_360' title='bbox 371 3592 454 3683; x_wconf 91' lang='lat' dir='ltr'><strong>quia</strong></span> <span class='ocrx_word' id='word_1_361' title='bbox 483 3588 728 3683; x_wconf 90' lang='lat' dir='ltr'><strong>philosophia,</strong></span> <span class='ocrx_word' id='word_1_362' title='bbox 760 3607 935 3687; x_wconf 88' lang='lat' dir='ltr'><strong>quatenus</strong></span> <span class='ocrx_word' id='word_1_363' title='bbox 962 3592 1070 3669; x_wconf 91' lang='lat' dir='ltr'><strong>habet</strong></span> <span class='ocrx_word' id='word_1_364' title='bbox 1098 3598 1160 3669; x_wconf 89' lang='lat' dir='ltr'><strong>de-</strong></span> 
     </span>
    </p>

    <p class='ocr_par' dir='ltr' id='par_1_15' title="bbox 171 3690 1160 3784">
     <span class='ocr_line' id='line_1_33' title="bbox 171 3690 1160 3784; baseline 0.013 -26"><span class='ocrx_word' id='word_1_365' title='bbox 171 3690 470 3784; x_wconf 86' lang='lat' dir='ltr'><strong>monstrationes,</strong></span> <span class='ocrx_word' id='word_1_366' title='bbox 495 3706 546 3763; x_wconf 89' lang='lat' dir='ltr'><strong>est</strong></span> <span class='ocrx_word' id='word_1_367' title='bbox 570 3693 645 3784; x_wconf 88' lang='lat' dir='ltr'><strong>ipsa</strong></span> <span class='ocrx_word' id='word_1_368' title='bbox 668 3694 724 3762; x_wconf 83' lang='lat' dir='ltr'><strong>lex</strong></span> <span class='ocrx_word' id='word_1_369' title='bbox 746 3707 904 3770; x_wconf 84' lang='lat' dir='ltr'><strong>naturae.</strong></span> <span class='ocrx_word' id='word_1_370' title='bbox 955 3696 1024 3768; x_wconf 86' lang='lat' dir='ltr'><strong>Sed</strong></span> <span class='ocrx_word' id='word_1_371' title='bbox 1041 3697 1160 3771; x_wconf 85' lang='lat' dir='ltr'><strong>Deca-</strong></span> 
     </span>
    </p>

    <p class='ocr_par' dir='ltr' id='par_1_16' title="bbox 171 3791 1158 3968">
     <span class='ocr_line' id='line_1_34' title="bbox 171 3791 1158 3962; baseline 0.015 -104"><span class='ocrx_word' id='word_1_372' title='bbox 171 3792 274 3962; x_wconf 53' lang='lat' dir='ltr'><strong>ppgus</strong></span> <span class='ocrx_word' id='word_1_373' title='bbox 307 3791 440 3865; x_wconf 84' lang='lat' dir='ltr'><strong>clarius</strong></span> <span class='ocrx_word' id='word_1_374' title='bbox 466 3794 639 3887; x_wconf 90' lang='lat' dir='ltr'><strong>praecipit</strong></span> <span class='ocrx_word' id='word_1_375' title='bbox 669 3796 713 3865; x_wconf 91' lang='lat' dir='ltr'><strong>de</strong></span> <span class='ocrx_word' id='word_1_376' title='bbox 744 3795 900 3867; x_wconf 90' lang='lat' dir='ltr'><strong>motibus</strong></span> <span class='ocrx_word' id='word_1_377' title='bbox 928 3800 1048 3872; x_wconf 88' lang='lat' dir='ltr'><strong>cordis</strong></span> <span class='ocrx_word' id='word_1_378' title='bbox 1077 3825 1158 3896; x_wconf 90' lang='lat' dir='ltr'><strong>erga</strong></span> 
     </span>
     <span class='ocr_line' id='line_1_35' title="bbox 209 3915 302 3968; baseline 0.065 -6"><span class='ocrx_word' id='word_1_379' title='bbox 209 3915 302 3968; x_wconf 81' lang='lat' dir='ltr'><strong>eum.</strong></span> 
     </span>
    </p>
   </div>
   <div class='ocr_carea' id='block_1_12' title="bbox 272 2540 1162 2639">
    <p class='ocr_par' dir='ltr' id='par_1_17' title="bbox 272 2540 1162 2639">
     <span class='ocr_line' id='line_1_36' title="bbox 272 2540 1162 2639; baseline 0.008 -27"><span class='ocrx_word' id='word_1_380' title='bbox 272 2540 505 2637; x_wconf 89' lang='lat' dir='ltr'><strong>Philosophia</strong></span> <span class='ocrx_word' id='word_1_381' title='bbox 529 2561 646 2616; x_wconf 87' lang='lat' dir='ltr'><strong>tamen</strong></span> <span class='ocrx_word' id='word_1_382' title='bbox 670 2550 745 2617; x_wconf 85' lang='lat' dir='ltr'><strong>nori</strong></span> <span class='ocrx_word' id='word_1_383' title='bbox 767 2547 1015 2639; x_wconf 68' lang='lat' dir='ltr'><strong>tam‘anguslis</strong></span> <span class='ocrx_word' id='word_1_384' title='bbox 1030 2547 1162 2619; x_wconf 87' lang='lat' dir='ltr'><strong>linibus</strong></span> 
     </span>
    </p>
   </div>
   <div class='ocr_carea' id='block_1_13' title="bbox 170 3053 539 3147">
    <p class='ocr_par' dir='ltr' id='par_1_18' title="bbox 170 3053 539 3147">
     <span class='ocr_line' id='line_1_37' title="bbox 170 3053 539 3147; baseline 0.014 -26"><span class='ocrx_word' id='word_1_385' title='bbox 170 3053 273 3147; x_wconf 86' lang='lat' dir='ltr'><strong>qnasi</strong></span> <span class='ocrx_word' id='word_1_386' title='bbox 286 3053 539 3127; x_wconf 80' lang='lat' dir='ltr'><strong>fundamentis.</strong></span> 
     </span>
    </p>
   </div>
   <div class='ocr_carea' id='block_1_14' title="bbox 159 3324 2233 5466">
    <p class='ocr_par' dir='ltr' id='par_1_19' title="bbox 207 3324 2233 4340">
     <span class='ocr_line' id='line_1_38' title="bbox 1212 3324 2190 3423; baseline 0 -26"><span class='ocrx_word' id='word_1_387' title='bbox 1212 3324 1495 3422; x_wconf 89' lang='lat' dir='ltr'><strong>philosophiam,</strong></span> <span class='ocrx_word' id='word_1_388' title='bbox 1520 3354 1595 3401; x_wconf 89' lang='lat' dir='ltr'><strong>non</strong></span> <span class='ocrx_word' id='word_1_389' title='bbox 1611 3343 1661 3402; x_wconf 90' lang='lat' dir='ltr'><strong>est</strong></span> <span class='ocrx_word' id='word_1_390' title='bbox 1676 3330 1726 3399; x_wconf 91' lang='lat' dir='ltr'><strong>sic</strong></span> <span class='ocrx_word' id='word_1_391' title='bbox 1739 3329 2004 3420; x_wconf 88' lang='lat' dir='ltr'><strong>accipiendum,</strong></span> <span class='ocrx_word' id='word_1_392' title='bbox 2031 3328 2129 3423; x_wconf 84' lang='lat' dir='ltr'><strong>qnod</strong></span> <span class='ocrx_word' id='word_1_393' title='bbox 2141 3326 2190 3397; x_wconf 82' lang='lat' dir='ltr'><strong>ills</strong></span> 
     </span>
     <span class='ocr_line' id='line_1_39' title="bbox 1212 3425 2189 3524; baseline 0.003 -26"><span class='ocrx_word' id='word_1_394' title='bbox 1212 3425 1454 3523; x_wconf 87' lang='lat' dir='ltr'><strong>philosophia,</strong></span> <span class='ocrx_word' id='word_1_395' title='bbox 1488 3455 1579 3524; x_wconf 85' lang='lat' dir='ltr'><strong>quae</strong></span> <span class='ocrx_word' id='word_1_396' title='bbox 1606 3432 1708 3502; x_wconf 88' lang='lat' dir='ltr'><strong>docet</strong></span> <span class='ocrx_word' id='word_1_397' title='bbox 1736 3431 1857 3523; x_wconf 83' lang='lat' dir='ltr'><strong>loqui,</strong></span> <span class='ocrx_word' id='word_1_398' title='bbox 1887 3453 1929 3501; x_wconf 90' lang='lat' dir='ltr'><strong>ac</strong></span> <span class='ocrx_word' id='word_1_399' title='bbox 1961 3431 2189 3501; x_wconf 73' lang='lat' dir='ltr'><strong>remediorum</strong></span> 
     </span>
     <span class='ocr_line' id='line_1_40' title="bbox 1211 3530 2188 3626; baseline 0.001 -24"><span class='ocrx_word' id='word_1_400' title='bbox 1211 3547 1375 3617; x_wconf 88' lang='lat' dir='ltr'><strong>naturas,</strong></span> <span class='ocrx_word' id='word_1_401' title='bbox 1399 3547 1459 3605; x_wconf 92' lang='lat' dir='ltr'><strong>aut</strong></span> <span class='ocrx_word' id='word_1_402' title='bbox 1479 3557 1689 3626; x_wconf 89' lang='lat' dir='ltr'><strong>corporum,</strong></span> <span class='ocrx_word' id='word_1_403' title='bbox 1713 3532 1759 3604; x_wconf 91' lang='lat' dir='ltr'><strong>sit</strong></span> <span class='ocrx_word' id='word_1_404' title='bbox 1778 3555 1886 3603; x_wconf 86' lang='lat' dir='ltr'><strong>vana:</strong></span> <span class='ocrx_word' id='word_1_405' title='bbox 1912 3530 2188 3624; x_wconf 80' lang='lat' dir='ltr'><strong>permittitenin</strong></span> 
     </span>
     <span class='ocr_line' id='line_1_41' title="bbox 1211 3633 2183 3716; baseline 0.003 -11"><span class='ocrx_word' id='word_1_406' title='bbox 1211 3634 1263 3705; x_wconf 93' lang='lat' dir='ltr'><strong>uti</strong></span> <span class='ocrx_word' id='word_1_407' title='bbox 1280 3633 1385 3705; x_wconf 86' lang='lat' dir='ltr'><strong>nobis</strong></span> <span class='ocrx_word' id='word_1_408' title='bbox 1400 3634 1467 3706; x_wconf 89' lang='lat' dir='ltr'><strong>isto</strong></span> <span class='ocrx_word' id='word_1_409' title='bbox 1485 3633 1617 3705; x_wconf 91' lang='lat' dir='ltr'><strong>iudicio</strong></span> <span class='ocrx_word' id='word_1_410' title='bbox 1635 3633 1784 3708; x_wconf 89' lang='lat' dir='ltr'><strong>rationis</strong></span> <span class='ocrx_word' id='word_1_411' title='bbox 1799 3634 1890 3706; x_wconf 85' lang='lat' dir='ltr'><strong>sieut</strong></span> <span class='ocrx_word' id='word_1_412' title='bbox 1907 3635 2049 3707; x_wconf 85' lang='lat' dir='ltr'><strong>vestitu</strong></span> <span class='ocrx_word' id='word_1_413' title='bbox 2058 3633 2183 3716; x_wconf 68' lang='lat' dir='ltr'><strong>oeteo</strong></span> 
     </span>
     <span class='ocr_line' id='line_1_42' title="bbox 1210 3736 2187 3830; baseline 0.002 -25"><span class='ocrx_word' id='word_1_414' title='bbox 1210 3759 1285 3806; x_wconf 92' lang='lat' dir='ltr'><strong>non</strong></span> <span class='ocrx_word' id='word_1_415' title='bbox 1308 3749 1402 3807; x_wconf 84' lang='lat' dir='ltr'><strong>vetat</strong></span> <span class='ocrx_word' id='word_1_416' title='bbox 1417 3737 1597 3809; x_wconf 88' lang='lat' dir='ltr'><strong>numerari</strong></span> <span class='ocrx_word' id='word_1_417' title='bbox 1613 3750 1675 3809; x_wconf 88' lang='lat' dir='ltr'><strong>aul</strong></span> <span class='ocrx_word' id='word_1_418' title='bbox 1689 3736 1806 3807; x_wconf 87' lang='lat' dir='ltr'><strong>metiri</strong></span> <span class='ocrx_word' id='word_1_419' title='bbox 1821 3760 1995 3830; x_wconf 89' lang='lat' dir='ltr'><strong>corpora,</strong></span> <span class='ocrx_word' id='word_1_420' title='bbox 2023 3744 2187 3809; x_wconf 76' lang='lat' dir='ltr'><strong>nossent</strong></span> 
     </span>
     <span class='ocr_line' id='line_1_43' title="bbox 1210 3832 2187 3931; baseline -0.001 -23"><span class='ocrx_word' id='word_1_421' title='bbox 1210 3838 1412 3925; x_wconf 87' lang='lat' dir='ltr'><strong>aedificare,</strong></span> <span class='ocrx_word' id='word_1_422' title='bbox 1444 3863 1520 3909; x_wconf 89' lang='lat' dir='ltr'><strong>non</strong></span> <span class='ocrx_word' id='word_1_423' title='bbox 1541 3852 1635 3910; x_wconf 87' lang='lat' dir='ltr'><strong>velat</strong></span> <span class='ocrx_word' id='word_1_424' title='bbox 1655 3838 1819 3931; x_wconf 85' lang='lat' dir='ltr'><strong>pingere,</strong></span> <span class='ocrx_word' id='word_1_425' title='bbox 1845 3861 1922 3908; x_wconf 91' lang='lat' dir='ltr'><strong>non</strong></span> <span class='ocrx_word' id='word_1_426' title='bbox 1946 3850 2051 3913; x_wconf 86' lang='lat' dir='ltr'><strong>velat</strong></span> <span class='ocrx_word' id='word_1_427' title='bbox 2071 3832 2187 3909; x_wconf 78' lang='lat' dir='ltr'><strong>mederi</strong></span> 
     </span>
     <span class='ocr_line' id='line_1_44' title="bbox 1209 3938 2233 4034; baseline 0.005 -26"><span class='ocrx_word' id='word_1_428' title='bbox 1209 3940 1344 4010; x_wconf 84' lang='lat' dir='ltr'><strong>morbis</strong></span> <span class='ocrx_word' id='word_1_429' title='bbox 1359 3965 1562 4034; x_wconf 90' lang='lat' dir='ltr'><strong>corporum,</strong></span> <span class='ocrx_word' id='word_1_430' title='bbox 1587 3965 1662 4011; x_wconf 89' lang='lat' dir='ltr'><strong>non</strong></span> <span class='ocrx_word' id='word_1_431' title='bbox 1675 3953 1770 4012; x_wconf 81' lang='lat' dir='ltr'><strong>vetat</strong></span> <span class='ocrx_word' id='word_1_432' title='bbox 1783 3939 1915 4010; x_wconf 85' lang='lat' dir='ltr'><strong>iudicia</strong></span> <span class='ocrx_word' id='word_1_433' title='bbox 1929 3964 2110 4022; x_wconf 84' lang='lat' dir='ltr'><strong>exercere,</strong></span> <span class='ocrx_word' id='word_1_434' title='bbox 2127 3938 2186 4008; x_wconf 76' lang='lat' dir='ltr'><strong>iim</strong></span> <span class='ocrx_word' id='word_1_435' title='bbox 2231 3974 2233 4013; x_wconf 81' lang='lat'>;</span> 
     </span>
     <span class='ocr_line' id='line_1_45' title="bbox 1210 4037 2187 4136; baseline 0.004 -24"><span class='ocrx_word' id='word_1_436' title='bbox 1210 4042 1294 4136; x_wconf 91' lang='lat' dir='ltr'><strong>quia</strong></span> <span class='ocrx_word' id='word_1_437' title='bbox 1324 4043 1426 4112; x_wconf 88' lang='lat' dir='ltr'><strong>audis</strong></span> <span class='ocrx_word' id='word_1_438' title='bbox 1455 4038 1541 4114; x_wconf 89' lang='lat' dir='ltr'><strong>haec</strong></span> <span class='ocrx_word' id='word_1_439' title='bbox 1569 4044 1665 4114; x_wconf 86' lang='lat' dir='ltr'><strong>dona</strong></span> <span class='ocrx_word' id='word_1_440' title='bbox 1693 4037 1763 4112; x_wconf 88' lang='lat' dir='ltr'><strong>Dei</strong></span> <span class='ocrx_word' id='word_1_441' title='bbox 1792 4066 1865 4113; x_wconf 91' lang='lat' dir='ltr'><strong>esse</strong></span> <span class='ocrx_word' id='word_1_442' title='bbox 1895 4041 2013 4115; x_wconf 82' lang='lat' dir='ltr'><strong>insita</strong></span> <span class='ocrx_word' id='word_1_443' title='bbox 2044 4058 2187 4122; x_wconf 78' lang='lat' dir='ltr'><strong>natans</strong></span> 
     </span>
     <span class='ocr_line' id='line_1_46' title="bbox 207 4127 2186 4237; baseline 0.006 -33"><span class='ocrx_word' id='word_1_444' title='bbox 207 4127 294 4227; x_wconf 82' lang='lat' dir='ltr'><strong>(V.)</strong></span> <span class='ocrx_word' id='word_1_445' title='bbox 328 4132 440 4207; x_wconf 80' lang='lat' dir='ltr'><strong>Allo</strong></span> <span class='ocrx_word' id='word_1_446' title='bbox 464 4133 753 4230; x_wconf 77' lang='lat' dir='ltr'><strong>dispulolio:</strong></span> <span class='ocrx_word' id='word_1_447' title='bbox 787 4133 836 4210; x_wconf 80' lang='lat' dir='ltr'><strong>tle</strong></span> <span class='ocrx_word' id='word_1_448' title='bbox 855 4135 984 4211; x_wconf 78' lang='lat' dir='ltr'><strong>eodem</strong></span> <span class='ocrx_word' id='word_1_449' title='bbox 1005 4140 1122 4213; x_wconf 82' lang='lat' dir='ltr'><strong>Poeta·</strong></span> <span class='ocrx_word' id='word_1_450' title='bbox 1208 4144 1460 4236; x_wconf 89' lang='lat' dir='ltr'><strong>multomagis</strong></span> <span class='ocrx_word' id='word_1_451' title='bbox 1488 4147 1594 4217; x_wconf 87' lang='lat' dir='ltr'><strong>debes</strong></span> <span class='ocrx_word' id='word_1_452' title='bbox 1618 4140 1710 4216; x_wconf 88' lang='lat' dir='ltr'><strong>hanc</strong></span> <span class='ocrx_word' id='word_1_453' title='bbox 1730 4138 2003 4237; x_wconf 85' lang='lat' dir='ltr'><strong>philosophiam</strong></span> <span class='ocrx_word' id='word_1_454' title='bbox 2027 4139 2186 4225; x_wconf 76' lang='lat' dir='ltr'><strong>venerari.</strong></span> 
     </span>
     <span class='ocr_line' id='line_1_47' title="bbox 608 4238 2187 4340; baseline 0.003 -29"><span class='ocrx_word' id='word_1_455' title='bbox 608 4238 720 4312; x_wconf 78' lang='lat' dir='ltr'><strong>dioto.</strong></span> <span class='ocrx_word' id='word_1_456' title='bbox 1208 4270 1314 4339; x_wconf 89' lang='lat' dir='ltr'><strong>quam</strong></span> <span class='ocrx_word' id='word_1_457' title='bbox 1329 4241 1426 4317; x_wconf 90' lang='lat' dir='ltr'><strong>Deus</strong></span> <span class='ocrx_word' id='word_1_458' title='bbox 1443 4246 1543 4320; x_wconf 87' lang='lat' dir='ltr'><strong>dedit</strong></span> <span class='ocrx_word' id='word_1_459' title='bbox 1557 4248 1603 4318; x_wconf 88' lang='lat' dir='ltr'><strong>ad</strong></span> <span class='ocrx_word' id='word_1_460' title='bbox 1619 4246 1711 4318; x_wconf 83' lang='lat' dir='ltr'><strong>vitoe</strong></span> <span class='ocrx_word' id='word_1_461' title='bbox 1725 4245 1901 4340; x_wconf 86' lang='lat' dir='ltr'><strong>praesidia</strong></span> <span class='ocrx_word' id='word_1_462' title='bbox 1919 4249 2102 4338; x_wconf 84' lang='lat' dir='ltr'><strong>paranda:</strong></span> <span class='ocrx_word' id='word_1_463' title='bbox 2123 4241 2187 4315; x_wconf 77' lang='lat' dir='ltr'><strong>rull</strong></span> 
     </span>
    </p>

    <p class='ocr_par' dir='ltr' id='par_1_20' title="bbox 159 4332 2185 5466">
     <span class='ocr_line' id='line_1_48' title="bbox 169 4332 2184 4436; baseline 0.002 -20"><span class='ocrx_word' id='word_1_464' title='bbox 169 4332 293 4423; x_wconf 67' lang='grc' dir='ltr'>(Νθφῑθ</span> <span class='ocrx_word' id='word_1_465' title='bbox 314 4344 347 4401; x_wconf 79' lang='lat' dir='ltr'><strong>i1¹</strong></span> <span class='ocrx_word' id='word_1_466' title='bbox 370 4333 532 4427; x_wconf 73' lang='lat' dir='ltr'><strong>opp-illel·</strong></span> <span class='ocrx_word' id='word_1_467' title='bbox 548 4340 659 4428; x_wconf 84' lang='lat' dir='ltr'><strong>Basll,</strong></span> <span class='ocrx_word' id='word_1_468' title='bbox 682 4369 781 4432; x_wconf 85' lang='lat' dir='ltr'><strong>neque</strong></span> <span class='ocrx_word' id='word_1_469' title='bbox 802 4350 837 4408; x_wconf 88' lang='lat' dir='ltr'><strong>in</strong></span> <span class='ocrx_word' id='word_1_470' title='bbox 852 4343 1025 4431; x_wconf 83' lang='lat' dir='ltr'><strong>Witebarg.</strong></span> <span class='ocrx_word' id='word_1_471' title='bbox 1046 4354 1157 4432; x_wconf 83' lang='lat' dir='ltr'><strong>tegitur</strong></span> <span class='ocrx_word' id='word_1_472' title='bbox 1208 4348 1303 4417; x_wconf 90' lang='lat' dir='ltr'><strong>enim</strong></span> <span class='ocrx_word' id='word_1_473' title='bbox 1323 4344 1420 4419; x_wconf 88' lang='lat' dir='ltr'><strong>Dens</strong></span> <span class='ocrx_word' id='word_1_474' title='bbox 1448 4372 1515 4420; x_wconf 91' lang='lat' dir='ltr'><strong>nos</strong></span> <span class='ocrx_word' id='word_1_475' title='bbox 1540 4350 1719 4436; x_wconf 90' lang='lat' dir='ltr'><strong>laborate,</strong></span> <span class='ocrx_word' id='word_1_476' title='bbox 1751 4361 1787 4419; x_wconf 89' lang='lat' dir='ltr'><strong>el</strong></span> <span class='ocrx_word' id='word_1_477' title='bbox 1808 4347 1937 4419; x_wconf 86' lang='lat' dir='ltr'><strong>vivunt</strong></span> <span class='ocrx_word' id='word_1_478' title='bbox 1961 4346 2184 4429; x_wconf 64' lang='lat' dir='ltr'><strong>commedit,</strong></span> 
     </span>
     <span class='ocr_line' id='line_1_49' title="bbox 169 4440 2185 4544; baseline 0.01 -43"><span class='ocrx_word' id='word_1_479' title='bbox 169 4442 244 4503; x_wconf 80' lang='lat' dir='ltr'><strong>liaeo</strong></span> <span class='ocrx_word' id='word_1_480' title='bbox 264 4440 467 4507; x_wconf 83' lang='lat' dir='ltr'><strong>Melanthonis</strong></span> <span class='ocrx_word' id='word_1_481' title='bbox 488 4447 675 4528; x_wconf 87' lang='lat' dir='ltr'><strong>dissertatio,</strong></span> <span class='ocrx_word' id='word_1_482' title='bbox 700 4472 799 4534; x_wconf 88' lang='lat' dir='ltr'><strong>neque</strong></span> <span class='ocrx_word' id='word_1_483' title='bbox 821 4472 888 4511; x_wconf 89' lang='lat' dir='ltr'><strong>eam</strong></span> <span class='ocrx_word' id='word_1_484' title='bbox 909 4456 1156 4516; x_wconf 83' lang='lat' dir='ltr'><strong>commemorarit</strong></span> <span class='ocrx_word' id='word_1_485' title='bbox 1207 4449 1269 4544; x_wconf 83' lang='lat' dir='ltr'><strong>qui</strong></span> <span class='ocrx_word' id='word_1_486' title='bbox 1292 4449 1409 4521; x_wconf 84' lang='lat' dir='ltr'><strong>sclunl</strong></span> <span class='ocrx_word' id='word_1_487' title='bbox 1431 4451 1589 4521; x_wconf 79' lang='lat' dir='ltr'><strong>remedia</strong></span> <span class='ocrx_word' id='word_1_488' title='bbox 1605 4451 1836 4535; x_wconf 82' lang='lat' dir='ltr'><strong>morborum,</strong></span> <span class='ocrx_word' id='word_1_489' title='bbox 1859 4449 1925 4542; x_wconf 78' lang='lat' dir='ltr'><strong>qul</strong></span> <span class='ocrx_word' id='word_1_490' title='bbox 1942 4450 2066 4522; x_wconf 77' lang='lat' dir='ltr'><strong>sciunt</strong></span> <span class='ocrx_word' id='word_1_491' title='bbox 2081 4466 2185 4541; x_wconf 60' lang='lat' dir='ltr'><strong>reg&amp;</strong></span> 
     </span>
     <span class='ocr_line' id='line_1_50' title="bbox 167 4540 2185 4648; baseline 0.008 -43"><span class='ocrx_word' id='word_1_492' title='bbox 167 4540 337 4607; x_wconf 85' lang='lat' dir='ltr'><strong>Strobelius</strong></span> <span class='ocrx_word' id='word_1_493' title='bbox 357 4549 390 4608; x_wconf 90' lang='lat' dir='ltr'><strong>in</strong></span> <span class='ocrx_word' id='word_1_494' title='bbox 411 4549 595 4631; x_wconf 84' lang='lat' dir='ltr'><strong>bibliotheca</strong></span> <span class='ocrx_word' id='word_1_495' title='bbox 608 4546 864 4619; x_wconf 81' lang='lat' dir='ltr'><strong>Melanthoniana.</strong></span> <span class='ocrx_word' id='word_1_496' title='bbox 916 4547 1024 4618; x_wconf 80' lang='lat' dir='ltr'><strong>Inveni</strong></span> <span class='ocrx_word' id='word_1_497' title='bbox 1038 4577 1106 4618; x_wconf 85' lang='lat' dir='ltr'><strong>earn</strong></span> <span class='ocrx_word' id='word_1_498' title='bbox 1120 4559 1155 4618; x_wconf 87' lang='lat' dir='ltr'><strong>in</strong></span> <span class='ocrx_word' id='word_1_499' title='bbox 1206 4550 1441 4644; x_wconf 70' lang='lat' dir='ltr'><strong>respublicae,</strong></span> <span class='ocrx_word' id='word_1_500' title='bbox 1472 4576 1580 4648; x_wconf 85' lang='lat' dir='ltr'><strong>quam</strong></span> <span class='ocrx_word' id='word_1_501' title='bbox 1609 4552 1770 4623; x_wconf 81' lang='lat' dir='ltr'><strong>barbari:</strong></span> <span class='ocrx_word' id='word_1_502' title='bbox 1805 4551 1961 4644; x_wconf 80' lang='lat' dir='ltr'><strong>denique</strong></span> <span class='ocrx_word' id='word_1_503' title='bbox 1990 4552 2057 4647; x_wconf 78' lang='lat' dir='ltr'><strong>qul</strong></span> <span class='ocrx_word' id='word_1_504' title='bbox 2078 4568 2185 4623; x_wconf 61' lang='lat' dir='ltr'><strong>omn</strong></span> 
     </span>
     <span class='ocr_line' id='line_1_51' title="bbox 166 4644 2183 4748; baseline 0.007 -42"><span class='ocrx_word' id='word_1_505' title='bbox 166 4646 352 4710; x_wconf 88' lang='lat' dir='ltr'><strong>bibliotbeoa</strong></span> <span class='ocrx_word' id='word_1_506' title='bbox 371 4644 529 4733; x_wconf 83' lang='lat' dir='ltr'><strong>Gymnasii</strong></span> <span class='ocrx_word' id='word_1_507' title='bbox 545 4648 679 4715; x_wconf 80' lang='lat' dir='ltr'><strong>Gothori</strong></span> <span class='ocrx_word' id='word_1_508' title='bbox 695 4658 738 4716; x_wconf 89' lang='lat' dir='ltr'><strong>sio</strong></span> <span class='ocrx_word' id='word_1_509' title='bbox 750 4657 941 4737; x_wconf 85' lang='lat' dir='ltr'><strong>inscriptam:</strong></span> <span class='ocrx_word' id='word_1_510' title='bbox 1205 4654 1286 4725; x_wconf 88' lang='lat' dir='ltr'><strong>illas</strong></span> <span class='ocrx_word' id='word_1_511' title='bbox 1312 4666 1405 4725; x_wconf 87' lang='lat' dir='ltr'><strong>artes</strong></span> <span class='ocrx_word' id='word_1_512' title='bbox 1435 4655 1571 4742; x_wconf 91' lang='lat' dir='ltr'><strong>sciunt,</strong></span> <span class='ocrx_word' id='word_1_513' title='bbox 1604 4653 1735 4748; x_wconf 87' lang='lat' dir='ltr'><strong>quibus</strong></span> <span class='ocrx_word' id='word_1_514' title='bbox 1764 4653 1803 4723; x_wconf 90' lang='lat' dir='ltr'><strong>in</strong></span> <span class='ocrx_word' id='word_1_515' title='bbox 1830 4647 1897 4722; x_wconf 91' lang='lat' dir='ltr'><strong>hac</strong></span> <span class='ocrx_word' id='word_1_516' title='bbox 1919 4654 2107 4746; x_wconf 87' lang='lat' dir='ltr'><strong>corporali</strong></span> <span class='ocrx_word' id='word_1_517' title='bbox 2123 4649 2183 4721; x_wconf 71' lang='lat' dir='ltr'><strong>rin</strong></span> 
     </span>
     <span class='ocr_line' id='line_1_52' title="bbox 218 4746 2183 4842; baseline 0.008 -32"><span class='ocrx_word' id='word_1_518' title='bbox 218 4746 385 4835; x_wconf 83' lang='lat' dir='ltr'><strong>„Philippi</strong></span> <span class='ocrx_word' id='word_1_519' title='bbox 411 4748 655 4817; x_wconf 81' lang='lat' dir='ltr'><strong>blelanahthonie</strong></span> <span class='ocrx_word' id='word_1_520' title='bbox 685 4761 718 4818; x_wconf 92' lang='lat' dir='ltr'><strong>in</strong></span> <span class='ocrx_word' id='word_1_521' title='bbox 747 4758 851 4819; x_wconf 81' lang='lat' dir='ltr'><strong>losum</strong></span> <span class='ocrx_word' id='word_1_522' title='bbox 878 4756 918 4818; x_wconf 94' lang='lat' dir='ltr'><strong>ad</strong></span> <span class='ocrx_word' id='word_1_523' title='bbox 946 4754 1152 4824; x_wconf 77' lang='lat' dir='ltr'><strong>colossenses:</strong></span> <span class='ocrx_word' id='word_1_524' title='bbox 1204 4756 1377 4825; x_wconf 88' lang='lat' dir='ltr'><strong>servanda</strong></span> <span class='ocrx_word' id='word_1_525' title='bbox 1396 4757 1570 4827; x_wconf 88' lang='lat' dir='ltr'><strong>utendum</strong></span> <span class='ocrx_word' id='word_1_526' title='bbox 1582 4770 1653 4841; x_wconf 88' lang='lat' dir='ltr'><strong>est,</strong></span> <span class='ocrx_word' id='word_1_527' title='bbox 1677 4768 1719 4826; x_wconf 92' lang='lat' dir='ltr'><strong>ut</strong></span> <span class='ocrx_word' id='word_1_528' title='bbox 1731 4754 1943 4825; x_wconf 88' lang='lat' dir='ltr'><strong>numerandi</strong></span> <span class='ocrx_word' id='word_1_529' title='bbox 1959 4768 2099 4842; x_wconf 88' lang='lat' dir='ltr'><strong>artem,</strong></span> <span class='ocrx_word' id='word_1_530' title='bbox 2120 4774 2183 4825; x_wconf 78' lang='lat' dir='ltr'><strong>nr·</strong></span> 
     </span>
     <span class='ocr_line' id='line_1_53' title="bbox 216 4845 2184 4949; baseline 0.01 -40"><span class='ocrx_word' id='word_1_531' title='bbox 216 4845 327 4916; x_wconf 88' lang='lat' dir='ltr'><strong>Videte</strong></span> <span class='ocrx_word' id='word_1_532' title='bbox 347 4876 386 4914; x_wconf 91' lang='lat' dir='ltr'><strong>ne</strong></span> <span class='ocrx_word' id='word_1_533' title='bbox 408 4861 475 4941; x_wconf 87' lang='lat' dir='ltr'><strong>quis</strong></span> <span class='ocrx_word' id='word_1_534' title='bbox 495 4878 551 4919; x_wconf 81' lang='lat' dir='ltr'><strong>ros</strong></span> <span class='ocrx_word' id='word_1_535' title='bbox 565 4857 695 4941; x_wconf 85' lang='lat' dir='ltr'><strong>desipiat</strong></span> <span class='ocrx_word' id='word_1_536' title='bbox 710 4881 763 4941; x_wconf 87' lang='lat' dir='ltr'><strong>per</strong></span> <span class='ocrx_word' id='word_1_537' title='bbox 777 4858 1004 4942; x_wconf 86' lang='lat' dir='ltr'><strong>philosophiam</strong></span> <span class='ocrx_word' id='word_1_538' title='bbox 1020 4867 1151 4942; x_wconf 85' lang='lat' dir='ltr'><strong>inanem,</strong></span> <span class='ocrx_word' id='word_1_539' title='bbox 1204 4856 1337 4941; x_wconf 73' lang='lat' dir='ltr'><strong>tiendI,</strong></span> <span class='ocrx_word' id='word_1_540' title='bbox 1363 4858 1593 4934; x_wconf 84' lang='lat' dir='ltr'><strong>aedificandi,</strong></span> <span class='ocrx_word' id='word_1_541' title='bbox 1618 4871 1777 4949; x_wconf 82' lang='lat' dir='ltr'><strong>tempora</strong></span> <span class='ocrx_word' id='word_1_542' title='bbox 1800 4881 1840 4926; x_wconf 82' lang='lat' dir='ltr'><strong>ex</strong></span> <span class='ocrx_word' id='word_1_543' title='bbox 1861 4853 2021 4926; x_wconf 83' lang='lat' dir='ltr'><strong>molibus</strong></span> <span class='ocrx_word' id='word_1_544' title='bbox 2035 4851 2184 4928; x_wconf 75' lang='lat' dir='ltr'><strong>coeletll·</strong></span> 
     </span>
     <span class='ocr_line' id='line_1_54' title="bbox 215 4952 2184 5039; baseline 0.007 -23"><span class='ocrx_word' id='word_1_545' title='bbox 215 4952 395 5022; x_wconf 80' lang='lat' dir='ltr'><strong>dissertatio.</strong></span> <span class='ocrx_word' id='word_1_546' title='bbox 444 4955 562 5021; x_wconf 80' lang='lat' dir='ltr'><strong>Recens</strong></span> <span class='ocrx_word' id='word_1_547' title='bbox 584 4960 673 5029; x_wconf 86' lang='lat' dir='ltr'><strong>edita.</strong></span> <span class='ocrx_word' id='word_1_548' title='bbox 725 4958 860 5023; x_wconf 85' lang='lat' dir='ltr'><strong>Basileae</strong></span> <span class='ocrx_word' id='word_1_549' title='bbox 880 4963 1046 5026; x_wconf 76' lang='lat' dir='ltr'><strong>exardebat</strong></span> <span class='ocrx_word' id='word_1_550' title='bbox 1062 4964 1152 5027; x_wconf 87' lang='lat' dir='ltr'><strong>Ada-</strong></span> <span class='ocrx_word' id='word_1_551' title='bbox 1201 4959 1269 5029; x_wconf 90' lang='lat' dir='ltr'><strong>bus</strong></span> <span class='ocrx_word' id='word_1_552' title='bbox 1292 4959 1533 5029; x_wconf 87' lang='lat' dir='ltr'><strong>discernendi:</strong></span> <span class='ocrx_word' id='word_1_553' title='bbox 1560 4955 1657 5028; x_wconf 83' lang='lat' dir='ltr'><strong>llaec</strong></span> <span class='ocrx_word' id='word_1_554' title='bbox 1678 4957 1798 5028; x_wconf 88' lang='lat' dir='ltr'><strong>omnia</strong></span> <span class='ocrx_word' id='word_1_555' title='bbox 1816 4980 1895 5029; x_wconf 92' lang='lat' dir='ltr'><strong>cnm</strong></span> <span class='ocrx_word' id='word_1_556' title='bbox 1911 4957 1988 5026; x_wconf 90' lang='lat' dir='ltr'><strong>sint</strong></span> <span class='ocrx_word' id='word_1_557' title='bbox 2001 4954 2075 5029; x_wconf 82' lang='lat' dir='ltr'><strong>Dei</strong></span> <span class='ocrx_word' id='word_1_558' title='bbox 2093 4959 2184 5039; x_wconf 66' lang='lat' dir='ltr'><strong>dont</strong></span> 
     </span>
     <span class='ocr_line' id='line_1_55' title="bbox 210 5055 2182 5153; baseline 0.006 -34"><span class='ocrx_word' id='word_1_559' title='bbox 210 5076 279 5120; x_wconf 87' lang='lat' dir='ltr'><strong>mos</strong></span> <span class='ocrx_word' id='word_1_560' title='bbox 308 5055 433 5139; x_wconf 82' lang='lat' dir='ltr'><strong>Petrus,</strong></span> <span class='ocrx_word' id='word_1_561' title='bbox 466 5058 571 5125; x_wconf 84' lang='lat' dir='ltr'><strong>Mense</strong></span> <span class='ocrx_word' id='word_1_562' title='bbox 600 5060 763 5147; x_wconf 81' lang='lat' dir='ltr'><strong>Auganto,</strong></span> <span class='ocrx_word' id='word_1_563' title='bbox 797 5082 876 5125; x_wconf 88' lang='lat' dir='ltr'><strong>anno</strong></span> <span class='ocrx_word' id='word_1_564' title='bbox 906 5060 1150 5132; x_wconf 62' lang='lat' dir='ltr'><strong>lanxxvnss’</strong></span> <span class='ocrx_word' id='word_1_565' title='bbox 1202 5084 1243 5129; x_wconf 90' lang='lat' dir='ltr'><strong>eo</strong></span> <span class='ocrx_word' id='word_1_566' title='bbox 1267 5062 1378 5150; x_wconf 89' lang='lat' dir='ltr'><strong>magis</strong></span> <span class='ocrx_word' id='word_1_567' title='bbox 1398 5059 1564 5153; x_wconf 85' lang='lat' dir='ltr'><strong>amplecti</strong></span> <span class='ocrx_word' id='word_1_568' title='bbox 1584 5071 1619 5131; x_wconf 90' lang='lat' dir='ltr'><strong>et</strong></span> <span class='ocrx_word' id='word_1_569' title='bbox 1634 5059 1828 5130; x_wconf 82' lang='lat' dir='ltr'><strong>exosculari</strong></span> <span class='ocrx_word' id='word_1_570' title='bbox 1843 5057 2087 5130; x_wconf 79' lang='lat' dir='ltr'><strong>debebamus:</strong></span> <span class='ocrx_word' id='word_1_571' title='bbox 2111 5055 2182 5130; x_wconf 81' lang='lat' dir='ltr'><strong>lte</strong></span> 
     </span>
     <span class='ocr_line' id='line_1_56' title="bbox 211 5158 2182 5252; baseline 0.006 -31"><span class='ocrx_word' id='word_1_572' title='bbox 211 5158 229 5220; x_wconf 87' lang='lat'>1</span> <span class='ocrx_word' id='word_1_573' title='bbox 246 5164 290 5243; x_wconf 79' lang='lat' dir='ltr'><strong>pl.</strong></span> <span class='ocrx_word' id='word_1_574' title='bbox 325 5160 360 5226; x_wconf 87' lang='lat'><strong>8.</strong></span> <span class='ocrx_word' id='word_1_575' title='bbox 1200 5161 1371 5233; x_wconf 88' lang='lat' dir='ltr'><strong>Salomon</strong></span> <span class='ocrx_word' id='word_1_576' title='bbox 1394 5161 1502 5247; x_wconf 91' lang='lat' dir='ltr'><strong>dicit,</strong></span> <span class='ocrx_word' id='word_1_577' title='bbox 1533 5162 1741 5252; x_wconf 87' lang='lat' dir='ltr'><strong>sapientiam</strong></span> <span class='ocrx_word' id='word_1_578' title='bbox 1766 5161 1897 5231; x_wconf 92' lang='lat' dir='ltr'><strong>bonam</strong></span> <span class='ocrx_word' id='word_1_579' title='bbox 1929 5182 2007 5231; x_wconf 88' lang='lat' dir='ltr'><strong>esse</strong></span> <span class='ocrx_word' id='word_1_580' title='bbox 2031 5175 2069 5232; x_wconf 84' lang='lat' dir='ltr'><strong>et</strong></span> <span class='ocrx_word' id='word_1_581' title='bbox 2093 5182 2182 5251; x_wconf 80' lang='lat' dir='ltr'><strong>prat·</strong></span> 
     </span>
     <span class='ocr_line' id='line_1_57' title="bbox 160 5255 2183 5352; baseline 0.007 -32"><span class='ocrx_word' id='word_1_582' title='bbox 160 5255 232 5338; x_wconf 82' lang='lat' dir='ltr'><strong>Qna</strong></span> <span class='ocrx_word' id='word_1_583' title='bbox 258 5266 415 5327; x_wconf 87' lang='lat' dir='ltr'><strong>oooasione</strong></span> <span class='ocrx_word' id='word_1_584' title='bbox 438 5263 506 5328; x_wconf 90' lang='lat' dir='ltr'><strong>data</strong></span> <span class='ocrx_word' id='word_1_585' title='bbox 520 5260 700 5330; x_wconf 82' lang='lat' dir='ltr'><strong>dietantbon</strong></span> <span class='ocrx_word' id='word_1_586' title='bbox 721 5264 803 5329; x_wconf 86' lang='lat' dir='ltr'><strong>idem</strong></span> <span class='ocrx_word' id='word_1_587' title='bbox 822 5279 1031 5350; x_wconf 80' lang='lat' dir='ltr'><strong>argumentum</strong></span> <span class='ocrx_word' id='word_1_588' title='bbox 1051 5279 1149 5332; x_wconf 86' lang='lat' dir='ltr'><strong>retra·</strong></span> <span class='ocrx_word' id='word_1_589' title='bbox 1199 5275 1291 5333; x_wconf 88' lang='lat' dir='ltr'><strong>stare</strong></span> <span class='ocrx_word' id='word_1_590' title='bbox 1310 5262 1489 5348; x_wconf 80' lang='lat' dir='ltr'><strong>iustitiae,</strong></span> <span class='ocrx_word' id='word_1_591' title='bbox 1514 5262 1605 5333; x_wconf 90' lang='lat' dir='ltr'><strong>sicut</strong></span> <span class='ocrx_word' id='word_1_592' title='bbox 1623 5263 1684 5333; x_wconf 82' lang='lat' dir='ltr'><strong>lux</strong></span> <span class='ocrx_word' id='word_1_593' title='bbox 1699 5263 1854 5333; x_wconf 89' lang='lat' dir='ltr'><strong>tenebris</strong></span> <span class='ocrx_word' id='word_1_594' title='bbox 1869 5273 2044 5352; x_wconf 86' lang='lat' dir='ltr'><strong>praestat,</strong></span> <span class='ocrx_word' id='word_1_595' title='bbox 2070 5258 2183 5334; x_wconf 69' lang='lat' dir='ltr'><strong>Eetls</strong></span> 
     </span>
     <span class='ocr_line' id='line_1_58' title="bbox 159 5357 2182 5466; baseline 0.005 -42"><span class='ocrx_word' id='word_1_596' title='bbox 159 5368 302 5447; x_wconf 75' lang='lat' dir='ltr'><strong>atatem,</strong></span> <span class='ocrx_word' id='word_1_597' title='bbox 335 5371 448 5434; x_wconf 83' lang='lat' dir='ltr'><strong>neseio.</strong></span> <span class='ocrx_word' id='word_1_598' title='bbox 515 5365 595 5432; x_wconf 87' lang='lat' dir='ltr'><strong>I’uto</strong></span> <span class='ocrx_word' id='word_1_599' title='bbox 618 5381 736 5451; x_wconf 81' lang='lat' dir='ltr'><strong>autem,</strong></span> <span class='ocrx_word' id='word_1_600' title='bbox 767 5367 995 5439; x_wconf 82' lang='lat' dir='ltr'><strong>Malantbonem</strong></span> <span class='ocrx_word' id='word_1_601' title='bbox 1016 5371 1090 5440; x_wconf 84' lang='lat' dir='ltr'><strong>beas</strong></span> <span class='ocrx_word' id='word_1_602' title='bbox 1112 5374 1148 5438; x_wconf 92' lang='lat' dir='ltr'><strong>in</strong></span> <span class='ocrx_word' id='word_1_603' title='bbox 1168 5414 1176 5466; x_wconf 86' lang='lat' dir='ltr'><strong>t</strong></span> <span class='ocrx_word' id='word_1_604' title='bbox 1198 5364 1293 5438; x_wconf 87' lang='lat' dir='ltr'><strong>siast.</strong></span> <span class='ocrx_word' id='word_1_605' title='bbox 1307 5366 1344 5443; x_wconf 79' lang='lat'><strong>2.</strong></span> <span class='ocrx_word' id='word_1_606' title='bbox 1387 5363 1458 5440; x_wconf 87' lang='lat' dir='ltr'><strong>Sed</strong></span> <span class='ocrx_word' id='word_1_607' title='bbox 1479 5365 1524 5438; x_wconf 91' lang='lat' dir='ltr'><strong>de</strong></span> <span class='ocrx_word' id='word_1_608' title='bbox 1539 5360 1617 5438; x_wconf 86' lang='lat' dir='ltr'><strong>Deo</strong></span> <span class='ocrx_word' id='word_1_609' title='bbox 1639 5375 1733 5439; x_wconf 89' lang='lat' dir='ltr'><strong>errat</strong></span> <span class='ocrx_word' id='word_1_610' title='bbox 1747 5357 1978 5461; x_wconf 85' lang='lat' dir='ltr'><strong>philosophia</strong></span> <span class='ocrx_word' id='word_1_611' title='bbox 1993 5362 2182 5459; x_wconf 81' lang='lat' dir='ltr'><strong>tripliciter,</strong></span> 
     </span>
    </p>
   </div>
   <div class='ocr_carea' id='block_1_15' title="bbox 0 0 2344 6038">
    <p class='ocr_par' dir='ltr' id='par_1_21' title="bbox 0 0 2344 6038">
     <span class='ocr_line' id='line_1_59' title="bbox 0 0 2344 6038; baseline 0 3"><span class='ocrx_word' id='word_1_612' title='bbox 0 0 2344 6038; x_wconf 95' lang='lat' dir='ltr'><strong> </strong></span> 
     </span>
    </p>
   </div>
  </div>
 </body>
</html>
