4680 6038
198 248 266 327 att
596 222 756 303 DECL.
797 213 873 293 DE
903 205 1226 291 CHARITUM
1260 199 1833 282 APPELLATIONIBUS.
2155 204 2232 283 m

1029 390 1196 457 11111511.
1248 381 1391 466 cordia,
1421 395 1457 452 et
1484 380 1530 450 de
1552 380 1660 449 modo
1681 379 1887 451 retinendae
1909 379 2124 453 concordiae
2143 378 2232 452 inter

1018 480 1190 512 Μ
1248 485 1400 577 gemitus
1428 496 1463 553 et
1492 482 1664 575 lacrymas
1691 481 1820 572 cogito.
1887 479 1988 572 Quid
2015 495 2137 576 potest
2163 481 2231 554 diei

315 637 389 721 De
421 629 660 718 chamum
689 613 1093 732 appellationibm·
1249 589 1365 658 maius
1387 580 1454 656 hac
1477 583 1682 674 gravissima
1703 608 1787 656 voce
1809 579 1995 657 iohannis:
2020 581 2126 657 Dens
2145 583 2230 657 dile·

1250 692 1319 762 ctio
1342 701 1412 779 est,
1436 688 1500 781 qui
1522 701 1640 758 manet
1662 687 1701 756 in
1725 687 1933 773 dilectione,
1955 684 2090 758 inDeo
2105 700 2231 768 111111,

278 833 308 885 tn
329 815 748 910 ofsiton.r.}'.p.1soaqq3,
772 801 1198 932 'pfigffiffibi‘i'Tii¹'1⁹;1⁸¹ff‘
1250 789 1396 911 etDeus
1413 789 1451 859 in
1467 789 1532 909 eo?
1581 786 1962 884 Indeiudicetnrquid
1980 787 2232 863 deluriiaillit

308 889 792 1023 ἷ1811ὃ311ὲ11ἓ111111[1111111111.
859 917 866 932 .
938 917 945 930 .
989 894 1044 946 p..
1068 893 1103 929 e.
1143 908 1151 926 .
1190 910 1198 927 .
1252 895 1562 976 ‘mmmmm’
1585 915 1676 985 quae
1690 887 2231 986 amprmfigiismphm

348 1004 355 1020 ⁸
1251 1010 1345 1068 recte
1364 995 1494 1067 tradita
1514 1007 1766 1086 corrumpunt,
1795 1008 1856 1067 aut
1877 997 2042 1069 ardentes
2063 991 2164 1067 odiis
2180 993 2232 1064 ia-

692 1134 976 1232 pepapponpms.
1000 1138 1161 1206 recitata
1176 1155 1200 1204 α
1224 1128 1228 1193 Ι
1251 1100 1352 1169 firma
1378 1099 1535 1169 membra
1554 1111 1717 1168 truncare
1739 1122 1846 1191 quam
1869 1120 1996 1168 sanare
2016 1097 2181 1179 malunt.
2200 1108 2232 1167 et

706 1247 889 1313 gnomo
915 1193 1175 1334 pamm),
1252 1197 1309 1271 his
1325 1202 1465 1271 duobus
1480 1200 1597 1269 modis
1610 1196 1802 1271 Ecclesiam
1820 1195 2037 1273 distrahunt.
2090 1194 2232 1271 ΡΜ

206 416 383 547 une

214 1162 343 1235 Oratio
366 1154 413 1225 de
430 1148 625 1223 (1111νὶ11111
641 1165 690 1235 up

238 1264 394 1335 Decono
409 1247 662 1349 philosophico
689 1242 705 1334 (

586 1349 644 1424 lo.
660 1347 836 1444 Augusti.
1252 1305 1372 1376 abesse
1397 1305 1443 1374 ab
1469 1297 1626 1373 Ecclesia
1650 1297 1877 1394 sophisticam
1908 1299 2083 1395 oportuit.
2148 1296 2233 1373 Sim·

1253 1408 1350 1501 plex‚
1375 1404 1578 1497 perspicua,
1606 1417 1641 1476 et
1653 1405 1799 1478 immota
1812 1404 1941 1477 veritas
1953 1419 2023 1478 est:
2049 1396 2234 1497 11111111,ΙΙ

213 1526 455 1609 Iustissimum
470 1535 538 1607 est,
563 1542 649 1604 nos,
672 1540 753 1588 cnm
768 1512 937 1586 omnibus
951 1510 1031 1581 aliis
1045 1504 1204 1579 honestis
1253 1510 1377 1579 volens
1399 1509 1615 1600 impietatem
1638 1520 1678 1578 tn
1695 1531 1742 1578 es.
1792 1502 1966 1602 Adeoque
1980 1503 2235 1579 necessariau

216 1633 434 1711 actionibus,
460 1639 535 1697 tum
558 1646 642 1692 vero
667 1620 706 1689 iu
726 1613 783 1687 his
799 1615 1042 1705 congressibus
1057 1610 1121 1704 qui
1138 1611 1204 1678 do·
1254 1611 1457 1683 obedientia
1471 1606 1548 1681 Deo
1572 1610 1692 1681 debita
1715 1609 1812 1681 iuxta
1832 1609 1944 1702 ipsius
1966 1605 2235 1682 voluntatenia

215 1738 412 1810 ctrinarnm
432 1750 534 1800 causa
555 1725 664 1806 fiunt,
690 1719 804 1791 ordiri
827 1717 1022 1788 orationem
1037 1715 1083 1783 ab
1099 1712 1203 1780 invo-
1254 1714 1330 1804 lege
1354 1736 1570 1804 expressam,
1595 1726 1637 1784 ut
1659 1713 1812 1784 donatur
1832 1712 1879 1784 sit
1901 1706 2118 1782 hominibus
2139 1708 2235 1787 lilius

218 1839 356 1911 catione
379 1831 468 1917 Dei,
500 1827 562 1923 qni
586 1827 666 1895 lons
689 1834 741 1892 est
763 1819 954 1910 sapientiae
975 1829 1009 1886 et
1033 1814 1204 1898 iustitiae,
1255 1817 1317 1911 qui
1332 1815 1430 1887 fieret
1445 1814 1599 1905 victima,
1626 1814 1710 1908 quia
1723 1827 1845 1886 nostra
1859 1828 1985 1887 natura
2002 1811 2237 1884 obedientiam

218 1956 253 2014 et
273 1955 314 2011 ut
338 1933 425 2007 haec
443 1955 506 2004 sua
530 1949 666 1999 summa
690 1927 783 1995 bona
804 1923 843 1990 in
864 1929 1102 2010 nosspargat,
1126 1916 1205 1986 vult
1255 1917 1382 1990 amisit.
1431 1913 1507 1987 Cur
1528 1918 1624 1988 filius
1644 1916 1684 1988 fit
1704 1916 1866 2002 victima,
1890 1915 1921 1987 ai
1941 1913 2155 1989 obedientia
2171 1934 2237 1985 uua

218 2046 294 2133 ipse
315 2041 353 2110 in
375 2047 448 2108 tota
469 2030 674 2104 aeternitate
696 2027 735 2095 in
757 2023 861 2094 nobis
882 2023 1011 2092 lucere.
1060 2016 1204 2089 Mecum
1256 2019 1541 2091 estnecessaria?
1592 2017 1635 2088 11
1654 2013 1721 2091 hac
1734 2017 1940 2114 quaestione
1956 2041 2041 2089 curn
2057 2013 2271 2089 veritusit·

218 2143 328 2234 igitur
350 2137 453 2211 initio
474 2144 675 2204 reverenter
695 2142 730 2199 et
753 2124 856 2196 castis
880 2122 1058 2193 mentibus
1079 2133 1115 2191 et
1135 2118 1204 2213 piis
1255 2122 1451 2216 perspicua,
1476 2134 1595 2193 tomen
1610 2122 1835 2215 impudenter
1851 2144 1928 2191 eam
1944 2117 2237 2213 oppugnantqui·

218 2243 349 2336 linguis
366 2235 460 2309 hanc
477 2235 674 2307 orationem
692 2229 845 2302 recitate.
1256 2228 1339 2297 dam
1361 2225 1456 2296 ludis
1472 2218 1693 2317 sophisticis,
1719 2236 1760 2294 ut
1781 2224 1844 2318 qui
1862 2237 1954 2294 stare
1969 2223 2106 2309 solem,
2127 2232 2163 2295 11
2176 2233 2237 2295 ter·

320 2342 408 2413 Tibi
437 2338 662 2426 omnipotens
688 2330 802 2417 Deus,
842 2341 983 2399 aeterne
1005 2321 1110 2395 Pater
1130 2321 1206 2394 Do·
1256 2352 1332 2401 ram
1369 2325 1508 2397 moveri
1538 2327 1777 2419 disputarunt.
1844 2320 1894 2396 Et
1923 2348 2065 2417 possem
2091 2320 2237 2415 meropis

268 2446 361 2518 mini
389 2441 505 2513 nostri
530 2437 609 2507 lesu
630 2429 784 2518 Christi,
817 2442 954 2500 creator
972 2427 1111 2516 generis
1135 2420 1206 2494 hn—
1257 2430 1362 2523 plura
1380 2452 1666 2500 commemorare.
1716 2425 1793 2500 Alii
1813 2450 1899 2497 vem
1919 2426 1958 2496 in
1972 2424 2238 2498 mmmmm

270 2546 387 2631 mani,
417 2566 488 2614 una
513 2563 594 2610 cum
615 2536 690 2605 tilio
713 2549 775 2604 tuo
799 2529 956 2602 Domino
981 2541 1103 2597 nostro
1126 2524 1208 2597 Iesu
1259 2535 1326 2604 bus
1340 2532 1425 2602 odio
1442 2530 1622 2617 serviunt,
1646 2554 1726 2600 cum
1741 2528 2049 2622 parcereinfimi,
2063 2526 2238 2599 deberent

271 2646 415 2723 Christo
432 2657 466 2715 et
481 2640 619 2734 Spiritu
634 2653 695 2709 tuo
712 2649 833 2705 sancto
848 2631 977 2723 gratias
990 2629 1126 2719 agimus
1140 2653 1207 2722 pro
1258 2634 1352 2707 Sunt
1374 2634 1470 2705 enim
1493 2647 1528 2704 et
1549 2634 1588 2703 in
1611 2657 1693 2703 vera
1710 2628 1868 2703 Ecclesia
1889 2632 2021 2703 tenella
2034 2628 2194 2701 membra
2209 2640 2240 2697 et

273 2750 441 2824 omnibus
462 2740 639 2815 beneficiis
656 2739 745 2824 tuis,
769 2736 806 2805 in
822 2735 951 2828 quibus
965 2746 999 2804 et
1014 2728 1101 2802 haee
1116 2744 1209 2816 sunt,
1259 2738 1420 2821 inlirrna,
1444 2735 1650 2826 praesertim
1673 2735 1712 2803 in
1735 2729 1801 2804 hac
1821 2732 2057 2826 opinionum,
2081 2722 2238 2805 etiuhas

271 2857 334 2926 lux
358 2865 438 2922 tuae
457 2844 659 2927 doctrinae,
685 2854 719 2911 et
740 2862 808 2909 vor
823 2834 1053 2907 honestarum
1067 2835 1209 2919 artium,
1260 2838 1468 2931 disciplinae
1501 2836 1720 2909 confusione.
1787 2833 1902 2906 Valde
1930 2835 2047 2907 mulla
2073 2830 2237 2910 accidunt,

275 2971 311 3028 et
331 2949 438 3023 huius
454 2944 664 3020 Academiae
685 2939 923 3023 conservatio,
948 2951 984 3008 et
1000 2937 1210 3007 ardentibus
1261 2964 1351 3034 quae
1372 2939 1500 3011 leniter
1521 2941 1680 3010 sananda
1703 2951 1813 3009 erant.
1864 2936 1905 3008 Si
1921 2937 2004 3032 quis
2020 2960 2100 3008 uon
2113 2954 2238 3029 pugnas

273 3055 371 3129 voris
400 3071 604 3145 precamur,
635 3058 676 3117 nt
701 3044 868 3135 deinceps
891 3063 1033 3134 qnoque
1054 3063 1120 3109 nos
1143 3041 1210 3109 do-
1262 3043 1381 3114 induit
1400 3055 1531 3112 restem
1554 3041 1710 3127 lineam,
1735 3063 1799 3111 cur
1823 3051 1995 3133 tanquam
2018 3035 2236 3132 parricidi!
2270 3022 2272 3029 ⁵

275 3179 371 3242 ceas,
403 3154 576 3246 gubernes
602 3160 638 3219 et
662 3160 842 3238 protegas,
873 3154 907 3212 et
929 3142 1210 3234 omnitempore
1262 3159 1296 3217 et
1312 3144 1470 3216 veritatis
1484 3144 1725 3235 proditionem
1742 3141 1918 3232 exagitas?
2169 3144 2176 3161 '

273 3264 367 3332 inter
407 3276 473 3327 nos
506 3251 573 3324 tibi
604 3262 783 3321 aeternam
822 3240 1017 3315 Ecclesiam
1054 3244 1210 3334 colligas,
1364 3244 1468 3315 Talia
1480 3245 1592 3315 multa
1606 3269 1687 3315 cnm
1700 3239 1769 3314 hoc
1782 3257 1941 3336 tempore
1953 3242 2168 3333 cogitatur,
2189 3262 2236 3309 re·

274 3362 404 3433 Amen,
1263 3360 1395 3418 nerunt
1418 3343 1509 3417 mihi
1533 3347 1572 3416 in
1587 3359 1739 3416 mentem
1757 3344 1985 3417 veteradicta
2001 3340 2236 3417 etlactarnd-

1264 3465 1318 3535 ta,
1343 3472 1433 3544 quae
1454 3461 1539 3520 sunt
1556 3447 1914 3520 commonefactiones
1929 3449 1974 3517 de
1988 3444 2235 3527 concordia,st

324 3563 429 3634 Nunc
451 3581 521 3652 qna
537 3556 581 3626 de
597 3576 637 3623 re
651 3552 812 3621 dicturus
826 3552 914 3635 sim,
939 3549 1212 3622 utconsuetudo
1263 3554 1308 3622 de
1330 3551 1581 3623 coniunctione
1604 3550 1735 3622 civium
1759 3551 1902 3623 tuenda.
1955 3547 2097 3623 Scribit
2115 3546 2237 3622 Arislr-

225 3666 398 3766 postulat,
423 3680 609 3752 exponam.
660 3648 826 3722 Difficilis
841 3648 930 3722 mihi
945 3654 990 3722 de
1004 3664 1213 3740 argumento
1264 3655 1367 3738 teles,
1397 3653 1437 3722 in
1454 3654 1581 3724 mediis
1595 3653 1746 3724 urbibus
1761 3651 1870 3723 luisse
1887 3647 2102 3723 Gratiarum
2115 3648 2239 3741 turpis,

226 3765 435 3844 deliberatio
465 3760 545 3833 fuit.
596 3754 689 3826 Nam
716 3754 755 3821 in
781 3749 848 3825 hos
870 3774 1078 3844 congressus
1098 3752 1212 3823 oratio
1264 3770 1305 3828 ut
1333 3757 1426 3826 cives
1448 3755 1760 3826 commonefierent
1783 3755 1828 3825 de
1846 3768 1970 3825 mutua
1992 3750 2239 3831 benevolntis.

226 3870 418 3946 adferenda
441 3876 579 3933 estnec
602 3856 720 3927 inanis
739 3879 805 3925 nec
827 3857 988 3929 molesta.
1037 3850 1114 3943 Ego
1128 3877 1212 3925 vero
1265 3859 1309 3928 de
1331 3858 1581 3939 beneficentia,
1606 3859 1650 3927 de
1673 3855 1908 3947 gratitudine,
1930 3856 1977 3926 de
1990 3852 2239 3929 condonatione

225 4000 266 4048 re
281 3976 356 4066 ipsa
367 3965 522 4059 comperi
533 3982 656 4033 verum
666 3979 738 4026 esse
749 3954 1072 4027 illudEuniannmz
1097 3951 1214 4045 Aeger
1264 3961 1516 4032 offensionum.
1567 3957 1684 4029 Pauca
1708 3957 1816 4048 igitur
1837 3959 1882 4028 de
1898 3956 2082 4031 veteribus
2100 3954 2238 4051 appella·

226 4077 368 4149 animus
390 4090 527 4159 semper
546 4074 653 4135 errat.
703 4055 796 4129 Cum
817 4054 909 4129 mihi
926 4061 970 4127 ad
989 4081 1212 4127 communem
1264 4061 1423 4133 tionibus
1440 4057 1628 4132 Charitum
1648 4060 1782 4144 dicam,
1806 4059 1891 4154 quia
1912 4054 1981 4130 hoc
2004 4069 2237 4151 argumenta

224 4173 466 4259 moesticiam,
494 4189 601 4261 quam
615 4160 760 4233 dissidia
775 4173 810 4232 et
823 4159 1039 4231 calamitates
1052 4158 1214 4251 publicae
1265 4163 1399 4254 gratius
1412 4164 1489 4234 lore
1502 4162 1663 4233 existimo
1677 4160 1831 4255 querelis
1846 4173 1880 4234 11
1896 4160 2193 4233 accusationibus.

226 4278 394 4351 omnibus
416 4267 585 4343 modestis
604 4260 814 4333 hominibus
826 4261 1010 4345 adferunt,
1033 4261 1215 4331 accesserit
1366 4261 1446 4335 Etsi
1460 4277 1577 4337 autem
1592 4261 1840 4335 commenticia
1852 4262 2002 4334 numina
2016 4256 2236 4335 Ethuicom

227 4383 354 4469 ingens
376 4373 480 4445 dolor
500 4365 731 4446 domesticus,
756 4363 883 4434 accidit
903 4356 994 4432 mihi
1009 4363 1104 4456 quod
1121 4363 1215 4432 dici·
1264 4368 1469 4438 detestanda
1492 4378 1595 4450 aunt,
1617 4388 1772 4459 quorum
1791 4364 1905 4436 molta
1920 4387 1963 4433 ex
1976 4362 2162 4455 allegoriis
2174 4372 2237 4431 nats

228 4496 305 4552 tnr:
332 4473 427 4548 ὅπου
448 4466 555 4567 ἀλγεῖ
575 4465 649 4538 ἐκεῖ
665 4465 773 4559 χεῖρα
797 4462 885 4556 ἔχει,
910 4477 952 4534 11
964 4463 1068 4533 etiam
1082 4462 1114 4532 si
1126 4477 1216 4535 11111
1265 4481 1365 4539 1111;
1392 4481 1511 4538 tamen
1525 4466 1612 4560 qnid
1626 4466 1731 4537 initio
1745 4465 1980 4554 significatum
1994 4465 2056 4556 ait,
2077 4464 2238 4537 studhstt

228 4581 348 4674 aliqua
363 4577 402 4646 in
416 4570 484 4644 hoc
498 4590 625 4661 genere
638 4567 785 4637 facultas
800 4588 890 4650 mea,
914 4579 1033 4636 tamen
1046 4560 1216 4637 hostem·
1265 4566 1496 4643 historiarum
1511 4568 1737 4639 considerare
1748 4568 1858 4638 decet.
1900 4563 2013 4657 Leges
2025 4579 2238 4639 naturaeue·

228 4706 317 4777 pore
341 4700 423 4748 meo
453 4674 498 4743 ad
528 4670 614 4740 tales
635 4667 951 4738 commentationes
967 4667 1119 4736 idoneus
1140 4691 1215 4738 esse
1266 4673 1403 4743 hiscum
1426 4682 1640 4750 nascuntur,
1668 4663 1736 4739 hae
1757 4668 1949 4739 ostendunt
1971 4661 2144 4739 homines
2164 4666 2238 4737 tue

228 4808 305 4856 non
328 4799 477 4873 possem.
543 4768 719 4843 Externos
745 4762 864 4839 hostes
882 4764 1017 4840 habent
1036 4763 1214 4840 Ecclesiae
1266 4795 1303 4844 ae
1327 4771 1511 4847 devinctos
1532 4792 1606 4840 esse
1627 4793 1748 4841 rerum
1770 4782 1807 4839 et
1826 4769 2026 4841 officiorum
2047 4786 2238 4863 compensa·

229 4898 371 4956 nostrae
385 4872 663 4953 cnrdelissimos,
689 4868 1058 4964 Tyrannos'l'urcicos
1074 4883 1109 4940 et
1118 4867 1216 4941 Pon-
1266 4875 1382 4959 tione,
1416 4887 1452 4944 et
1482 4872 1605 4943 deberi
1633 4893 1699 4963 pro
1727 4869 1907 4941 mercibus
1932 4870 2102 4963 aequalia
2129 4866 2238 4964 presb·

227 4984 365 5059 cilicias.
415 4975 483 5047 llis
496 4973 627 5045 relictis
639 4971 850 5042 dimicamus
863 4971 1052 5057 internos,
1074 4968 1216 5042 utCad-
1266 4973 1363 5046 llaec
1382 4974 1621 5066 compensatio
1642 4972 1779 5043 iusticia
1796 4970 2015 5044 nominatur.
2068 4969 2239 5062 Quaed-

228 5087 299 5157 mei
321 5085 459 5153 iratres,
508 5073 563 5145 De
582 5068 650 5144 hac
671 5071 868 5145 calamitate
892 5097 935 5144 eo
956 5096 1034 5144 non
1054 5071 1143 5144 libet
1157 5074 1216 5144 di·
1267 5100 1351 5148 vero
1365 5076 1534 5147 beneficia
1547 5088 1583 5146 et
1596 5073 1711 5143 officia
1725 5074 1835 5162 gratis
1847 5073 2145 5155 tribuendaesse,
2166 5086 2238 5167 μ

229 5210 326 5270 cere,
350 5182 435 5278 quia
456 5176 620 5246 dolorem
642 5186 797 5244 vestrum
818 5197 944 5266 augere
958 5175 1065 5261 nolo,
1086 5188 1121 5245 11
1135 5198 1216 5244 111-
1266 5178 1403 5249 etiamsi
1419 5176 1584 5270 privatim
1599 5175 1671 5246 illis
1685 5176 1815 5268 quibus
1828 5174 2053 5260 tribuuntur,
2082 5196 2160 5247 non
2172 5178 2238 5241 1111

231 5286 381 5376 gnitudo
403 5278 490 5351 mali
507 5287 649 5367 superat
663 5275 825 5346 omnium
841 5269 1030 5348 hominnm
1045 5275 1216 5369 eloquen·
1266 5280 1407 5364 debita,
1439 5292 1558 5353 tamen
1578 5278 1717 5369 generis
1737 5271 1887 5347 humani
1905 5273 2174 5349 commouet
2189 5271 2237 5343 dt·

227 5390 327 5461 tiam.
383 5382 497 5473 Saepe
520 5377 628 5469 igitur
648 5379 815 5451 mandata
836 5377 978 5464 divina,
1006 5390 1042 5451 et
1063 5378 1109 5450 de
1129 5402 1216 5450 con·
1267 5382 1409 5457 11111111.
1473 5376 1570 5451 Haec
1601 5377 1877 5451 communicatio
1901 5376 1991 5451 alias
2010 5372 2237 5451 brustemia
2271 5412 2274 5443 ÷
