4680 6038
156 191 254 266 ross
395 178 604 262 statera
629 182 708 261 aa.
731 179 848 257 unu.
875 174 1360 257 annumeremur
1386 175 1582 259 anuos.
1605 179 1925 260 senciamus
1955 140 1962 149 ’
2072 186 2164 261 nu

149 366 270 433 toelir.
321 356 375 431 Ac
389 360 582 430 multarum
597 356 630 426 ei
654 357 893 428 calamitatum
912 380 1036 427 causae
1053 358 1133 427 sue·
1184 350 1373 442 imperium
1387 376 1507 424 annos
1530 354 1640 441 duos,
1673 356 1803 441 delevit
1826 356 2000 448 imagines
2024 355 2064 424 in
2083 370 2167 427 tem·

151 482 236 537 mut
254 469 328 535 duo
345 463 420 533 rius
435 460 617 532 domestici
637 471 868 530 assentatores
885 472 920 529 et
934 454 1134 556 sycophan·
1184 453 1265 545 plis.
1316 452 1440 524 Sextae
1454 455 1592 551 Synodi
1612 459 1748 529 decreta
1770 461 2012 550 oppugnavit,
2038 473 2075 527 et
2092 459 2166 531 Mo-

152 582 210 639 tse
235 567 298 660 qui
326 565 472 634 nimiam
506 563 700 656 potentiam
723 562 792 631 sibi
818 574 1063 653 sumpserunt,
1094 571 1134 631 ut
1186 551 1382 626 notheletas
1398 579 1521 628 rursus
1534 558 1712 647 defendit,
1737 562 1797 630 sed
1814 558 1967 632 Artemii
1989 565 2166 633 secretarii

153 674 249 762 apud
258 663 503 737 Theodosium
519 665 696 734 iuniorem
704 659 909 754 Eutropius,
924 687 1029 756 quem
1038 660 1134 732 Gor·
1186 657 1346 726 consiliis
1363 659 1475 729 oculis
1491 660 1647 752 privatus
1662 663 1701 732 in
1716 685 1891 733 carcerem
1911 663 2099 735 coniectus
2115 680 2169 735 est.

156 794 284 860 gonern
314 769 622 856 cognominarunt.
673 764 812 834 Horum
836 761 1132 858 sycophantarum

155 876 246 944 alter
267 873 382 941 luerat
406 864 601 938 monachus
626 868 770 936 nomine
798 859 1051 951 Theodosius,
1077 864 1134 934 cui
1236 860 1344 931 Anno
1361 863 1486 934 mundi
1503 881 1626 958 quater
1641 866 1832 937 millesimo
1846 871 2104 941 sexcentesimo
2119 893 2170 940 se·

157 1000 237 1044 cnm
259 965 434 1042 summam
457 971 681 1041 autoritatem
703 970 893 1050 tribueret,
936 966 1143 1039 nominavit·
1395 967 1612 1057 ptuagesimo
1627 969 1789 1060 septimo.

158 1100 239 1145 enm
257 1073 489 1144 Generalem:
521 1073 609 1141 alter
625 1064 839 1166 Stephanus
855 1071 1060 1141 nominatur
1068 1068 1134 1141 Sa·
1239 1066 1346 1138 Anno
1355 1062 1492 1137 Romae
1506 1069 1692 1141 millesimo
1710 1070 2066 1165 quadringentesimo
2079 1097 2154 1142 sexa

158 1177 348 1260 cellarius,
381 1175 444 1268 qui
468 1176 555 1243 rexit
578 1174 725 1244 consilia
745 1173 788 1241 de
810 1173 998 1264 religione,
1030 1171 1134 1242 etiam
1390 1169 1522 1258 gesimo
1537 1185 1673 1248 octavo.

158 1292 306 1348 matrem
327 1264 549 1368 imperatoris
566 1279 750 1345 verberare
764 1297 869 1345 ausus
886 1287 948 1344 est.
997 1270 1047 1342 Hi
1062 1275 1134 1343 duo
1238 1271 1346 1341 Anno
1360 1265 1494 1341 Christi
1510 1275 1820 1364 septingentesimo
1835 1276 1977 1347 decimo
1995 1276 2137 1369 quinto.

158 1382 401 1449 adsentatores
430 1379 673 1448 crudelitatem
707 1379 745 1445 in
779 1379 883 1445 duces
911 1377 1135 1446 exercebant:

159 1475 358 1551 Leontium
381 1481 505 1548 ducem
530 1480 676 1549 biennio
698 1481 885 1547 incarcere
902 1478 1137 1560 retinuerunt,

159 1585 223 1678 qui
241 1606 321 1653 cum
341 1582 503 1650 evasisset
520 1606 560 1649 er
575 1605 712 1651 carcere
724 1581 913 1649 adiuvante
921 1573 1136 1659 patriarcha,
1291 1574 1488 1664 Artemius,
1506 1580 1568 1674 qui
1577 1582 1784 1654 nominatur
1796 1578 2037 1655 Anastasius
2045 1581 2169 1655 Secun-

159 1689 272 1769 lactus
295 1697 347 1754 est
371 1683 573 1773 imperator.
625 1679 1137 1772 Hiclustinianouaresprae·
1189 1682 1266 1750 dus.
1319 1679 1454 1751 'l'enuit
1485 1683 1674 1773 imperium
1704 1710 1837 1756 annum
1865 1710 2006 1767 unum,
2048 1701 2080 1756 et
2108 1701 2169 1756 tres

160 1788 264 1871 cidit,
293 1809 445 1876 eumque
469 1779 686 1852 Chersonem
710 1785 896 1871 relegavit,
921 1807 1001 1852 cum
1025 1807 1137 1853 annos
1190 1806 1344 1867 menses,
1370 1782 1426 1851 vir
1448 1784 1619 1859 eruditus.
1670 1785 1800 1858 Fuerat
1822 1787 1921 1857 enim
1947 1789 2043 1856 inter
2060 1811 2166 1857 secre-

160 1893 280 1957 decem
310 1886 499 1976 imperium
533 1886 713 1959 tenuisset.
774 1885 871 1954 Duos
903 1880 1138 1976 sycophantas
1189 1884 1530 1977 tariospraecipuus,
1558 1889 2164 1980 cumqueamansessetcuncordiae

159 1989 294 2069 aulicos
308 1983 549 2056 Theodosium
568 2000 601 2056 ct
617 1983 835 2078 Stephanum
851 1988 998 2057 funibus
1017 1989 1060 2055 ad
1078 2010 1139 2079 pe·
1190 1987 1229 2055 in
1253 1982 1428 2067 Ecclesia,
1454 1991 1618 2078 repressit
1642 2012 1720 2075 eos,
1744 1992 1807 2085 qui
1828 2005 1968 2061 sextam
1990 1989 2169 2084 Synodum

160 2094 222 2159 des
245 2089 396 2177 alligatis
415 2111 479 2179 per
500 2089 625 2156 urbem
649 2087 773 2173 traxit,
799 2102 916 2180 postea
933 2089 1139 2162 combussit.
1190 2089 1460 2180 oppugnabant,
1500 2092 1560 2157 sed
1591 2090 1628 2159 in
1661 2092 1754 2161 bello
1784 2093 1935 2163 iuloelix
1965 2093 2058 2177 fuit,
2097 2093 2170 2186 quia

159 2191 228 2262 llic
247 2192 358 2261 exitus
373 2191 570 2259 aulicorum
586 2187 883 2282 sycophantarum
896 2192 964 2259 ibit
979 2215 1051 2260 non
1068 2192 1139 2259 mi·
1191 2193 1362 2260 exercitus
1378 2191 1535 2281 corrupti
1550 2194 1784 2264 seditionibus
1799 2195 2053 2285 proximorum
2071 2195 2170 2284 impe-

159 2296 231 2362 tior
246 2316 350 2385 quam
365 2291 484 2363 Seiani
507 2294 599 2382 apud
616 2291 821 2376 Tiberium,
855 2295 948 2382 apud
967 2291 1138 2364 Severum
1193 2307 1371 2370 catorum,
1414 2298 1504 2361 cum'
1523 2292 1703 2366 licentiam
1734 2296 1867 2365 lrcnari
1899 2319 2009 2387 aegre
2037 2295 2170 2374 terrent,

160 2394 360 2478 Plautiani,
384 2396 478 2485 apud
495 2391 738 2463 Theodosium
760 2394 936 2485 iuniorem
964 2389 1140 2483 Eutropii.
1192 2386 1442 2463 Theodosium
1470 2386 1768 2466 Adramittenum
1798 2397 2059 2488 imperatorem
2090 2399 2171 2479 iecit,

159 2495 233 2566 Nec
253 2495 388 2566 diutius
411 2495 566 2564 triennio
587 2493 760 2566 Leontius
789 2496 979 2586 imperium
1011 2496 1140 2566 tenuit.
1193 2495 1255 2588 qni
1279 2495 1553 2586 pulsotlrtemio
1574 2511 1608 2568 et
1626 2499 1664 2567 in
1681 2501 1942 2570 monasterium
1967 2501 2108 2570 incluso
2128 2513 2168 2568 te·

159 2596 250 2667 Nam
265 2591 438 2666 Tiberius
454 2591 686 2690 Apsimarus‚
712 2598 772 2689 qui
789 2599 929 2666 rediens
945 2622 1024 2664 cum
1042 2620 1140 2665 exer·
1195 2598 1273 2666 nuit
1288 2596 1476 2688 imperinm
1492 2622 1566 2667 non
1581 2601 1732 2692 amplius
1746 2625 1819 2671 uno
1844 2626 1966 2689 anno,
1995 2602 2103 2696 idque
2118 2626 2169 2668 vo

159 2701 233 2769 citu
257 2724 296 2767 ex
313 2695 432 2767 Africa
451 2698 605 2789 pulsusa
621 2697 821 2781 Saracenis,
846 2712 1006 2768 metuens
1021 2698 1141 2768 Leon·
1194 2700 1270 2767 lens
1295 2698 1397 2769 cessit
1410 2691 1536 2768 Leuni
1547 2695 1705 2782 Isauro,
1731 2705 1792 2772 sed
1808 2704 2001 2775 Artemius
2025 2718 2100 2795 post
2114 2728 2169 2771 an·

160 2802 267 2884 tium,
298 2822 403 2868 asuo
428 2798 581 2868 exercitu
607 2799 722 2869 dictus
743 2815 794 2870 est
816 2797 1020 2889 Imperator.
1072 2798 1142 2869 Hic
1195 2823 1260 2869 nos
1281 2801 1416 2894 aliquot
1437 2801 1583 2872 collecto
1604 2801 1824 2895 chulgaris
1847 2808 2009 2877 exercitu
2036 2829 2166 2896 recupe-

158 2900 349 2971 Leontium
359 2900 530 2970 truncatis
545 2900 693 2970 naribus
708 2901 745 2969 in
761 2903 1012 2970 monasterium
1026 2902 1141 2971 inclu-
1192 2926 1271 2972 rare
1286 2902 1474 2993 imperium
1484 2917 1630 2975 conatus
1646 2918 1717 2992 est,
1743 2930 1865 2978 verum
1884 2912 2055 2998 proditus
2067 2906 2162 2976 Leoni

160 3005 216 3074 sit.
268 3001 400 3073 Contra
424 3002 616 3075 Saracenos
639 3003 676 3070 in
702 3001 841 3097 Syriam
869 3004 967 3074 misit
995 3004 1139 3072 fratrem
1193 3004 1395 3074 interfectus
1408 3018 1470 3080 est.

159 3103 383 3187 lleraclium,
410 3105 470 3197 qui
487 3104 743 3196 aliquantisper
763 3127 822 3174 eos
838 3105 1015 3195 repressit.
1068 3103 1140 3174 Te-

160 3208 240 3276 nuit
263 3207 450 3295 imperium
475 3229 588 3293 annos
610 3221 754 3296 septem.
804 3204 929 3277 Rediit
946 3220 1062 3276 antem
1079 3203 1139 3276 lu·
1242 3206 1349 3276 Anno
1392 3209 1518 3306 mundi
1551 3222 1676 3300 quater
1697 3211 1886 3282 millesimo
1926 3215 2166 3284 sexcentesimo

158 3309 333 3377 stiuianus
363 3310 504 3377 adiutus
535 3332 555 3378 a
586 3305 769 3397 Bulgaris‚
808 3309 870 3400 qni
892 3306 1080 3379 Leontium
1105 3321 1140 3379 et
1394 3312 1641 3400 octuagesimo.

160 3411 387 3500 Apsimarum
407 3410 605 3501 periurum
623 3412 758 3480 vinctos
774 3410 856 3478 duci
872 3410 985 3495 iussit,
1005 3426 1039 3483 et
1055 3436 1137 3503 pro-
1240 3408 1349 3480 Anno
1373 3408 1510 3483 Romae
1529 3413 1719 3485 millesimo
1747 3416 2102 3509 quadringentesimo
2123 3440 2166 3485 se·

160 3513 276 3581 stratis
292 3535 408 3579 coram
424 3513 500 3602 ipso
516 3511 604 3581 colla
622 3513 787 3594 calcavit,
814 3512 944 3582 deinde
958 3512 1008 3581 eis
1024 3513 1136 3604 capita
1389 3515 1613 3604 ptuagesimo
1629 3518 1757 3609 primo.

161 3614 352 3704 praecidit,
391 3611 565 3683 Callinico
595 3610 821 3684 Patriarchae
851 3615 973 3684 oculos
1004 3614 1138 3699 effodit,
1244 3610 1352 3685 Anno
1367 3611 1502 3687 Christi
1518 3617 1829 3709 septingentesimo
1847 3619 1993 3691 decimo
2009 3636 2134 3691 octavo.

160 3713 365 3782 Heraclium
383 3717 526 3783 tratrem
544 3714 722 3804 Apsimari
742 3739 950 3806 suspensum
974 3731 1136 3807 strangu·
1769 3795 1778 3811 ,

139 3817 258 3885 *lavit
308 3812 399 3886 Cum
421 3828 538 3885 antem
562 3819 729 3886 adversus
754 3814 971 3888 Chersonem
994 3819 1138 3888 classem
1523 3789 1614 3861 ΜΟ
1641 3781 1850 3864 Telum·

159 3918 330 4001 misisset,
353 3919 523 3989 exercitus
546 3910 797 4015 Philippieum
822 3914 1040 3989 Burdonem
1069 3922 1138 3990 im·
1293 3908 1371 3985 Leo
1398 3911 1437 3986 T
1436 3917 1548 3990 ertius
1572 3915 1640 3992 hoc
1662 3925 1826 4010 nomine,
1850 3919 2023 3997 Isourus
2050 3919 2164 3998 Conon

162 4034 357 4110 [pratorem
374 4020 474 4105 lecit,
494 4021 555 4111 qui
572 4044 763 4112 properans
777 4023 821 4091 ad
839 4020 1140 4115 Constantinopo-
1192 4020 1528 4106 anteanominatus,
1553 4022 1846 4097 tamastanus.
1899 4024 2031 4100 Postea
2047 4030 2092 4098 ab
2107 4024 2164 4096 Ar·

162 4121 214 4188 liu
238 4121 470 4191 lustinianum
484 4136 516 4190 et
535 4122 647 4191 lilium
665 4122 936 4194 eiusTiberium
950 4127 1139 4195 abstractos
1192 4123 1300 4192 temio
1324 4135 1444 4191 contra
1465 4122 1658 4196 Saracenos
1680 4128 1826 4220 missus,
1864 4154 1950 4199 cum
1986 4120 2164 4200 audivisset

163 4225 208 4290 ab
225 4248 283 4291 ara
300 4223 438 4293 occidit.
482 4221 534 4293 lta
549 4236 618 4304 tres
633 4224 864 4318 imperatores
879 4227 1012 4317 exiguis
1028 4226 1138 4298 inter·
1193 4239 1313 4292 contra
1340 4223 1539 4294 Artemium
1565 4227 1697 4298 iactum
1728 4230 1982 4322 imperatorem
2009 4229 2165 4302 Theodo-

164 4324 267 4391 vallis
283 4326 387 4393 occisi
411 4338 506 4400 sunt.
1194 4325 1304 4410 sium,
1336 4325 1411 4415 ipse
1432 4340 1600 4420 tanquam
1624 4330 1834 4403 delensunrs
1856 4329 2064 4404 Artemium
2086 4332 2163 4402 redit

1196 4425 1460 4513 Nicomediam,
1486 4442 1521 4499 et
1545 4444 1647 4522 capto
1668 4433 1744 4503 lilio
1761 4431 1963 4505 Theodosii
1990 4437 2163 4528 paciscitur

216 4526 322 4595 Anno
338 4527 462 4595 mundi
480 4541 603 4619 quater
617 4528 804 4599 millesimo
821 4529 1070 4599 sexcentesimo
1086 4555 1142 4602 se·
1195 4533 1274 4597 cum
1301 4542 1415 4618 patre,
1454 4543 1493 4600 ut
1515 4531 1663 4621 imperio
1695 4537 1805 4608 cedat.
1856 4539 1909 4608 lta
1934 4536 2014 4607 Leo
2036 4535 2163 4607 isauros

371 4629 587 4718 ptuagesimo
603 4631 739 4722 quinto.
1195 4631 1261 4699 sibi
1287 4633 1393 4701 duces
1414 4645 1448 4702 et
1472 4635 1643 4705 exercitus
1667 4660 1790 4707 omnes
1806 4638 1924 4708 iurare
1942 4640 2056 4713 iubet.
2104 4636 2162 4706 'se-

213 4727 465 4801 AnuoRomae
478 4731 666 4801 millesimo
684 4733 1029 4826 quadringentesimo
1044 4759 1143 4805 sexa·
1195 4734 1274 4802 nuit
1291 4733 1477 4823 imperinm
1493 4758 1607 4805 annos
1623 4737 1748 4826 viginti
1768 4740 1940 4833 quinque.

372 4834 503 4918 gesimo
520 4847 628 4903 sexto.
1296 4831 1510 4920 Dignissima
1535 4862 1618 4908 vero
1642 4841 1928 4912 consideratione
1959 4855 2045 4912 sunt
2072 4837 2161 4909 huius

1551 1444 1805 1521 Artemius.

215 4926 323 4998 Anno
340 4928 473 5003 Christi
489 4934 801 5026 septingentesimo
816 4936 952 5005 decimo
976 4936 1092 5007 tertio.
1194 4935 1325 5005 Leonis
1343 4933 1453 5004 lsauri
1475 4949 1633 5030 tempore
1656 4940 1746 5010 bella
1764 4942 1995 5026 Saraceniea,
2021 4968 2109 5035 quac
2122 4943 2161 5008 lc·

1195 5051 1315 5124 gentes
1331 5050 1488 5128 tempora
1505 5041 1727 5113 considerent
1741 5069 1847 5138 quam
1871 5046 2039 5117 celeriter
2054 5059 2162 5136 poten·

1195 5139 1242 5209 tia
1260 5136 1464 5210 Saracenica
1487 5144 1654 5230 creverit,
1679 5158 1713 5215 et
1737 5170 1842 5236 qnam
1859 5147 1962 5221 triste
1977 5149 2162 5238 exemplum

265 5226 498 5329 Philippicas
521 5232 721 5306 Bardnnes
744 5242 854 5308 lactus
886 5241 1077 5331 imperator
1097 5241 1142 5308 ab
1195 5240 1257 5322 sit,
1283 5252 1334 5309 tot
1359 5254 1477 5330 gentes
1498 5243 1683 5316 lascinatas
1703 5244 1900 5321 aDiabolis
1921 5251 2039 5323 subita
2054 5271 2163 5318 omen·

166 5336 335 5421 orendo,
381 5341 442 5431 qui
474 5363 494 5408 a
525 5337 722 5410 lustiniauo
752 5343 937 5413 deiecerat.
1003 5340 1141 5411 Tenuit
1195 5343 1241 5411 tia
1261 5342 1533 5415 delicereafilio
1548 5345 1628 5423 Dei.
1676 5336 1890 5421 Clareenim
1910 5352 1952 5423 in
1980 5349 2047 5423 hac
2065 5346 2161 5421 histo

350 5099 651 5192 Philippicas
690 5101 953 5174 Bardones.
