4680 6038
148 218 222 305 ,aa
683 201 841 291 unca.
884 199 958 276 nu
992 197 1650 281 onnuoatoronrauu
2107 205 2187 287 eas

153 400 282 473 motio
300 391 349 464 de
369 389 595 485 Gregorio
617 387 850 466 Pontiano,
884 380 996 451 Doct.
1020 381 1144 464 Ιιιιίι,
1196 371 1337 471 ursaia
1365 370 1431 448 καὶ
1460 370 1629 470 δύναμιν
1657 375 1943 475 ἑρμηνευτικὴν,
1982 377 2047 449 aed
2078 378 2184 451 uiam

152 485 991 575 caneettartnDammsneomneutectorum,
1011 477 1143 553 babitu
1197 481 1272 550 veri
1295 478 1363 550 Dei
1383 481 1662 562 invocationem,
1696 482 1854 553 veritatis
1882 505 2067 567 amorem,
2100 504 2184 553 con-

151 629 176 678 o
205 607 288 676 Vito
310 592 535 670 Winsltemio
553 594 715 676 seniore,
739 591 836 657 ortis
849 584 1018 657 medicae
1034 586 1144 657 Doct.
1196 583 1363 654 stantiam
1384 583 1424 651 iu
1444 584 1538 659 veris
1560 584 1761 668 sententiis,
1786 585 1981 675 iusticiam,
2007 584 2086 657 irae
2108 608 2184 653 mo·

152 717 191 783 et
209 723 376 804 graecae
390 702 546 796 liuguae
562 687 744 786 Profe-ss,
773 711 859 760 cum
875 687 1146 760 decerneretur
1199 685 1440 770 decetionem,
1464 689 1673 771 candorem,
1695 701 1731 757 et
1746 700 1895 759 caeteras
1911 689 2075 772 virtutes,
2098 709 2185 781 quae

154 809 301 910 gradus
311 807 488 877 Doctoris
503 802 600 872 ortis
614 794 948 884 rnedicuet'aspo
960 815 1009 862 ro
1026 795 1147 862 Pett-

327 930 455 996 cero,
489 900 716 984 Budissino,
744 897 805 971 30.
824 902 982 1002 Ianuar.

156 1070 211 1156 lit
241 1075 488 1175 providentiae
521 1071 665 1142 divinae
697 1067 898 1140 testimonia
927 1063 1080 1157 plurima
1109 1061 1148 1130 in

157 1183 394 1255 medicatione
410 1177 570 1271 quotidie
596 1173 794 1256 cernimus,
821 1194 901 1239 cum
925 1169 1088 1237 ordinem
1110 1163 1149 1232 in

156 1311 276 1361 mrtem
302 1262 461 1367 naturas
474 1269 714 1372 συμπαθείας
734 1288 768 1345 et
791 1265 1038 1349 ἀντιπαθείας
1061 1292 1148 1338 con-

157 1390 393 1483 templamur,
419 1399 454 1455 et
468 1382 577 1452 simul
592 1381 773 1469 ingentem
789 1371 978 1445 hominum
996 1369 1147 1441 infirmi·

159 1507 267 1567 tatem
282 1491 321 1560 in
339 1487 475 1559 morbis
488 1509 562 1555 non
577 1485 654 1553 siue
670 1505 796 1572 magno
813 1479 936 1548 dolore
952 1475 1152 1568 aspicimus.

158 1595 262 1669 Hane
285 1590 392 1663 habet
412 1591 570 1659 medicus
592 1586 770 1656 assiduam
794 1576 951 1652 scholam
984 1576 1152 1646 monitri-

160 1722 236 1772 eem
261 1700 306 1767 de
333 1694 561 1764 invocatione
576 1689 655 1759 Dei.
709 1686 825 1775 Quod.
842 1684 951 1774 igitur
974 1704 1078 1771 saepe
1095 1679 1153 1746 in-

158 1819 261 1877 tuens
281 1813 441 1889 aegrotos
457 1795 551 1864 veris
565 1790 755 1883 gemitibus
773 1801 871 1881 peto,
897 1799 936 1854 ut
952 1785 1051 1853 Deus
1068 1806 1154 1852 con-

160 1907 258 1978 ditor
286 1900 425 1992 generis
456 1894 606 1968 humani
637 1894 742 1962 nohis
773 1915 877 1982 opem
899 1889 1007 1970 ferat,
1044 1886 1155 1954 leniat

160 2029 369 2087 aerumnas,
395 2015 429 2072 et
445 2014 560 2071 servet
575 1997 714 2089 aliquos
730 1990 897 2063 honestos
919 2002 953 2059 et
981 1990 1057 2079 pios
1073 2011 1154 2059 eoe-

160 2126 237 2194 tus,
263 2110 358 2176 idem
384 2129 481 2174 nunc
503 2123 646 2194 quoque
672 2123 815 2191 precor,
839 2111 880 2166 ut
904 2090 996 2162 hauc
1015 2091 1155 2161 Acade-

160 2213 287 2295 miam,
315 2231 405 2302 quae
429 2232 447 2276 a
473 2206 589 2296 palam
618 2195 750 2285 atheis,
775 2215 809 2271 et
833 2224 852 2269 a
875 2196 1038 2266 fanaticis
1059 2194 1155 2264 varie

160 2327 408 2407 oppugnatur,
441 2309 633 2377 clementer
656 2306 830 2395 gubernet
853 2315 886 2370 et
909 2312 1086 2391 protegat,
1122 2309 1157 2365 et

159 2415 236 2490 Deo
260 2414 390 2506 gratias
410 2435 495 2501 ago,
530 2409 626 2502 quod
649 2400 819 2476 hactenus
842 2426 917 2474 earn
942 2414 1066 2471 contra
1090 2394 1157 2467 ho·

160 2519 271 2592 stiram
289 2515 422 2587 rabiem
439 2512 612 2582 defendit.

264 2634 356 2708 Cum
391 2647 507 2704 autem
542 2631 702 2701 dicturus
727 2627 766 2696 in
788 2621 956 2697 hocloco
987 2625 1031 2693 de
1052 2645 1157 2713 argu-

163 2755 285 2813 mento
304 2737 561 2818 deliberarem,
586 2745 622 2804 et
636 2727 705 2801 hoc
724 2730 801 2822 ipso
820 2746 978 2821 tempore
995 2751 1097 2817 saepe
1113 2728 1157 2794 ad

163 2844 421 2915 adolescentem
449 2837 562 2906 filium
589 2837 658 2904 viri
673 2834 859 2903 clarissimi
879 2830 1044 2921 Gregorii
1061 2827 1159 2897 Pon-

166 2947 242 3019 tani
261 2940 510 3013 medicationis
526 2962 629 3009 causa
645 2940 857 3020 accederem,
885 2935 966 3028 quia
987 2933 1099 3002 multa
1115 2932 1159 2999 de

165 3047 276 3143 patris
296 3046 427 3116 virtute
443 3056 479 3113 et
495 3042 631 3111 meritis
647 3038 864 3127 cogitabam,
891 3062 964 3107 non
982 3036 1080 3105 aliud
1096 3057 1158 3103 ar-

164 3164 372 3244 gumentum
389 3146 502 3239 ipsius
519 3140 687 3214 historiae
702 3143 969 3212 anteferendum
988 3163 1061 3208 esse
1076 3160 1160 3205 cen-

162 3254 230 3325 sui.
285 3248 437 3321 Prodest
451 3248 547 3317 enim
562 3246 718 3338 publice,
742 3246 832 3315 tanti
847 3244 928 3327 viri,
953 3242 1054 3312 cuius
1072 3264 1158 3308 con-

164 3357 248 3426 silio
268 3377 322 3423 res
339 3352 532 3429 maximae,
557 3348 702 3443 quaein
726 3361 883 3416 nostram
903 3358 1050 3415 aetatem
1067 3341 1160 3410 ioci-

161 3461 313 3538 derunt,
341 3455 557 3542 gubernatae
573 3464 677 3532 ιιιιιι,
705 3450 862 3540 exempla
879 3462 962 3517 bota
979 3468 1065 3518 esse.
1111 3439 1160 3512 Et

166 3583 247 3629 cum
271 3580 345 3624 non
372 3557 487 3625 solnm
510 3547 617 3621 huius
641 3552 785 3641 oppidi,
810 3551 1022 3619 Academiae
1039 3559 1072 3615 et
1088 3541 1159 3615 Ec-

163 3659 290 3732 clesiae
310 3657 397 3727 civis
411 3656 540 3738 fuerit,
562 3656 622 3723 sed
642 3654 748 3722 etiam
765 3652 874 3721 multa
892 3648 1061 3720 beneficia
1076 3642 1161 3716 huic

162 3763 318 3853 oppido,
345 3753 557 3827 Academiae
575 3769 609 3825 et
623 3752 801 3824 Ecclesiae
816 3754 1000 3836 tribuerit,
1027 3752 1159 3821 iustum

163 3878 233 3948 est,
261 3875 397 3953 gratam
413 3862 458 3928 tle
479 3858 556 3949 ipso
575 3856 946 3928 commemorationem
968 3854 1110 3946 publice
1126 3868 1161 3924 et

163 3966 332 4060 privatim
354 3965 479 4032 facere.
531 3958 694 4054 Cumque
721 3960 894 4047 singulari
916 3956 1160 4027 benevolentia

162 4071 298 4139 multos
314 4091 354 4135 ex
372 4065 478 4134 nobis
493 4064 659 4155 privatim
674 4061 877 4152 complexus
896 4062 961 4145 sit,
986 4055 1054 4128 hoc
1067 4084 1160 4153 quo·

161 4194 231 4264 que
258 4174 373 4252 decet,
396 4169 650 4256 gratitudinem
669 4189 735 4235 suo
748 4165 827 4233 loco
846 4165 1045 4234 ostendere.

268 4284 344 4374 Ego
360 4310 459 4356 nunc
474 4282 659 4356 historiam
677 4285 753 4354 eius
777 4283 952 4368 recitabo,
978 4306 1083 4376 quam
1101 4306 1161 4351 ex-

1198 804 1281 860 sunt
1300 789 1502 860 testimonia
1517 790 1733 881 praesentiae
1750 789 1839 874 Dei,
1859 805 1894 862 et
1914 791 2049 885 quibua
2061 813 2185 861 tecua·

1199 896 1264 963 dos
1278 905 1425 963 eventus
1439 894 1566 962 tribuit
1576 891 1684 964 Deus.
1738 892 1898 963 Primum
1913 906 2035 964 autem
2051 894 2100 965 de
2114 905 2183 965 tta·

1200 998 1269 1065 diis
1283 1010 1318 1066 et
1334 996 1508 1088 tyrocinio
1527 996 1602 1065 eius
1618 995 1751 1081 dicam,
1778 998 1861 1089 quia
1883 1020 2026 1067 neccsse
2046 1007 2103 1067 est
2125 995 2184 1067 do·

1200 1098 1313 1170 ctrina
1332 1098 1487 1168 excultos
1504 1122 1577 1168 esse
1591 1122 1670 1183 eos,
1693 1101 1757 1192 qui
1774 1100 1922 1170 consilia
1944 1101 1986 1169 in
2002 1100 2087 1169 foro
2102 1099 2184 1169 etia

1201 1202 1298 1272 curia
1320 1202 1531 1290 gubernant.

1302 1302 1413 1373 Natus
1442 1317 1493 1373 est
1518 1302 1715 1394 Gregorius
1746 1303 1929 1375 Pantanus
1959 1328 2003 1373 ex
2031 1297 2184 1377 honestis

1203 1406 1408 1499 parentibus
1431 1407 1469 1474 in
1501 1409 1634 1500 oppido
1659 1407 1779 1477 vicino
1802 1405 2061 1496 Witebergae‚
2095 1406 2186 1477 cuia

1203 1510 1316 1580 Ponte
1341 1533 1471 1578 nomen
1499 1525 1568 1594 est,
1591 1511 1655 1581 ubi
1682 1525 1717 1581 et
1739 1524 1837 1601 pater
1867 1511 1930 1580 din
1960 1510 2188 1601 praecipue·

1205 1612 1446 1701 stragistratum
1470 1615 1591 1702 gessit,
1626 1615 1687 1706 qui
1710 1627 1829 1705 postea
1856 1627 1976 1685 tamen
1999 1634 2114 1682 senex
2139 1606 2189 1685 his

1204 1711 1365 1785 habitare
1381 1716 1518 1798 maluit,
1542 1731 1580 1787 ut
1597 1731 1687 1786 esset
1703 1716 1864 1785 assiduus
1877 1717 2023 1785 auditor
2032 1708 2190 1795 Lntheri,

1205 1831 1240 1887 et
1264 1819 1475 1907 cogitatione
1498 1820 1723 1888 dulcissimae
1748 1819 1930 1888 doctrinae
1959 1821 2007 1887 ‹le
2028 1817 2110 1887 filio
2129 1814 2189 1891 Dei

1206 1943 1279 1990 sese
1303 1921 1563 2006 consolaretur,
1589 1935 1623 1992 et
1650 1924 1694 1991 ad
1723 1945 1841 1991 veram
1871 1919 2141 1991 invocationem
2158 1934 2189 1992 et

1206 2024 1479 2093 celebrationem
1495 2025 1561 2095 Dei
1577 2025 1793 2094 accenderet.
1846 2020 2070 2117 Quanquam
2093 2022 2188 2112 igitur

1205 2143 1239 2198 et
1262 2139 1400 2195 senecta
1427 2139 1461 2196 et
1484 2128 1619 2197 morbis
1644 2127 1923 2218 impediebatur,
1949 2140 2075 2197 tamen
2098 2149 2190 2219 saepe

1208 2225 1275 2298 hoc
1309 2230 1455 2319 longum
1478 2230 1588 2300 itera
1615 2231 1688 2299 suis
1719 2231 1868 2299 aedibus
1898 2231 1944 2298 ad
1977 2229 2191 2301 auditorium

1206 2356 1319 2424 usque
1342 2331 1536 2422 cupiditate
1558 2332 1728 2403 audiendi
1753 2331 1979 2402 Psalmorurn
2000 2332 2192 2404 enarratio·

1207 2458 1288 2503 nem
1304 2434 1547 2507 emetiehatur.
1601 2434 1696 2524 Quia
1714 2459 1797 2505 vero
1813 2435 1938 2525 etipse
1964 2433 2104 2505 itrvenis
2120 2457 2192 2504 ωε·

1208 2535 1377 2606 diocriter
1391 2537 1566 2609 didicerat
1581 2538 1682 2607 initia
1702 2538 1959 2624 doctrinarum,
1976 2537 2115 2609 amabat
2126 2537 2191 2607 do-

1208 2639 1359 2722 ctrinas,
1385 2656 1420 2711 et
1444 2665 1524 2710 cum
1548 2665 1621 2709 rem
1637 2641 1851 2710 familiarem
1866 2640 2022 2730 amplam
2036 2632 2194 2721 habau,

1209 2742 1325 2811 trihus
1347 2742 1430 2811 filiis
1453 2744 1570 2814 studia
1594 2744 1794 2828 distribuit,
1820 2744 1867 2812 ita
1893 2756 1931 2812 ut
1955 2764 2072 2811 uuum
2092 2742 2193 2812 vellet

1210 2848 1400 2937 procedere
1416 2847 1454 2914 in
1468 2847 1629 2917 doctrina
1642 2842 1830 2930 Ecclesiae,
1845 2847 2045 2916 secundum
2061 2845 2101 2915 in
2111 2845 2193 2927 iure,

1209 2947 1355 3019 tertium
1378 2949 1417 3016 in
1439 2962 1515 3020 arte
1540 2950 1687 3021 medica.
1739 2946 1881 3018 llorum
1901 2947 2064 3018 filiorum
2085 2944 2193 3019 studia

1209 3050 1419 3143 aliquandiu
1449 3051 1525 3121 seni
1556 3050 1731 3143 voluptati
1762 3052 1926 3131 fuerunt,
1968 3053 2032 3121 seo
2063 3050 2191 3123 duob!

1209 3153 1390 3236 extinctis,
1415 3152 1630 3244 Gregorius,
1655 3154 1718 3248 qui
1735 3154 1790 3224 ius
1807 3154 1911 3222 civile
1933 3153 2114 3239 discebat,
2133 3175 2188 3223 au·

1209 3269 1342 3346 perstes
1366 3256 1445 3329 fuit.
1498 3256 1567 3327 Hic
1589 3258 1746 3348 primum
1766 3257 1806 3324 in
1827 3254 2024 3326 Academia
2046 3252 2191 3327 Fennos-

1210 3358 1373 3427 fordiana
1405 3360 1523 3428 virum
1559 3360 1785 3429 excellentem
1821 3358 2028 3429 eruditione
2060 3372 2097 3431 et
2126 3357 2189 3429 ete

1211 3460 1354 3552 quentia
1379 3461 1570 3532 Doctorem
1593 3460 1891 3549 Planltebergium
1924 3461 2089 3545 audivit,
2128 3482 2188 3554 quo

1212 3576 1388 3654 tempore,
1415 3589 1495 3634 cum
1518 3563 1790 3635 francofordiae
1806 3563 2000 3633 mediocria
2015 3562 2189 3635 studites·

1210 3680 1291 3736 sent
1307 3666 1448 3754 linguae
1461 3666 1626 3751 Latinae,
1661 3667 1737 3758 ipse
1758 3690 1898 3760 qnoque
1920 3669 1964 3736 ad
1991 3665 2085 3738 iuria
2103 3665 2188 3737 initia

1211 3768 1372 3838 adiunxit
1387 3770 1549 3839 exercitia
1565 3771 1659 3863 styli,
1681 3768 1823 3859 scripsit
1839 3792 1984 3838 carmen
1999 3784 2036 3841 et
2050 3768 2188 3840 soten-

1211 3871 1430 3956 orationem‚
1456 3874 1538 3965 quia
1563 3886 1690 3943 natura
1710 3874 1755 3941 ad
1774 3871 2019 3963 eloquentiam
2034 3886 2071 3943 et
2084 3870 2189 3964 splen·

1211 3975 1333 4042 dorem
1357 3974 1568 4045 indicendo
1593 3976 1755 4059 incitata,
1783 3974 1935 4043 lectione
1954 3986 1992 4044 et
2007 3972 2189 4045 imitatione

1212 4077 1397 4145 Ciceronis
1422 4090 1457 4149 et
1478 4077 1621 4167 Virgilii
1643 4077 1894 4149 delectabatur.
1955 4075 2079 4148 Senex
2100 4074 2188 4147 etia·

1212 4180 1369 4263 dicebat,
1408 4204 1444 4248 se
1476 4182 1657 4250 interdum
1683 4178 1825 4269 Virgilii
1854 4202 2001 4249 carmen
2031 4180 2188 4270 legentem

1211 4307 1286 4351 nnn
1302 4283 1379 4351 sine
1398 4284 1580 4374 voluptate
1595 4283 1766 4371 imagines
1782 4280 1995 4373 Principum
2016 4295 2054 4353 et
2077 4277 2189 4353 veteris

169 4402 242 4459 tare
261 4391 305 4456 ad
323 4411 465 4457 omnem
484 4389 723 4479 posteritatem
739 4387 827 4456 utile
852 4399 923 4468 est,
950 4409 1031 4468 nec,
1057 4399 1096 4455 ut
1122 4385 1161 4456 fit
1212 4386 1353 4476 imperii
1376 4387 1527 4455 formam
1553 4387 1591 4456 in
1616 4410 1656 4455 eo
1683 4384 1927 4474 contemplari.
1987 4380 2189 4457 Essiam·

169 4491 206 4560 in
224 4488 462 4581 Panegyricis‚
479 4489 638 4559 attollam
656 4511 709 4558 res
727 4512 853 4579 parvas
868 4489 907 4556 in
924 4487 1047 4570 maius,
1064 4490 1160 4579 quod
1213 4488 1509 4577 Plankebergium
1524 4503 1668 4580 propter
1681 4487 1919 4580 eloquentiam
1936 4487 2128 4578 diligebat:
2147 4498 2189 4555 ta-

167 4605 313 4685 propter
336 4589 472 4679 ingenii
494 4590 770 4659 imbecillitatem
803 4615 876 4667 non
907 4612 1066 4680 possum,
1099 4593 1157 4659 secl
1212 4617 1293 4659 men
1311 4617 1390 4661 cum
1407 4588 1476 4662 huc
1500 4617 1539 4660 ex
1556 4588 1723 4660 Erfordia
1749 4590 1932 4677 migrasset
1948 4586 2188 4661 Doctorllfl·

167 4718 223 4764 res
241 4696 353 4787 ipsas,
379 4716 528 4785 quarum
556 4693 755 4781 amplitudo
772 4706 805 4762 et
827 4693 997 4783 splendor
1019 4708 1161 4781 superat
1213 4695 1360 4783 ningus,
1386 4695 1480 4764 fama
1497 4693 1758 4775 iurisconsulti,
1783 4695 1826 4761 ad
1844 4717 1948 4784 quem
1967 4686 2188 4765 emnerii}

168 4797 274 4867 ctiam
298 4795 542 4889 eloquentium
565 4794 786 4872 facultatem,
821 4795 934 4862 nudas
958 4807 992 4864 et
1006 4795 1160 4865 breviter
1211 4797 1369 4866 cillimae
1390 4821 1517 4866 causae
1538 4799 1612 4866 fere
1636 4797 1744 4867 totius
1762 4792 1978 4865 Germaniae
1996 4795 2189 4867 defereb*

168 4923 353 4990 exponam.
403 4894 495 4965 Nam
520 4910 553 4965 et
578 4891 664 4965 haec
700 4895 956 4987 qualiscunque
988 4897 1159 4988 expositio
1212 4912 1287 4982 tur,
1320 4913 1438 4968 motus
1459 4894 1734 4969 Pontanushuc
1760 4898 1880 4977 venit,
1920 4921 1998 4967 nort
2021 4899 2189 4969 solemne

167 5001 323 5069 ostendit
345 5023 426 5068 eum
448 5001 554 5067 fnisse
579 5001 852 5087 gubernatorem
874 4999 1062 5066 salutarem
1087 4996 1159 5068 Ec·
1211 5001 1353 5092 publice
1377 5005 1562 5071 docentem
1584 5003 1743 5084 audiret,
1779 5002 1840 5069 sed
1856 4994 2189 5092 multomag‘muti!

165 5102 289 5172 clesiae
306 5114 339 5170 et
356 5101 503 5192 patriae,
529 5103 643 5170 donec
659 5099 734 5189 ipsc
747 5098 893 5192 quidem
910 5099 1058 5170 velutin
1076 5104 1159 5171 navi
1211 5103 1286 5173 eius
1303 5104 1542 5174 familiaritate
1556 5115 1783 5194 cognosceret
1798 5101 1909 5195 ipsius
1922 5102 2082 5188 indicia,
2100 5098 2189 5175 etit·

167 5203 305 5273 clavum
322 5202 448 5276 tenuit.
499 5198 555 5271 Ad
573 5196 641 5270 hoc
658 5224 748 5292 opus
764 5201 991 5291 praecipuum
1008 5202 1045 5270 in
1062 5227 1160 5272 com·
1208 5228 1291 5294 gum
1323 5206 1589 5298 applicationes.
1642 5205 1813 5277 Libenter
1845 5201 2084 5296 Henningus,
2123 5220 2187 5273 eu
2230 5208 2232 5221 '

168 5304 270 5374 muni
292 5306 459 5375 societate
483 5297 609 5373 babuit
629 5300 814 5373 Pontanus
838 5327 911 5371 non
935 5303 996 5373 illa
1019 5317 1157 5375 tantum
1214 5309 1407 5396 ingenium,
1433 5308 1638 5377 aviditatem
1654 5309 1892 5390 inducendo,
1914 5304 2190 5403 ueloque-tia·
2229 5328 2232 5385 ι

168 5401 426 5491 instrumenta,
449 5428 538 5500 quae
553 5402 709 5476 Pericles
723 5404 899 5500 requirit,
924 5398 1076 5478 σύνεσιν
1091 5433 1159 5480 πο-
1212 5409 1250 5478 in
1267 5435 1309 5483 eo
1324 5410 1591 5495 considerasset,
1605 5410 1749 5481 admisit
1763 5433 1845 5481 eum
1860 5410 1898 5479 iu
1917 5410 2190 5489 tenneritis·
2229 5432 2232 5475 t
