4680 6038
143 226 218 307 gn
730 196 1300 284 nncnnnucunusrs
1332 199 1587 278 cunrsrr.
2097 202 2175 281 sos

150 414 227 475 stro
253 412 443 489 crassoque
466 402 500 463 et
526 377 783 458 melancholico
801 378 973 471 sanguine
988 375 1139 461 refertis,
1192 373 1423 467 plectitorum
1437 389 1517 466 post
1533 375 1693 463 obitum,
1715 377 1805 450 liunt
1827 375 2035 472 apoplexiae
2056 374 2174 448 αἴτιον

151 516 212 577 sut
236 512 332 569 extra
355 515 527 565 serrarum
552 491 679 559 ductus
694 486 791 556 intra
809 505 977 553 craneum
994 491 1029 550 et
1043 501 1139 548 cere-
1193 471 1351 571 συνεχὲς.
1385 475 1549 546 Proxime
1562 479 1657 548 enim
1674 502 1764 565 eam,
1786 506 1876 575 quae
1889 479 2079 573 apoplexia
2093 501 2172 571 pro-

152 603 209 677 hri
226 600 450 671 rirernbranea
478 591 686 674 involucra,
718 607 930 682 quacunque
952 594 1049 674 patet
1070 579 1140 650 ali·

152 704 240 799 qtrid
259 715 294 772 et
310 711 429 781 vacat,
455 698 564 786 inque
587 691 671 783 ipsis
685 689 835 760 sinubus
860 684 997 756 cerebri
1024 683 1142 752 conti-

154 820 306 886 nentur,
332 795 483 870 confecti
507 808 542 865 et
564 794 734 864 continua
755 789 953 861 accessione
967 785 1143 875 aggestio·

154 928 270 1000 neque
295 900 462 972 materiae
484 920 598 966 novae
622 895 718 965 aucti
741 917 783 962 ex
805 891 849 960 iis
861 885 1053 971 halitihus,
1079 885 1142 980 qui

154 1011 200 1078 de
222 1003 436 1087 ventriculo,
470 993 614 1090 hepate,
646 996 747 1066 venis
776 995 816 1061 in
842 987 1004 1062 habitum
1032 989 1143 1059 totius

154 1106 316 1198 corporis
342 1102 503 1194 digestis,
536 1098 675 1169 assidue
699 1099 738 1167 in
762 1095 946 1165 cerebrum
969 1091 1067 1162 velut
1089 1104 1142 1161 te·

155 1225 253 1284 ctum
277 1209 435 1276 fumosae
460 1202 584 1273 domui
607 1223 713 1292 supra
745 1197 899 1291 positum
934 1194 1143 1264 efferuntur.

157 1312 217 1384 Ab
232 1306 288 1379 his
305 1303 518 1377 humoribus
535 1302 708 1393 tantisper
723 1302 837 1370 donec
853 1297 1057 1390 quiescunt,
1085 1295 1143 1362 ni-

157 1410 212 1484 hil
231 1411 424 1481 admodum
447 1405 596 1499 periculi
619 1418 681 1476 est.
738 1401 778 1474 δί
803 1424 823 1470 a
848 1422 1059 1493 quocunque
1082 1420 1143 1465 ex·

158 1529 260 1586 terno
283 1508 423 1579 incitati
445 1505 623 1599 principio
645 1505 820 1596 explicent
842 1515 877 1571 et
897 1501 1048 1570 dilatent
1071 1520 1143 1568 sese

159 1615 349 1706 subitoque
383 1623 418 1680 et
452 1609 638 1679 confertim
673 1607 852 1676 inundent
878 1604 916 1672 in
944 1601 1142 1685 cerebrum,

158 1715 358 1811 periculum
380 1712 564 1795 adferunt,
589 1734 661 1803 quo
682 1709 855 1779 liberatur
877 1728 996 1795 aeger,
1021 1703 1051 1771 si
1077 1725 1143 1770 na·

157 1834 238 1893 tura
257 1815 383 1884 victrix
398 1813 557 1904 repulsos
573 1806 639 1882 hos
655 1809 805 1882 excutiat
820 1832 884 1901 per
894 1829 1017 1891 nares,
1043 1804 1144 1897 pala·

160 1934 251 1998 tum,
269 1937 309 1984 os
323 1929 359 1986 et
371 1929 507 1985 meatus
521 1913 622 1999 alios,
635 1927 676 1984 ut
694 1914 733 1983 lit
746 1912 785 1980 in
801 1904 984 1981 catarrhis.
1010 1905 1052 1977 si
1068 1930 1141 1976 non

160 2018 330 2097 excutiat,
357 2018 415 2086 sed
439 2016 540 2085 oneri
565 2015 786 2096 succumbat,
810 2024 1143 2105 sequunturnopa-

162 2113 300 2207 λύσεις,
340 2132 402 2188 aut
421 2112 695 2214 παραπληγίαι,
735 2126 796 2185 aut
824 2111 1047 2205 apoplexiae,
1080 2121 1142 2179 aut

161 2222 252 2293 aliae
268 2215 325 2288 his
347 2234 513 2309 cognatae
532 2219 782 2308 aegritudines.
834 2217 905 2288 Sed
923 2218 967 2285 de
984 2211 1142 2304 Apople-

162 2325 219 2394 xia
235 2323 404 2394 dicemus.
455 2320 496 2392 δί
516 2343 598 2411 ergo
622 2321 684 2414 qui
708 2321 806 2390 venis
824 2319 948 2388 insunt
962 2311 1143 2398 humores,

162 2450 204 2494 ex
220 2423 453 2515 amplioribus
469 2423 576 2493 ramis
591 2423 815 2514 depellantur
834 2435 939 2513 atque
953 2416 1144 2505 adigantur

162 2528 202 2596 in
217 2525 483 2614 angustissimos
503 2524 683 2608 surculos,
709 2523 870 2615 protinus
890 2520 1053 2612 impletos
1077 2513 1141 2587 hos

163 2627 389 2710 distendunt,
414 2626 523 2719 inque
546 2638 722 2696 tumorem
753 2624 921 2695 attollunt
948 2621 1142 2704 universos,

162 2732 321 2822 adeoque
339 2728 453 2820 ipsum
470 2727 575 2797 simul
593 2727 728 2797 cerebri
747 2749 889 2819 corpus,
914 2725 953 2793 in
969 2722 1065 2817 quod
1080 2723 1142 2793 de·

161 2834 322 2922 figuntur
336 2843 370 2901 et
384 2842 587 2921 penetrant,
613 2853 764 2923 moxque
779 2830 855 2921 ipsa
872 2826 1023 2899 tumoris
1039 2823 1143 2909 mole,

163 2955 324 3029 quaeque
344 2932 415 3002 fere
441 2931 559 3004 statim
582 2928 772 3001 humorum
803 2931 991 3000 infarctum
1019 2950 1143 2996 conse·

163 3034 287 3128 quitur
301 3033 599 3120 inflammatione,
636 3034 789 3126 denique
813 3028 1030 3121 erumpentis
1048 3052 1143 3099 non·

162 3159 346 3228 nunquam
369 3136 551 3225 sanguinis
572 3135 704 3206 effluxu
726 3135 877 3204 insinus
890 3133 1060 3215 laxiores,
1086 3153 1144 3199 ce·

161 3239 267 3308 rebro
280 3238 438 3309 inferunt
453 3229 626 3309 διάθεσιν
650 3231 886 3329 phlegmonae
906 3234 1078 3315 similem,
1103 3245 1142 3301 ut

163 3354 372 3429 occupatum
402 3352 507 3432 atque
533 3340 686 3409 obsitum
718 3340 950 3432 undiquaque
981 3336 1144 3404 videatur

163 3441 514 3514 inflammationibus.
570 3438 668 3509 Haec
695 3432 864 3518 διάθεσις
893 3437 1022 3528 partim
1045 3460 1144 3505 com-

162 3542 350 3634 primendo
374 3557 479 3635 atque
504 3542 717 3611 coarctando
741 3537 877 3611 cerebri
892 3551 1049 3620 meatus,
1076 3561 1145 3604 rm·

163 3643 410 3736 pedieudoque
429 3655 566 3711 motum
590 3641 860 3712 diductioniset
882 3638 1144 3723 contractionis,

162 3743 400 3814 necessarium
418 3744 509 3812 etad
533 3742 622 3812 alios
640 3764 726 3813 usus
749 3743 849 3814 etad
872 3741 1047 3831 impulsus
1070 3764 1144 3832 spr-

162 3845 297 3917 rituum
313 3868 353 3914 ac
377 3844 540 3915 traiectus
569 3844 607 3912 in
630 3867 778 3930 nervos,
812 3843 942 3937 partim
964 3842 1143 3934 opplendo

162 3968 289 4041 poros,
321 3959 356 4016 et
385 3946 415 4016 si
437 3946 567 4016 osculis
587 3970 757 4016 venarum
779 3942 947 4016 humores
970 3946 1144 4030 excidant,

163 4051 255 4142 ipsas
277 4048 382 4119 ctiam
405 4048 570 4118 cavitates
592 4048 759 4134 laxiores,
791 4048 874 4119 facit
896 4061 936 4118 ut
957 4047 1059 4116 nulla
1080 4049 1143 4117 de·
1210 4094 1219 4113 .

161 4151 296 4239 fluente
310 4149 439 4220 virtute
453 4150 598 4219 animali
613 4151 839 4241 extinguatur
861 4172 984 4221 sensus
1005 4163 1040 4220 et
1063 4173 1143 4218 mo·

161 4269 221 4325 tus
234 4253 273 4321 in
290 4251 429 4345 reliquo
446 4275 606 4343 corpore.
656 4251 697 4324 Si
721 4253 784 4346 qni
808 4263 905 4322 extra
931 4273 1039 4320 venas
1059 4250 1143 4322 flui-

162 4366 241 4424 tant
264 4352 439 4423 validiore
458 4354 583 4424 adactu
608 4353 646 4421 in
663 4355 756 4444 ipsos
772 4354 871 4426 sinus
885 4352 1021 4423 cerebri
1036 4364 1142 4445 atque

162 4457 339 4527 anfractus
360 4454 479 4526 subito
508 4456 765 4549 confertimque
787 4455 1006 4548 impingant,
1032 4467 1143 4526 totos-

161 4581 232 4652 spre
247 4570 433 4646 occupatos
443 4556 618 4649 expleant,
634 4557 734 4650 sique
752 4558 790 4628 in
805 4580 913 4650 puros
928 4556 1030 4628 etiam
1046 4556 1142 4648 ipsos

160 4658 300 4731 cerebri
339 4680 379 4726 nc
412 4682 602 4728 nervorum
634 4659 785 4732 subeant
813 4673 919 4753 atque
945 4669 1142 4752 penetrent,

161 4761 225 4854 qui
253 4761 324 4830 fere
346 4758 476 4830 talibus
501 4761 668 4831 omnibus
689 4761 860 4852 languent
881 4774 964 4831 ante
989 4759 1139 4849 largiore

161 4859 291 4933 imbuti
307 4873 343 4931 et
357 4861 532 4932 tenaciore
547 4855 768 4938 humiditate.
818 4861 902 4933 Tali
927 4885 1010 4953 ergo
1028 4861 1143 4931 infar-

1191 580 1268 672 prie
1283 580 1424 664 dicitur,
1439 574 1613 652 διάθεσιν
1626 582 1793 668 efficiunt,
1808 581 2014 682 ocs‘yrtuurs‘
2029 580 2172 660 scilicet,

1190 704 1253 751 seu
1270 681 1540 752 coarctationem
1557 698 1735 754 meatuum
1751 687 1885 756 cerebri
1901 686 2080 756 omnium.
2104 678 2172 753 Cu·

1191 784 1248 854 ius
1263 784 1485 854 differentiae
1502 797 1584 855 sunt
1599 778 1786 868 πύκνωσις
1795 782 1862 859 καὶ
1875 785 2069 884 inoperire.
2093 777 2172 857 Πῦ·

1190 907 1331 958 κνωσιν
1348 898 1467 955 tumor
1482 899 1620 977 praeter
1644 901 1805 959 naturam
1830 885 2111 960 inflammationi
2128 887 2172 957 si·

1190 988 1306 1073 milis,
1334 1010 1375 1057 ex
1391 987 1524 1056 affluxu
1540 982 1731 1059 humorum
1755 1014 1820 1083 per
1840 1015 1963 1063 venas:
1991 987 2172 1086 ἔμφραξιν

1191 1090 1364 1159 infacetus
1378 1083 1568 1159 humorum
1583 1090 1622 1160 in
1646 1092 1764 1162 alveos
1788 1107 1822 1165 et
1843 1093 1953 1185 plicas
1976 1092 2119 1164 cerebri
2134 1116 2173 1165 ex

1191 1191 1325 1261 afflnxu
1340 1203 1436 1261 extra
1453 1215 1560 1261 venas
1577 1194 1693 1268 efficit.
1745 1191 1800 1264 Ex
1815 1189 1872 1267 his
1892 1197 2007 1291 liquet
2023 1194 2171 1267 manife-

1191 1307 1260 1363 sto:
1296 1317 1378 1362 cum
1400 1294 1605 1386 apoplexiae
1626 1310 1726 1367 onus
1745 1297 1792 1367 sit
1815 1321 1857 1366 ex
1886 1292 2088 1369 humorum
2114 1298 2172 1369 de·

1191 1395 1307 1481 fluxu,
1332 1395 1486 1464 discerni
1504 1411 1667 1487 oportere
1689 1409 1866 1490 tempora,
1893 1413 1926 1473 et
1954 1399 2172 1471 considerari

1192 1497 1294 1566 initia
1310 1496 1531 1588 incipientis,
1556 1501 1797 1581 consistentis,
1823 1515 1858 1572 et
1873 1502 2063 1573 absolutae
2075 1516 2173 1597 atquc

1191 1600 1383 1690 completae
1413 1599 1593 1672 fluxionis.
1672 1600 1848 1693 lncipiens
1886 1600 2173 1701 προφυλακὴν,

1191 1703 1385 1772 consistens
1402 1703 1529 1793 partim
1547 1700 1827 1798 προφυλακτὴν,
1841 1710 1972 1798 partim
1989 1699 2173 1803 &peiusv-

1192 1825 1267 1875 σιν;
1309 1804 1470 1874 absoluta
1501 1800 1730 1898 θεράπευσαν
1754 1809 1865 1877 solam
1898 1808 2020 1899 exigit.
2073 1806 2173 1879 Pras-

1191 1918 1284 1977 stant
1308 1905 1345 1974 id
1367 1919 1485 1976 autern
1507 1921 1589 1977 ante
1609 1931 1715 1977 usum
1735 1912 1814 1980 τῶν
1842 1914 2011 1983 τοπικῶν
2025 1923 2172 1983 tumre·

1190 2003 1320 2087 vduesc
1333 2007 1528 2099 simplices,
1553 2022 1629 2078 tum
1644 2003 1897 2096 diuturniores,
1920 2028 2000 2087 tum
2016 2036 2169 2108 παροχε-

1190 2102 1347 2194 τεύσας,
1380 2132 1448 2180 usu
1478 2111 1623 2203 quidem
1650 2106 1932 2202 phlebotomiae,
1965 2115 2175 2187 scarificatns

1192 2227 1226 2283 et
1241 2212 1432 2296 similium,
1456 2213 1486 2281 si
1502 2237 1544 2282 ex
1565 2213 1665 2282 venis
1681 2215 1728 2284 sit
1742 2215 1828 2283 mali
1843 2216 1964 2306 origo:
1990 2211 2175 2289 cothardi·

1191 2337 1313 2383 corum
1344 2338 1450 2394 vero,
1491 2327 1713 2400 enematum,
1745 2311 2175 2408 apophlegruatismurum,

1191 2411 1440 2498 errbinornm,
1474 2410 1693 2488 vehementis
1718 2417 1908 2508 ligaturae,
1947 2421 2082 2493 acrium
2110 2422 2175 2492 sn·-

1192 2518 1370 2603 ctionum,
1396 2517 1427 2585 si
1438 2530 1535 2588 extra
1552 2541 1670 2594 venas.

1291 2664 1347 2739 De
1359 2668 1543 2756 absoluta,
1569 2671 1606 2740 id
1625 2684 1676 2743 est
1691 2671 1735 2742 de
1750 2674 1840 2745 facta
1856 2672 2044 2767 apoplexia
2056 2674 2173 2771 loqui·

1193 2785 1252 2845 tur
1267 2768 1518 2863 Hippocrates,
1544 2796 1649 2866 quarn
1658 2824 1670 2860 ,
1699 2774 1729 2844 si
1745 2776 1846 2847 fortis
1859 2780 1924 2862 sit,
1945 2776 2037 2850 dicit
2053 2790 2186 2850 curatu·

1192 2895 1266 2944 esse
1287 2873 1565 2965 impossibilem,
1594 2875 1624 2943 si
1649 2875 1771 2947 mitior
1799 2892 1833 2950 et
1863 2879 2067 2967 remissior,
2103 2903 2171 2951 non

1192 2973 1341 3047 facilem.
1393 2973 1570 3046 ludicium
1586 2977 1797 3050 fortissimae
1817 2981 2029 3074 apoplexiae
2051 2993 2103 3054 est
2120 3006 2171 3053 ex·

1193 3091 1303 3149 treme
1325 3074 1490 3163 laborans
1509 3078 1712 3170 respiratio,
1743 3106 1850 3175 quam
1871 3083 2024 3156 molitur
2044 3097 2081 3156 et
2098 3078 2169 3178 per·

1196 3178 1269 3270 agit
1282 3179 1464 3248 cerebrum
1482 3179 1635 3269 impulsu
1646 3181 2069 3262 musculorumtlroracis.
2091 3182 2170 3259 Con

1192 3282 1288 3351 enim
1322 3279 1451 3374 reliqui
1480 3283 1631 3353 musculi
1663 3285 1771 3355 totius
1803 3289 1962 3380 corporis
1994 3311 2119 3359 omnes
2140 3289 2168 3358 io

1193 3381 1387 3474 apoplexiis
1421 3383 1609 3456 concidant
1645 3398 1680 3455 et
1718 3390 1986 3480 conquiescant,
2020 3392 2091 3462 soli
2119 3390 2167 3485 qui

1077 3537 1086 3553 .
1194 3478 1332 3554 thoraci
1355 3483 1533 3565 serviunt,
1570 3487 1731 3578 quamvis
1755 3490 1964 3579 difficulter,
1991 3507 2167 3564 moventur

1105 3639 1113 3654 .
1192 3599 1311 3656 tamen
1328 3585 1541 3655 adductione
1559 3602 1593 3658 et
1608 3588 1822 3663 relaxatione
1836 3594 1892 3664 sui
1914 3595 2164 3690 aliquantulum

1114 3741 1123 3757 .
1193 3686 1393 3758 attollentes
1415 3701 1451 3760 et
1474 3688 1720 3762 submittentes
1741 3717 1864 3765 rursus
1895 3710 2041 3789 pectus,
2078 3697 2165 3792 idque

1193 3791 1232 3860 fit
1249 3802 1393 3881 propter
1409 3790 1652 3881 respirationis
1666 3798 1927 3885 necessitatem,
1952 3824 2027 3894 qua
2052 3823 2165 3871 nerso-

1194 3913 1274 3961 rum
1292 3891 1403 3961 virtus
1418 3916 1622 3987 quanquam
1639 3895 1810 3990 impedita
1833 3913 1868 3970 et
1889 3900 2068 3991 languens
2092 3902 2167 3972 inci·

1192 4006 1288 4065 tatur
1297 4042 1308 4075 ,
1329 3995 1435 4063 corde
1450 3996 1751 4089 refrigerationem
1765 4000 1821 4071 sui
1836 4002 2032 4093 flagitante,
2059 4003 2167 4101 expul

1191 4118 1292 4166 srone
1317 4095 1452 4165 acrium
1475 4095 1750 4189 fuliginosorum
1772 4096 1948 4175 halituunr
1963 4119 2002 4177 et
2017 4105 2169 4199 frigidio-

1196 4197 1247 4268 ris
1270 4197 1363 4268 aie'ris
1387 4192 1529 4273 haustu.
1579 4195 1646 4272 Est
1668 4217 1701 4274 et
1720 4204 1822 4275 fortis
1843 4206 2054 4299 apoplexiae
2076 4232 2169 4301 argu·

1193 4312 1376 4384 mentum,
1408 4301 1470 4369 sed
1492 4301 1612 4372 minus
1633 4326 1755 4391 sevae,
1780 4302 1960 4380 anhelitus
1983 4300 2170 4407 inaeqmlis

1194 4416 1229 4474 et
1251 4401 1478 4472 inordinatus
1497 4415 1602 4497 atque
1629 4404 1810 4493 intensus,
1851 4424 1887 4482 et
1916 4433 1960 4480 ex
1981 4412 2169 4485 intervallis

1196 4524 1270 4573 sese
1301 4515 1378 4572 tum
1412 4503 1618 4590 intendens,
1661 4520 1737 4579 turn
1766 4510 1961 4586 remittens.
2014 4511 2171 4613 Denique

1190 4615 1324 4699 quanto
1338 4604 1477 4676 facilior
1491 4619 1560 4691 est,
1585 4610 1807 4702 aequabilior
1824 4625 1859 4685 et
1883 4614 2003 4687 lenior
2025 4616 2170 4713 respira

1191 4706 1261 4792 tio,
1284 4717 1384 4776 tanto
1400 4707 1520 4778 minus
1532 4708 1682 4800 periculi
1704 4724 1767 4785 est.

1292 4853 1353 4927 Fit
1373 4869 1490 4929 autern
1511 4860 1614 4933 fortis
1639 4864 1825 4957 apoplexia
1845 4869 1990 4960 aplena
2005 4876 2172 4966 perfecte·

162 4977 221 5036 ctu
241 4957 408 5032 humores
432 4962 555 5033 viscidi
579 4987 658 5034 cum
682 4965 825 5035 obstant
851 4977 957 5056 atque
981 4961 1143 5034 officiunt
1191 4980 1262 5054 que
1284 4959 1528 5033 obstructione
1550 4965 1596 5034 ab
1620 4960 1833 5039 humoribus
1855 4971 2030 5063 copiosis,
2055 4979 2172 5051 simul

161 5064 297 5136 cerebri
312 5063 444 5146 motui,
469 5076 545 5135 tum
562 5065 795 5156 irruptionem
814 5077 848 5134 et
864 5065 1050 5136 transitum
1068 5062 1143 5155 spi·
1192 5083 1262 5155 que
1287 5073 1349 5131 aut
1374 5062 1517 5145 crassis,
1542 5080 1605 5138 aut
1624 5091 1707 5139 cum
1730 5065 1892 5143 crassicie
1908 5073 2038 5165 lentis,
2062 5079 2171 5153 morbi

161 5168 295 5236 rituum
311 5164 519 5236 animalium
534 5166 574 5235 in
591 5188 719 5234 nervos
737 5160 911 5236 inhibent.
940 5163 1018 5236 lloc
1034 5165 1141 5234 modo
1194 5163 1443 5250 magnitudine
1480 5171 1717 5258 respondente
1760 5175 2000 5263 magnitudini
2044 5206 2173 5255 mue

160 5265 289 5355 ingesti
310 5280 415 5360 atque
437 5266 581 5362 impacti
603 5259 771 5336 humores
785 5265 841 5335 vel
857 5290 1027 5337 venarum
1043 5266 1143 5336 rivu-
1191 5261 1422 5336 Curationem
1438 5280 1555 5337 antem
1571 5294 1646 5341 non
1661 5273 1840 5359 admittit,
1863 5300 1994 5368 magua
2017 5305 2062 5352 ex
2082 5301 2172 5377 parte

162 5369 206 5440 lis
224 5369 279 5438 vel
294 5369 402 5439 alveis
417 5365 576 5463 cerebri,¹
595 5367 692 5460 qnod
709 5381 744 5439 et
759 5367 866 5439 sectio
884 5368 1040 5443 ostendit
1055 5388 1142 5460 apo·
1192 5381 1339 5460 propter
1352 5367 1595 5443 suffocationis
1617 5373 1837 5466 periculum,
1857 5383 1955 5471 quod
1976 5383 2053 5455 fere
2075 5387 2171 5459 eitius
