4680 6038
715 235 878 316 DECI.
906 235 980 315 DE
1019 233 1276 314 ERASMO
1316 234 1628 318 ROTBROD.
2113 242 2190 321 ωδ

259 418 434 492 Processit
455 418 576 511 itaque
598 413 772 486 foeliciter
796 414 835 482 in
858 413 1048 494 discendo,
1083 435 1149 481 nec
1203 411 1330 482 missus
1353 423 1423 499 est,
1456 411 1520 482 ubi
1539 410 1700 483 Medicus
1725 410 1864 507 saepius
1886 414 2045 501 audivit,
2083 438 2189 510 quam

158 520 325 598 inchoata
353 520 473 593 studia
501 542 598 591 mors
629 529 816 611 parentum
848 516 1004 610 abrupit.
1056 514 1150 587 Sunt
1203 508 1407 604 Theologos
1434 527 1496 585 aut
1528 511 1820 601 iurisconsultos,
1852 516 1916 586 etsi
1947 513 2015 590 bos
2047 541 2189 614 quoqne

158 628 256 698 enim
281 628 321 695 in
337 623 481 695 Batavis
503 636 538 693 et
561 623 599 693 in
616 619 760 711 Belgico
785 621 955 690 sodalitia
971 621 1010 687 in
1023 642 1151 688 mona·
1202 617 1381 687 audiebat.
1434 616 1581 688 Latinae
1598 618 1740 710 linguae
1754 617 1974 690 Professores
1996 644 2076 691 non
2088 622 2187 693 sudi·

160 729 294 814 steriis,
318 740 352 798 et
368 729 472 820 plura
487 738 522 796 et
539 725 649 817 magis
674 723 792 794 dedita
817 723 950 806 literis,
976 747 1083 817 quarn
1112 721 1150 788 in
1202 719 1273 805 vit,
1303 721 1400 813 quod
1431 720 1482 791 ibi
1514 733 1654 813 praeter
1674 718 1870 814 Baptistam
1892 721 1996 794 Pium
2030 723 2186 816 ineptum

150 245 228 326 tut

160 829 227 904 bac
248 845 370 902 nostra
393 827 605 910 Germania,
629 849 719 921 quae
742 819 973 899 Scholasticis
997 824 1151 895 libenter

161 936 399 1028 opitulantur.

263 1031 442 1108 Orbatum
463 1033 573 1124 igitur
594 1031 802 1125 parentibus
815 1025 1021 1114 Erasmum,
1046 1030 1152 1099 soda-

81 1218 85 1226 ,
160 1140 212 1210 les
226 1139 281 1208 illi
301 1140 339 1207 in
355 1136 570 1208 monasterio
586 1134 856 1219 Daventriensi,
881 1133 926 1202 ad
953 1156 1027 1203 sese
1050 1131 1149 1201 invi·

159 1256 256 1326 tant,
282 1255 316 1313 et
337 1235 500 1333 orphano
524 1262 622 1330 spem
647 1237 803 1322 faciunt,
829 1260 865 1306 se
887 1234 1058 1305 missuros
1075 1257 1148 1303 esse

160 1369 241 1417 eum
258 1344 459 1427 Lutetiam,
479 1342 576 1436 quod
592 1356 626 1413 et
642 1341 826 1435 aliquanto
841 1351 922 1431 post
941 1340 1072 1408 factum
1088 1349 1151 1410 est.

160 1446 204 1517 ln
220 1470 259 1516 ea
278 1445 471 1517 Academia
486 1467 561 1513 non
576 1442 693 1514 solum
709 1442 853 1521 didicit,
880 1443 938 1512 sed
965 1466 1045 1511 cum
1061 1438 1150 1509 scri'·

159 1562 221 1642 pta
242 1548 275 1617 ei
295 1549 432 1619 aditum
453 1547 496 1615 ad
516 1545 611 1616 vicos
631 1548 753 1615 doctos
770 1559 806 1615 et
825 1545 963 1613 nobiles
978 1543 1151 1635 pateface-

161 1665 261 1734 rent,
288 1665 321 1722 et
336 1671 452 1720 mores
466 1662 581 1718 essent
603 1649 775 1728 modesti,
801 1661 836 1717 et
863 1648 1009 1719 comitas
1025 1644 1146 1713 mirifi-

161 1777 212 1838 ca,
239 1752 464 1823 familiariter
479 1775 559 1822 eum
576 1751 714 1822 nobiles
731 1748 876 1845 quidam
894 1750 963 1820 sibi
977 1750 1149 1821 adiunxe-

160 1870 266 1939 runt,
292 1878 381 1951 quos
398 1854 541 1926 erudiit.

260 1973 390 2045 Narrat
410 1974 485 2066 ipse
511 1973 550 2042 iu
573 1973 726 2067 quadam
750 1958 920 2063 epistbla,
953 1971 1149 2042 adsiduita-

159 2091 229 2148 tem
252 2078 360 2147 fuisse
383 2090 518 2148 tantam
541 2075 772 2160 discentium,
803 2089 842 2146 ut
867 2075 906 2143 in
928 2075 1088 2167 prandiis
1114 2088 1149 2145 et

160 2180 280 2251 coenis
301 2181 408 2250 etiam
431 2178 528 2249 soliti
551 2179 622 2249 sint
644 2172 807 2247 adbiberi
829 2178 978 2249 lectores
1001 2177 1149 2250 Latino-

158 2306 240 2353 rum
265 2282 499 2375 scriptorum,
530 2281 570 2349 in
596 2280 830 2374 quibuscum
854 2281 953 2350 locus
976 2282 1148 2352 obscurus

159 2384 334 2466 occurrit,
360 2383 688 2476 interpretationem
706 2394 741 2452 et
756 2383 916 2475 poposcit
936 2384 982 2452 ab
999 2382 1089 2470 aliis,
1115 2395 1150 2452 et

158 2509 242 2557 cum
255 2509 346 2578 opus
359 2486 429 2556 fuit
443 2486 517 2576 ipse
531 2484 670 2555 adiecit.

261 2600 439 2676 Exercitia
461 2603 566 2675 etiarn
593 2603 677 2698 styli
701 2604 785 2674 talia
813 2604 978 2686 fuerunt,
1005 2629 1080 2675 non
1109 2618 1149 2678 ut

160 2710 267 2779 verba
283 2731 395 2800 pauca
414 2719 567 2777 mutaret
583 2706 619 2774 in
634 2705 753 2776 alieno
771 2707 924 2800 scripto,
950 2710 1009 2778 sed
1035 2723 1075 2780 ut
1091 2709 1147 2778 in-

159 2826 275 2901 tegras
291 2809 469 2880 orationes
484 2821 673 2889 retexeret,
699 2823 740 2880 ut
756 2810 930 2882 discentes
954 2825 1149 2896 cernerent,

160 2914 199 2982 in
216 2925 291 2983 toto
308 2910 468 2982 aedificio
482 2911 569 3006 quid
594 2911 772 2986 defuisset.
826 2909 879 2984 Ac
897 2914 990 2983 fama
1013 2914 1149 3004 ingenii

160 3028 195 3086 et
210 3014 398 3086 facundiae
413 3014 525 3105 ipsius
540 3013 610 3084 cito
629 3015 674 3083 ad
691 3015 808 3084 aulam
824 3012 1005 3106 Belgicam
1019 3042 1147 3108 perve-

159 3117 225 3188 nit.
276 3117 350 3191 Ubi
364 3141 443 3186 cum
461 3114 740 3187 lacobusBattus
757 3141 837 3187 eum
853 3120 1148 3207 gubernatoribus

159 3221 458 3304 commendasset,
483 3220 627 3290 adiutus
644 3231 695 3289 est
708 3221 810 3290 aulae
823 3221 1046 3298 liberalitate.

261 3339 330 3413 Sed
347 3337 458 3430 Angli
480 3363 561 3410 eum
585 3362 626 3409 ex
651 3335 772 3409 Gallia
792 3364 913 3412 secum
936 3342 975 3412 in
997 3342 1146 3434 patriam

158 3445 405 3522 adduxerunt,
433 3466 504 3535 quo
521 3456 557 3513 et
570 3457 716 3534 propter
732 3440 954 3515 Graecorum
969 3443 1146 3516 librorum

159 3545 316 3637 copiam,
350 3568 441 3638 quae
463 3544 663 3645 ibimagnp
685 3544 754 3612 iam
778 3545 864 3614 olim
888 3546 973 3616 fuit:
1007 3561 1041 3616 et
1064 3547 1147 3640 quia

159 3660 245 3718 tunc
261 3645 406 3737 plurimi
431 3658 532 3715 erant
548 3640 717 3737 Episcopi
735 3645 774 3714 in
792 3644 922 3739 Anglia
939 3650 1149 3720 excellenter

159 3749 313 3833 eruditi,
338 3748 493 3818 libenter
509 3749 686 3839 profectus
706 3761 768 3818 est.

260 3863 422 3961 Cumque
447 3881 482 3938 et
503 3867 557 3937 vis
580 3867 715 3957 ingenii
738 3890 865 3955 magna
882 3883 989 3951 esset,
1016 3885 1049 3942 et
1066 3895 1147 3940 eru-

158 3971 249 4044 ditio
263 3970 389 4040 eximia
405 3970 441 4039 in
449 3968 579 4041 Intina
596 3967 775 4040 etGraeca
787 3971 918 4060 lingua,
934 3973 1028 4043 docti
1041 3988 1077 4045 et
1091 3997 1148 4043 sa-

156 4074 294 4165 pientes
310 4069 497 4167 Episcopi,
523 4071 791 4144 Cantuariensis
805 4086 840 4142 et
854 4074 927 4158 alii,
950 4076 1068 4148 statim
1087 4100 1147 4145 or-

158 4200 243 4246 nare
266 4201 347 4246 eum
379 4176 574 4246 liberaliter
604 4189 794 4267 ceperunt,
827 4178 1034 4268 praesertim
1065 4202 1146 4249 cnm

157 4277 228 4347 iam
244 4291 338 4348 aetas
356 4279 471 4349 virilis
486 4278 624 4373 aliquid
642 4280 789 4350 adderet
805 4279 1018 4353 autoritatis.
1035 4316 1039 4328 ·

262 4392 317 4462 lbi
333 4397 421 4464 duas
436 4396 633 4487 tragoedias
649 4391 835 4489 Euripidis
852 4398 979 4482 vertit,
1006 4399 1051 4468 de
1064 4401 1147 4492 qui·

66 4483 74 4509 ⁸
158 4499 225 4568 bus
242 4497 317 4588 ipse
333 4497 417 4590 quid
435 4498 605 4582 senserit,
631 4498 715 4567 inde
730 4500 882 4588 intelligi
898 4513 1022 4591 potest,
1049 4505 1144 4595 quod

156 4625 236 4669 cum
254 4598 452 4689 Longolius
475 4623 592 4668 coram
616 4600 779 4685 dixisset,
812 4601 1010 4672 orationem
1034 4603 1145 4695 ipsius

100 4714 104 4723 ‘
156 4699 329 4772 humilem
345 4715 379 4773 et
393 4702 616 4772 summissam
633 4725 719 4788 esse,
740 4727 781 4773 ac
796 4705 915 4775 deesse
930 4706 963 4775 ei
977 4705 1147 4794 splendo-

155 4829 232 4876 rem
249 4818 281 4875 et
297 4805 662 4899 grandiloquentiam,
688 4805 792 4876 iussit
808 4830 890 4875 eum
909 4809 1074 4900 experiri,
1097 4834 1144 4880 an

153 4921 270 4997 posset
288 4908 397 4977 simili
413 4909 623 5000 splendore,
649 4907 867 4998 tragoediam
884 4905 1070 5004 Euripidis
1083 4925 1144 4983 aut

153 5005 343 5103 Sophoclis
365 5010 531 5081 Latinam
553 5012 678 5084 facere.

253 5126 367 5200 Datus
400 5142 452 5200 est
482 5130 591 5220 igitur
622 5131 656 5200 ei
687 5131 785 5200 locus
816 5130 959 5222 publice
990 5135 1143 5205 docendi

152 5227 288 5301 Graece
299 5247 332 5304 et
340 5232 466 5304 Latine
474 5231 512 5301 in
522 5229 713 5303 Academia
723 5230 1021 5325 Cantabrigiensi,
1036 5261 1141 5330 quem

1203 815 1407 907 bominem,
1432 846 1506 892 non
1529 823 1620 894 alius
1641 823 1826 895 Professor
1846 837 1932 900 erat.
1983 822 2184 899 Monstross

1202 923 1317 995 oratio
1333 924 1432 996 illius
1444 923 1729 1018 Baptistae-fuit,
1756 926 1925 999 imitatrix
1937 951 2011 998 non
2028 928 2107 1001 e‘ms
2120 952 2185 1001 ter·
2202 946 2205 955 “

1202 1026 1339 1114 monis,
1379 1029 1443 1123 qui
1465 1028 1616 1100 usitatus
1639 1029 1708 1101 fuit
1730 1027 1885 1115 Romae,
1927 1029 2013 1100 inde
2036 1055 2183 1128 unques

1203 1127 1366 1201 Terentii
1389 1143 1548 1223 tempore
1580 1133 1626 1202 ad
1650 1129 1802 1224 Augusti
1830 1144 1997 1219 aetatem,
2035 1137 2098 1206 sed
2122 1160 2183 1230 quo

1202 1245 1285 1304 ante
1300 1231 1532 1334 Decemviros
1548 1230 1759 1305 Volscorum
1778 1235 1901 1308 rustici
1917 1235 1973 1307 usi
1987 1250 2085 1312 sunt.
2122 1232 2182 1311 De·

1202 1335 1294 1407 risus
1311 1349 1363 1407 est
1378 1335 1487 1426 igitur
1498 1337 1593 1407 ludis
1610 1337 1769 1410 scenicis.

1303 1453 1412 1527 Hunc
1427 1453 1623 1549 Baptistam
1642 1482 1723 1529 cum
1739 1456 1848 1527 semel
1862 1456 2068 1544 audivisset,
2085 1457 2183 1532 inter·

1202 1572 1346 1649 rogatus
1367 1557 1538 1630 Erasmus
1562 1561 1608 1629 ab
1636 1560 1767 1645 amico,
1803 1559 1889 1654 quid
1913 1559 2108 1644 iudicaret,
2139 1587 2183 1635 rs·

1201 1662 1363 1753 spondit:
1392 1662 1498 1751 longe
1514 1661 1600 1732 vicit
1622 1662 1830 1754 opinionem
1852 1686 1978 1737 meam.
2033 1661 2183 1753 Quinam

1202 1763 1322 1859 inquit
1345 1765 1433 1834 ille?
1458 1765 1607 1836 subiecit
1622 1760 1802 1846 Erasmus,
1818 1778 1920 1836 antea
1937 1764 2103 1858 ineptum
2120 1791 2184 1840 esse

1202 1865 1378 1952 iudicavi,
1403 1891 1500 1937 nunc
1518 1891 1664 1959 prorsus
1681 1867 1842 1937 insanire
1866 1892 1947 1938 eum
1972 1871 2148 1962 comperi.

1303 1983 1395 2059 Cum
1419 1986 1527 2077 igitur
1550 1985 1735 2057 Bononiae
1757 1987 1937 2058 librorum
1966 1989 2072 2082 copia
2096 2002 2188 2079 esset,

1202 2088 1358 2161 instituit
1403 2113 1493 2182 opus
1537 2087 1815 2160 Proverbiorum
1859 2089 2052 2181 grandius,
2100 2095 2187 2188 quod

1202 2205 1324 2284 postea
1346 2190 1506 2263 Venetiis
1529 2207 1563 2264 et
1583 2207 1725 2265 auctum
1752 2205 1788 2264 et
1810 2206 1975 2264 ornatum
1998 2192 2038 2264 in
2056 2195 2189 2268 officim

1201 2291 1288 2365 Aldi
1303 2295 1427 2370 edidit.

1304 2413 1489 2486 Bononiae
1506 2415 1765 2488 consuetudine
1783 2411 1941 2486 bominis
1957 2415 2082 2489 diserti
2089 2415 2187 2492 Pauli

1200 2516 1385 2589 Bombasii
1409 2519 1602 2590 delectatus
1623 2532 1686 2589 est.
1741 2516 1899 2590 Venetiis
1929 2543 2012 2590 cum
2039 2519 2077 2590 in
2100 2517 2182 2593 Aldi

1201 2623 1310 2691 domo
1342 2621 1497 2707 viveret,
1530 2621 1699 2692 omnibus
1730 2622 1899 2705 eruditis,
1931 2635 1967 2693 et
2003 2637 2131 2711 notus,
2154 2638 2186 2697 ct

1201 2719 1329 2794 charus
1345 2724 1425 2806 fuit,
1440 2726 1500 2794 sed
1518 2724 1709 2817 praecipue
1725 2721 1849 2795 Marco
1863 2721 2020 2796 Musuro
2033 2722 2187 2799 Cretemi

1201 2826 1405 2897 doctissimo
1430 2828 1532 2913 viro,
1558 2850 1664 2920 quem
1691 2841 1812 2917 postea
1829 2825 1903 2896 Leo
1927 2825 2098 2900 Pontifex
2117 2827 2186 2905 Bo·

1202 2953 1295 2997 mam
1326 2930 1527 3016 accersivit,
1578 2931 1621 2998 ad
1656 2925 1814 2999 Graecae
1845 2929 1988 3021 linguae
2020 2955 2186 3026 propaga-

1202 3031 1348 3102 tionem.

1303 3152 1346 3222 ln
1362 3148 1554 3222 Academia
1572 3150 1723 3223 Senensi
1738 3151 1843 3221 etiam
1860 3152 1974 3223 filium
1990 3155 2086 3244 regis
2093 3154 2185 3229 Sont-

1201 3268 1319 3326 torum
1342 3252 1460 3324 lacobi
1482 3255 1727 3325 Alexandrum
1752 3254 1891 3340 docuit,
1917 3257 2019 3326 enixis
2043 3273 2184 3337 montera

1201 3359 1365 3449 deplorat
1387 3358 1425 3425 in
1451 3357 1658 3450 proverbio:
1683 3357 1846 3450 Spartam
1869 3371 1994 3430 nactus
2019 3384 2078 3447 es,
2104 3357 2185 3435 banc

1201 3483 1299 3529 orna.

1301 3574 1410 3649 Edita
1427 3577 1820 3671 opereProverbiorum
1838 3581 1875 3649 in
1887 3578 2057 3672 Angliam
2075 3585 2183 3657 rediit

1201 3677 1363 3776 Cumque
1385 3695 1532 3774 propter
1554 3705 1632 3752 eam
1660 3682 1855 3753 editionem
1882 3684 1989 3755 multi
2015 3688 2184 3779 sapientes

1200 3797 1234 3855 et
1262 3786 1358 3856 docti
1391 3784 1459 3856 viri
1495 3808 1576 3855 eum
1609 3784 1722 3873 magis
1750 3785 2032 3873 admirarentur,
2080 3790 2184 3882 magn

1200 3887 1445 3978 expetiverunt
1464 3889 1540 3957 eius
1553 3886 1829 3958 familiaritatem
1845 3886 2031 3981 Principes
2052 3905 2090 3963 et
2104 3888 2187 3987 Epi·

1200 3992 1306 4081 scopi.
1347 3990 1417 4061 Sed
1437 4013 1575 4081 semper
1589 3989 1688 4058 aulas
1703 3990 1882 4080 sapienter
1894 3991 1998 4080 fugit.
2036 3989 2087 4066 Et
2104 4020 2186 4067 cou-

1201 4086 1318 4162 tenfus
1334 4090 1506 4162 Warami
1528 4104 1564 4162 et
1579 4090 1751 4161 Montioii
1770 4093 2004 4179 liberalitate,
2036 4120 2187 4189 quorum

1199 4194 1372 4287 sapientia
1390 4208 1424 4264 et
1440 4195 1555 4267 virtus
1569 4194 1639 4265 fuit
1655 4194 1839 4279 excellens,
1859 4195 1968 4274 rediit
1982 4198 2030 4287 in,
2041 4195 2188 4287 ltaliam,

1199 4311 1239 4367 ut
1254 4294 1391 4369 Romae
1408 4299 1595 4368 doctorum
1609 4298 1866 4367 consuetudine
1876 4299 2069 4372 frueretur.
2120 4302 2188 4378 Ubi

1198 4397 1382 4470 Cardinali
1405 4396 1580 4470 Grimano
1604 4397 1740 4468 Veneto
1762 4400 1948 4470 familiaris
1971 4402 2063 4489 fuit,
2089 4408 2187 4478 cuius

1198 4503 1325 4572 domus
1342 4498 1554 4572 Academiae
1569 4501 1696 4570 similis
1713 4516 1806 4586 erat,
1831 4502 1914 4595 quia
1929 4519 1963 4576 et
1977 4505 2054 4596 ipse
2067 4510 2189 4582 erudi-

1178 4612 1181 4617 ’
1198 4605 1295 4676 tione
1319 4624 1360 4674 ac
1384 4605 1558 4675 modestia
1575 4604 1723 4674 caeteris
1735 4601 1988 4677 Cardinalibus
2002 4613 2188 4685 antecelle-

1196 4708 1267 4781 bah
1298 4803 1353 4877 Eo
1368 4821 1547 4901 tempore,
1574 4808 1657 4901 quia
1676 4807 1813 4879 viderat
1831 4809 1969 4896 ltaliae,
1997 4826 2031 4881 et
2049 4811 2188 4887 Galliae

1195 4910 1432 4997 calamitates,
1458 4925 1553 4982 ortas
1578 4910 1624 4979 ab
1650 4935 1692 4978 eo
1708 4911 1822 4996 bello,
1849 4915 1945 5006 quod
1962 4912 2188 4994 luliusPon·

1194 5014 1279 5086 tifex
1294 5014 1463 5083 adversus
1479 5012 1703 5083 Ludovicum
1721 5009 1903 5091 Gallicum
1928 5038 2048 5107 regem
2065 5042 2187 5093 acoen-

1195 5117 1315 5199 derat,
1341 5116 1482 5208 scripsit
1497 5115 1677 5208 querelam
1703 5116 1808 5206 pacis.

1295 5233 1397 5305 Hanc
1414 5259 1494 5306 cum
1511 5233 1692 5325 praecipui
1707 5234 1777 5304 viri
1803 5237 1989 5326 legissent,
2014 5241 2079 5334 qui
2097 5243 2185 5314 bella

150 5329 345 5405 ntGraecis
363 5336 466 5406 libris
481 5336 533 5405 nti
552 5350 678 5426 posset,
695 5337 866 5407 libentius
883 5339 1027 5430 accepit.
1062 5335 1143 5411 Ali·
1194 5361 1268 5408 non
1290 5336 1487 5408 necessaria
1514 5337 1650 5406 moveri
1671 5338 1862 5424 dolebant,
1889 5364 2072 5414 sermones
2096 5346 2185 5416 etde

148 5449 283 5527 quanto
313 5451 393 5529 post
421 5460 502 5510 cum
529 5434 634 5529 Regii
661 5439 791 5512 medici
815 5439 898 5511 filiis
928 5439 967 5511 in
999 5437 1142 5512 Italiam
1191 5437 1363 5533 Erasmo,
1387 5440 1482 5511 etde
1499 5434 1905 5513 homiuumiudiciisad
1921 5439 2056 5517 lulium
2070 5446 2182 5540 perfe-
