4680 6038
148 226 225 304 ⁸⁶7

150 398 305 473 wione
326 407 472 466 esterna
496 414 622 462 rocem
646 389 830 461 doctrinae
850 392 1000 460 eandem
1017 413 1149 462 sonan·

152 517 207 575 tes
229 523 313 572 ctam
328 496 472 568 sanctis.

256 599 422 693 Cumque
447 600 598 668 nomino
620 596 872 690 amplectentes
902 592 1148 687 incorruptam

152 701 345 795 Evangelii
377 700 599 783 doctrinam,
634 699 853 789 complector
882 708 918 767 et
951 696 1148 786 legitimum

152 829 262 880 mutu
277 828 403 877 eornm
419 804 555 874 rituum
580 825 671 895 quos
687 799 783 872 Deus
806 798 968 894 quolibet
992 811 1150 890 tempore

155 908 331 992 instituit,
362 919 398 975 et
420 906 569 975 excludo
593 905 689 974 idola
711 916 746 973 et
770 901 1004 995 pertinaciam
1028 904 1151 972 delen·

153 1011 268 1085 abab
283 1008 476 1080 idolorum.

241 1109 318 1183 ttae
333 1108 559 1180 cavillatione
575 1108 762 1180 turbemur
775 1107 820 1175 de
836 1107 1010 1177 vocabulo
1024 1101 1150 1176 Evan-

154 1214 257 1311 getii:
281 1209 512 1305 Cnnrplector
538 1204 607 1279 boc
629 1209 777 1278 nomine
802 1209 1002 1279 doctrinam
1023 1208 1150 1301 poeui-

156 1317 290 1391 sentim
307 1328 340 1387 et
356 1330 519 1385 aeternae
536 1310 803 1404 promissionis,
828 1312 902 1382 imo
920 1325 955 1383 et
975 1310 1088 1402 capita
1110 1311 1148 1378 in

157 1415 334 1493 smbolis
376 1415 542 1499 collecta,
583 1414 674 1485 sicut
707 1411 871 1503 Apostoli
914 1413 1150 1506 appellatione

155 1446 344 1609 Evangelii
362 1531 526 1601 utuntur,
553 1515 598 1584 de
614 1528 686 1586 tota
700 1514 888 1585 ministerii
906 1517 959 1585 sui
976 1514 1149 1586 doctrina.

157 1621 255 1716 Quia
279 1620 309 1691 si
333 1620 420 1707 legis
443 1617 719 1712 adpellationem
737 1618 926 1688 insererem
942 1617 1077 1710 prolixa
1094 1617 1149 1685 di-

157 1723 304 1799 stinctio
326 1722 481 1813 partiam
508 1719 594 1809 legis
616 1722 779 1791 addenda
803 1733 902 1791 esset.
963 1718 1151 1808 Sapienter

158 1826 287 1899 dieunt
305 1820 565 1906 iurisconsulti,
591 1821 807 1915 periculosas
825 1845 898 1891 esse
916 1820 1150 1904 definitiones,

158 1928 243 2027 φιλλ
261 1948 335 1997 uun
353 1938 404 1995 est
422 1924 618 1995 rerrteclium
644 1935 766 1994 cortlra
789 1920 1028 2018 sycophantae
1052 1947 1149 1991 rnor-

160 2052 264 2115 stttu,
295 2026 459 2099 invenire
481 2025 584 2097 lacile
607 2040 755 2118 possunt
777 2039 1016 2110 nrorratrosac,
1048 2023 1147 2093 viru·

163 2130 280 2203 lentae
304 2142 337 2197 et
362 2127 646 2199 ealttrrrniattices
669 2140 832 2213 naturae,
858 2130 953 2221 quod
970 2129 1150 2199 arrodant.

160 2229 235 2305 ttae
260 2226 415 2301 ablutis
440 2226 499 2301 illa
531 2229 825 2321 ‹lepravationum
853 2228 1019 2314 artificia,
1047 2230 1149 2298 secla

161 2327 324 2427 aptatam
341 2331 519 2401 aetianam.
571 2330 627 2400 Sit
643 2333 778 2400 caradoc
796 2331 832 2400 in
849 2330 1151 2422 interpretatione,

161 2433 226 2505 ubi
246 2454 328 2502 vere
351 2432 536 2523 explicatio
560 2431 726 2500 adiuncta
751 2445 820 2515 est,
846 2456 934 2523 quac
957 2430 1151 2499 calumnias

165 2533 351 2637 perspicue
374 2533 524 2614 relutat,
558 2543 592 2599 et
609 2531 717 2599 simus
749 2555 922 2599 memores
944 2527 1152 2599 honestissi-

28 2674 41 2704 ο
162 2652 244 2702 tuae
264 2632 362 2699 vocis
383 2626 655 2724 Thucydidem:
683 2625 865 2724 διαβολὰς
885 2625 975 2724 μὲν,
1006 2628 1049 2702 οὐ
1076 2637 1150 2702 uai-

164 2755 267 2830 φρον
289 2728 374 2802 οὔτε
395 2728 511 2827 λέγειν
535 2756 639 2811 τινας
666 2729 701 2811 ἐς
730 2727 924 2826 ἀλλήλους,
957 2730 1041 2804 oriae
1064 2729 1153 2814 τοὺς

166 2828 375 2912 ἀκούοντας
389 2827 654 2923 ἀποδέχεσθαι.
688 2832 740 2903 Ac
755 2835 859 2923 plane
875 2837 1045 2920 adlirmo,
1072 2849 1152 2906 tan-

166 2958 273 3029 quam
288 2934 640 3018 demonstrationem,
660 2960 749 3029 quae
766 2938 913 3006 iudicari
934 2938 1070 3006 ratione
1088 2962 1150 3028 po-

164 3048 247 3121 test,
264 3038 453 3106 tenendam
469 3058 540 3105 esse
556 3029 648 3104 banc
664 3040 893 3108 sententiam:
919 3037 1151 3133 Nequaquam

165 3140 241 3207 'esse
264 3133 332 3206 Dei
359 3131 552 3205 Ecclesiam
584 3161 644 3206 eos
673 3151 810 3225 coetus,
845 3141 907 3231 qui
939 3141 1151 3210 contrariam

166 3238 365 3309 doctrinam
381 3236 448 3327 legi
465 3239 591 3308 morali
609 3240 816 3312 detendunt.
857 3240 907 3313 Ut
921 3236 1068 3313 Etlrnici
1085 3244 1152 3311 fin·

166 3341 297 3430 gabant
318 3339 458 3410 turham
475 3336 649 3410 Deorum:
683 3343 787 3412 multi
813 3345 956 3413 lunatici
979 3346 1153 3435 probave-

167 3453 253 3510 runt
277 3439 470 3510 libidinum
493 3441 737 3511 confusiones:
765 3442 943 3514 Pontificii
968 3460 1000 3515 et
1018 3443 1163 3514 Maho-

168 3540 291 3610 metici
315 3540 407 3626 leges
429 3540 585 3626 coniugii
609 3543 740 3616 delent.
791 3539 1063 3635 Comprelteodo
1087 3547 1153 3636 igi·

170 3652 230 3710 tur
250 3641 289 3706 in
306 3640 514 3710 definitione
529 3637 708 3712 Ecclesiae
734 3658 769 3715 et
786 3646 896 3734 legem
911 3649 1080 3716 moralem
1096 3673 1153 3717 re-

170 3753 224 3811 cte
241 3740 466 3810 intellectam.
517 3738 595 3811 Etsi
621 3756 737 3812 autem
755 3741 912 3815 Ecclesia
939 3772 1012 3817 non
1037 3751 1152 3819 cerni·

167 3855 229 3914 tur
253 3853 294 3912 ut
315 3862 460 3930 regnum
486 3842 727 3933 pontificium,
748 3845 786 3914 iu
810 3873 881 3940 quo
902 3849 1090 3922 incurrunt
1113 3853 1151 3920 iu

729 212 892 292 DECL
924 215 1000 290 DE
1032 214 1323 295 ECCLESIA
1351 217 1609 295 ctttttstl.

1198 393 1230 462 si
1253 392 1435 464 distinctio
1457 415 1574 484 neque
1595 389 1708 460 omlis
1728 413 1844 485 neque
1857 390 2008 462 auribus
2022 389 2181 479 agnosci·

1198 496 1282 566 tur?
1312 494 1404 564 Cum
1429 506 1619 584 regnarent
1639 493 1679 561 in
1695 490 1824 562 ludaea
1844 493 2027 573 Herodes,
2054 485 2180 561 Phari·

1199 598 1271 668 saei
1294 610 1328 667 et
1346 594 1628 688 Sadducei,-qui
1653 595 1871 665 ordinariam
1887 596 2181 684 gubernationem

1200 700 1388 783 tenebant,
1421 693 1551 769 horum
1575 712 1668 766 certe
1690 697 2000 789 conspiciebantur
2018 694 2181 767 satellitis

1200 816 1233 872 et
1249 801 1369 891 gladii.
1418 798 1491 869 Nec
1507 799 1693 870 distinctio
1708 800 1807 869 nulla
1823 800 1918 872 inter
1930 792 1996 868 hos
2013 813 2051 869 et
2066 819 2181 867 veram

1197 901 1393 974 Ecclesiam
1407 903 1568 970 sensibus
1593 902 1840 991 accipiebatur.

1303 1001 1417 1075 Erant
1446 1028 1527 1073 vera
1548 1000 1615 1072 Dei
1639 999 1795 1072 Ecclesia
1814 1000 2028 1089 Zacharias,
2067 996 2182 1072 tttiza·

1200 1101 1304 1186 beth,
1337 1103 1464 1189 Anna,
1493 1099 1636 1196 loseph,
1668 1103 1803 1186 Maria,
1835 1129 1938 1178 soror
1959 1104 2123 1189 Mariae,
2149 1117 2182 1175 et

1200 1210 1261 1278 alii
1279 1208 1395 1292 multi,
1408 1207 1471 1300 qui
1486 1202 1614 1276 horum
1633 1207 1831 1277 doctrinam
1847 1208 2053 1293 audiebant,
2079 1227 2181 1298 quatu

1200 1336 1278 1382 cum
1290 1305 1470 1378 Pharisaei
1484 1323 1516 1379 et
1527 1307 1702 1379 Sadducei
1717 1310 1902 1379 dissentire
1917 1336 1936 1381 a
1952 1310 2029 1382 suis
2044 1306 2182 1401 opinio-

1201 1416 1306 1483 nibus
1321 1412 1576 1501 intelligerent,
1602 1407 1809 1505 Zachariam
1824 1412 2065 1498 interficiunt,
2090 1406 2182 1504 quod

1200 1520 1314 1585 lacere
1331 1539 1403 1582 raon
1417 1514 1629 1604 potuissent,
1655 1514 1684 1580 si
1700 1513 1882 1585 distinctio
1906 1515 2007 1586 nulla
2024 1515 2182 1584 censitor

1201 1618 1428 1708 acciperetur.
1480 1614 1561 1684 Nou
1578 1628 1723 1704 vagatur
1738 1611 1893 1687 Ecclesia
1906 1614 2181 1688 interAudaba·

1202 1721 1306 1792 tasin
1323 1719 1491 1801 tenebris,
1517 1720 1575 1785 sed
1594 1731 1641 1786 est
1661 1731 1702 1787 ut
1717 1714 1849 1786 Paulus
1863 1718 1994 1812 inquit,
2019 1714 2183 1810 θέατρον

1202 1819 1268 1892 hoc
1294 1833 1343 1889 est
1369 1819 1605 1912 spectaculum
1627 1820 1783 1905 mundo,
1815 1821 1947 1910 angelis
1968 1832 2004 1890 et
2028 1815 2182 1888 homini-

1201 1926 1286 2007 bus,
1313 1946 1374 1992 seu
1398 1937 1437 1992 ut
1457 1920 1626 1992 Salomon
1650 1920 1782 2014 inquit:
1814 1919 1919 1992 Acies
1935 1923 1982 1991 ad
2005 1921 2181 2013 praelian-

1202 2029 1287 2096 dum
1306 2024 1493 2106 instructa,
1520 2018 1652 2090 habens
1666 2046 1728 2091 sua
1752 2025 1923 2114 quaedam
1939 2024 2066 2114 signa,
2091 2044 2181 2093 arma

1201 2143 1234 2196 et
1250 2126 1404 2197 classica.
1454 2123 1684 2194 Manifestum
1702 2137 1753 2193 est
1775 2124 1845 2193 dici
1864 2125 1965 2215 signa
1980 2138 2183 2195 monstrata·

1204 2230 1251 2300 tia
1277 2224 1491 2298 Ecclesiam:
1524 2225 1655 2294 Vocem
1685 2225 1875 2296 ministerii
1905 2227 2104 2318 evangelici
2131 2226 2183 2296 in·

1202 2345 1415 2419 corruptam,
1441 2342 1474 2397 et
1493 2329 1581 2397 ritus
1598 2327 1771 2397 divinitus
1786 2329 1946 2415 traditos,
1970 2329 2088 2423 quiin
2102 2352 2183 2401 otu·

1204 2436 1256 2501 los
1282 2433 1490 2509 incurrunt,
1527 2430 1784 2498 consessionem
1819 2445 1853 2500 et
1874 2431 2136 2501 invocationem
2161 2453 2181 2498 a

1203 2532 1347 2602 caeteris
1371 2532 1534 2617 geritibus
1561 2531 1774 2606 distinctam.
1832 2530 1913 2617 An,
1946 2556 2022 2603 cum
2048 2529 2179 2601 luliani

1203 2635 1332 2703 milites
1347 2633 1408 2701 alii
1425 2633 1659 2703 sacrificarent
1675 2632 1792 2712 idolis,
1814 2634 1876 2703 alii
1892 2634 2085 2705 sacrificare
2102 2633 2182 2702 nol·

1205 2738 1298 2820 lent,
1324 2734 1505 2805 distinctio
1521 2735 1620 2804 nulla
1640 2733 1947 2824 conspiciebatur?
1970 2733 2044 2808 Sed
2068 2736 2183 2807 nube·

1203 2840 1338 2921 culam,
1371 2837 1429 2907 cui
1453 2837 1642 2906 involvunt
1666 2832 1878 2923 Ecclesiam,
1918 2837 2102 2909 obiiciunt
2122 2859 2181 2930 po-

1204 2941 1289 3032 pulo
1307 2938 1365 3007 isti
1381 2936 1569 3011 Platonici.
1620 2936 1727 3026 Quod
1744 2939 1898 3011 creditur
1911 2939 2100 3034 inquiunt,
2115 2960 2181 3010 nun

1204 3043 1361 3112 videtur:
1385 3035 1579 3109 Ecclesiam
1597 3062 1669 3109 esse
1686 3040 1850 3111 creditur.
1901 3039 2179 3131 Non'igiturri·

1204 3148 1318 3213 detur.
1344 3139 1423 3211 Hoc
1439 3143 1578 3211 vafrum
1595 3141 1821 3213 involucrum
1838 3143 2059 3214 evolvamus.
2090 3138 2178 3215 ttut

1204 3260 1259 3316 tae
1285 3257 1368 3314 sunt
1395 3243 1675 3336 propositiones,
1714 3268 1863 3336 quarum
1894 3249 1959 3315 etsi
1994 3258 2178 3316 cernuntur

1203 3346 1376 3426 subiecta,
1401 3360 1517 3416 tarneu
1534 3344 1732 3435 praedicata
1748 3345 1816 3414 fide
1833 3347 2032 3432 adduntur,
2056 3361 2176 3420 occos

1205 3449 1372 3518 dicimus:
1399 3445 1461 3516 Sol
1476 3460 1560 3517 esta
1576 3444 1651 3516 Deo
1670 3460 1825 3528 creatus,
1852 3441 1939 3518 haec
1960 3463 2090 3521 nostra
2112 3473 2175 3520 cor·

1205 3574 1290 3641 pora
1311 3548 1573 3618 revocabuntur
1592 3547 1631 3617 in
1657 3547 1776 3621 vitam.
1828 3546 1898 3619 Hic
1922 3549 2012 3620 fides
2035 3550 2173 3622 assensio

1204 3665 1272 3731 est,
1316 3675 1385 3743 qua
1414 3650 1586 3739 integram
1618 3649 1896 3741 propositionem
1928 3652 2173 3744 amplectimur.

1205 3751 1256 3823 lta
1272 3752 1426 3820 subiecta
1443 3750 1482 3819 in
1498 3746 1553 3820 bis
1568 3751 1871 3842 propositionibus
1881 3753 2005 3845 accipi
2028 3754 2173 3825 senatu

1204 3855 1371 3923 dicimus:
1398 3850 1573 3922 Homines
1585 3867 1751 3923 sonantes
1763 3877 1884 3924 vocem
1899 3851 2092 3948 Evangelii
2108 3869 2174 3927 sunt

169 3941 312 4026 oculos,
335 3940 549 4013 Pontificum
567 3944 757 4037 splendor,
783 3950 994 4038 dignitatum
1012 3956 1151 4041 gradus,
1204 3952 1360 4026 Ecclesia
1375 3953 1460 4036 Dei,
1481 3978 1544 4025 seu
1561 3968 1697 4040 coetus,
1722 3956 1760 4024 in
1777 3980 1847 4050 quo
1864 3971 1949 4027 sunt
1974 3959 2093 4031 electi.
2137 3953 2175 4029 Et

167 4068 275 4136 opum
303 4045 511 4124 ostentatio,
551 4070 749 4137 purpurae,
781 4051 963 4134 satellitis,
998 4055 1152 4147 denique
1203 4070 1320 4128 taurea
1334 4056 1403 4126 lide
1417 4056 1655 4148 praedicatum
1676 4058 1834 4129 additur.
1885 4057 2176 4132 Distinctiointet

166 4146 287 4218 omnia
306 4145 368 4214 illa
382 4171 471 4240 quae
479 4144 607 4217 Daniel
623 4150 879 4240 complectitur,
895 4179 975 4224 curn
989 4159 1053 4226 ait:
1079 4155 1152 4228 Co-
1203 4182 1328 4249 agmen
1345 4172 1541 4252 martyrum
1564 4174 1600 4230 et
1621 4173 1791 4252 tyrannos
1812 4160 1926 4232 oculis
1948 4161 2105 4234 iudicari
2124 4187 2177 4256 po-

165 4244 242 4318 leut
265 4243 381 4361 Deum
410 4246 583 4335 Maozim,
625 4274 714 4320 auro
745 4266 779 4324 et
807 4270 964 4345 argento.
1013 4257 1150 4329 Tamen
1202 4276 1283 4333 test:
1318 4261 1482 4330 audimus
1505 4260 1759 4330 confessionem
1775 4275 1809 4333 et
1832 4263 2099 4335 invocationem
2112 4264 2177 4360 pio·

166 4347 386 4439 conspicatur
404 4344 582 4435 Ecclesia,
602 4366 642 4422 ut
658 4347 806 4426 honesta
830 4357 1064 4444 aristocratia,
1089 4383 1151 4431 seu
1203 4386 1302 4446 rum,
1324 4361 1485 4432 videmus
1508 4386 1631 4433 eorum
1651 4385 1800 4453 corpora
1822 4360 2110 4454 lacerari'lerro,
2130 4363 2178 4437 mi

166 4450 382 4543 piuscoetus
398 4450 601 4522 docentium
625 4467 660 4524 et
681 4455 893 4530 discentium
909 4454 1150 4532 Christianam
1202 4464 1354 4533 llammis
1369 4477 1403 4534 et
1420 4463 1543 4534 multis
1557 4464 1674 4534 modis
1687 4464 1847 4538 cruciari.
1899 4463 1972 4537 Hic
1987 4468 2078 4539 lides
2092 4469 2179 4540 addit

165 4544 379 4645 κατήχησιν,
407 4552 470 4646 φιλ
485 4553 624 4624 tametsi
649 4579 722 4626 non
745 4559 870 4631 iisdem
884 4561 1077 4654 parietibus
1093 4564 1153 4634 iu·
1203 4563 1423 4659 praedicata:
1445 4562 1552 4636 'l'ales
1566 4565 1708 4657 placent
1716 4562 1806 4652 Deo,
1822 4567 1909 4637 tales
1923 4569 2179 4659 praestantlleo

164 4654 285 4772 clusus
300 4667 363 4738 est,
390 4657 448 4723 sed
467 4654 655 4746 dispersus,
670 4661 817 4731 eandem
834 4675 951 4734 manen
967 4688 1070 4736 verae
1085 4666 1152 4736 do·
1202 4681 1319 4759 gratos
1333 4666 1468 4751 cultus,
1492 4668 1580 4738 tales
1595 4679 1680 4739 sunt
1699 4661 1867 4738 haeredes
1887 4670 2053 4743 coelestis
2065 4669 2180 4744 Eccle-

165 4769 299 4828 ctrmae
322 4769 356 4826 et
380 4757 457 4846 piae
480 4756 715 4829 invocationis
735 4786 858 4833 vocem
881 4781 992 4839 sonat.
1042 4765 1150 4839 Hunc
1202 4770 1285 4842 siae.
1336 4765 1414 4838 Hac
1435 4768 1667 4861 responsione
1687 4769 1871 4862 perspicue
1892 4774 2036 4846 evoluta
2056 4775 2180 4847 estob-

165 4872 304 4929 eoetum
321 4858 435 4928 oculis
451 4872 486 4931 et
501 4858 648 4930 auribus
663 4860 836 4954 distingui
855 4891 958 4960 posse
971 4868 1017 4939 ab
1032 4871 1151 4939 omni·
1202 4869 1305 4942 iectio
1330 4870 1496 4957 illomm,
1520 4869 1584 4965 qni
1598 4864 1793 4942 Ecclesiam
1814 4872 1954 4964 tingunt
1976 4898 2056 4947 esse
2069 4875 2181 4949 Plata-

164 4960 251 5043 bus,
284 4958 347 5051 qui
373 4959 478 5029 aliam
503 4983 625 5030 vocem
648 4977 797 5050 sonant,
838 4970 1065 5043 manifestum
1088 4984 1150 5043 est.
1200 4973 1318 5044 nicam
1333 4971 1463 5042 ideam.

164 5057 297 5132 Paulus
338 5061 473 5155 inquit:
525 5057 582 5132 ὅτι
620 5059 786 5158 θέατρον
827 5065 1058 5166 ἐγενήθημεν
1093 5077 1150 5169 τῷ
1299 5070 1492 5167 Postquam
1515 5095 1600 5142 vero
1620 5073 1852 5145 constitutum
1884 5089 1936 5147 est
1962 5092 1998 5149 et
2031 5079 2179 5173 conspici

163 5159 295 5257 κόσμῳ
309 5156 373 5233 καὶ
389 5159 558 5262 ἀγγέλοις
572 5158 637 5234 καὶ
650 5160 880 5262 ἀνθρώποις.
932 5171 1049 5262 Quale
1070 5197 1151 5267 spe·
1202 5171 1396 5246 Ecclesiam
1414 5175 1453 5242 in
1468 5168 1638 5258 haesita,
1662 5189 1698 5246 et
1715 5177 1889 5269 quaesint
1905 5178 2006 5268 signa
2028 5206 2105 5253 non
2119 5181 2178 5252 lal-

162 5264 337 5336 ctaculum
360 5259 520 5369 Ecclesia
543 5286 619 5335 esse
640 5280 774 5358 potest,
817 5272 847 5340 si
871 5296 945 5344 nou
967 5275 1151 5347 cernitur?
1200 5276 1326 5347 lentie:
1345 5277 1415 5344 iam
1428 5276 1591 5347 addenda
1600 5288 1653 5346 est
1666 5277 1861 5347 necmsaria
1875 5278 2054 5353 doctrina.
2080 5280 2179 5354 blaa·

164 5363 357 5456 Quomodo
377 5361 575 5459 praebendi
595 5391 744 5460 corpora
766 5385 801 5444 et
823 5372 974 5447 interfici
991 5394 1149 5469 possunt,
1200 5380 1324 5451 datum
1338 5373 1494 5450 Deiesae
1507 5377 1614 5459 scias,
1637 5390 1678 5453 ut
1692 5398 1796 5451 verae
1810 5375 1993 5453 Ecclesiae
2006 5396 2044 5455 te
2057 5385 2177 5458 adim-
