<?xml version="1.0" encoding="UTF-8"?>
<!DOCTYPE html PUBLIC "-//W3C//DTD XHTML 1.0 Transitional//EN"
    "http://www.w3.org/TR/xhtml1/DTD/xhtml1-transitional.dtd">
<html xmlns="http://www.w3.org/1999/xhtml" xml:lang="en" lang="en">
 <head>
  <title>
</title>
<meta http-equiv="Content-Type" content="text/html;charset=utf-8" />
  <meta name='ocr-system' content='tesseract 3.04.00' />
  <meta name='ocr-capabilities' content='ocr_page ocr_carea ocr_par ocr_line ocrx_word'/>
</head>
<body>
  <div class='ocr_page' id='page_1' title='image "./corpusreformato00bretgoog_0148.png"; bbox 0 0 4680 6038; ppageno 0'>
   <div class='ocr_carea' id='block_1_1' title="bbox 131 174 2114 427">
    <p class='ocr_par' dir='ltr' id='par_1_1' title="bbox 131 174 2114 427">
     <span class='ocr_line' id='line_1_1' title="bbox 131 174 2114 427; baseline 0.034 -198"><span class='ocrx_word' id='word_1_1' title='bbox 131 184 161 261; x_wconf 70' lang='lat'>7</span> <span class='ocrx_word' id='word_1_2' title='bbox 630 178 792 257; x_wconf 82' lang='lat' dir='ltr'>uror.</span> <span class='ocrx_word' id='word_1_3' title='bbox 826 174 1267 427; x_wconf 55' lang='lat' dir='ltr'>unpn÷cmsro</span> <span class='ocrx_word' id='word_1_4' title='bbox 1298 176 1571 263; x_wconf 75' lang='lat' dir='ltr'>narrans.-</span> <span class='ocrx_word' id='word_1_5' title='bbox 1912 239 1913 242; x_wconf 17' lang='grc' dir='ltr'><strong>κ</strong></span> <span class='ocrx_word' id='word_1_6' title='bbox 2038 218 2114 295; x_wconf 83' lang='lat' dir='ltr'>ara</span> 
     </span>
    </p>
   </div>
   <div class='ocr_carea' id='block_1_2' title="bbox 131 349 2184 2794">
    <p class='ocr_par' dir='ltr' id='par_1_2' title="bbox 131 349 2184 2712">
     <span class='ocr_line' id='line_1_2' title="bbox 131 349 2184 484; baseline 0.02 -59"><span class='ocrx_word' id='word_1_7' title='bbox 131 379 199 444; x_wconf 73' lang='lat' dir='ltr'>nn,</span> <span class='ocrx_word' id='word_1_8' title='bbox 234 369 297 447; x_wconf 89' lang='lat' dir='ltr'>aut</span> <span class='ocrx_word' id='word_1_9' title='bbox 327 367 612 428; x_wconf 90' lang='lat' dir='ltr'>coacervatorum</span> <span class='ocrx_word' id='word_1_10' title='bbox 642 349 838 427; x_wconf 91' lang='lat' dir='ltr'>humorum</span> <span class='ocrx_word' id='word_1_11' title='bbox 866 356 980 439; x_wconf 87' lang='lat' dir='ltr'>vicio,</span> <span class='ocrx_word' id='word_1_12' title='bbox 1017 380 1041 426; x_wconf 83' lang='lat' dir='ltr'>v</span> <span class='ocrx_word' id='word_1_13' title='bbox 1123 366 1159 426; x_wconf 90' lang='lat' dir='ltr'>et</span> <span class='ocrx_word' id='word_1_14' title='bbox 1171 352 1429 444; x_wconf 87' lang='lat' dir='ltr'>disputationes</span> <span class='ocrx_word' id='word_1_15' title='bbox 1441 360 1572 434; x_wconf 90' lang='lat' dir='ltr'>multas</span> <span class='ocrx_word' id='word_1_16' title='bbox 1584 362 1759 457; x_wconf 86' lang='lat' dir='ltr'>continet,</span> <span class='ocrx_word' id='word_1_17' title='bbox 1782 388 1817 446; x_wconf 93' lang='lat' dir='ltr'>et</span> <span class='ocrx_word' id='word_1_18' title='bbox 1830 385 1987 475; x_wconf 88' lang='lat' dir='ltr'>exempla</span> <span class='ocrx_word' id='word_1_19' title='bbox 2004 389 2111 484; x_wconf 87' lang='lat' dir='ltr'>digna</span> <span class='ocrx_word' id='word_1_20' title='bbox 2181 368 2184 374; x_wconf 31' lang='lat'><strong>¹</strong></span> 
     </span>
     <span class='ocr_line' id='line_1_3' title="bbox 131 456 2107 568; baseline 0.014 -37"><span class='ocrx_word' id='word_1_21' title='bbox 131 461 314 533; x_wconf 69' lang='lat' dir='ltr'>aaronitae</span> <span class='ocrx_word' id='word_1_22' title='bbox 334 459 461 532; x_wconf 78' lang='lat' dir='ltr'>soluta.</span> <span class='ocrx_word' id='word_1_23' title='bbox 1123 456 1305 528; x_wconf 76' lang='lat' dir='ltr'>memoris.</span> <span class='ocrx_word' id='word_1_24' title='bbox 1364 456 1536 533; x_wconf 77' lang='lat' dir='ltr'>Libenter</span> <span class='ocrx_word' id='word_1_25' title='bbox 1557 467 1652 537; x_wconf 82' lang='lat' dir='ltr'>enim</span> <span class='ocrx_word' id='word_1_26' title='bbox 1677 465 1937 555; x_wconf 56' lang='lat' dir='ltr'>hue&#39;historias</span> <span class='ocrx_word' id='word_1_27' title='bbox 1951 504 2107 568; x_wconf 70' lang='lat' dir='ltr'>vscerum</span> 
     </span>
     <span class='ocr_line' id='line_1_4' title="bbox 181 552 2107 670; baseline 0.02 -38"><span class='ocrx_word' id='word_1_28' title='bbox 181 560 278 632; x_wconf 90' lang='lat' dir='ltr'>Haec</span> <span class='ocrx_word' id='word_1_29' title='bbox 295 559 499 630; x_wconf 91' lang='lat' dir='ltr'>declarandi</span> <span class='ocrx_word' id='word_1_30' title='bbox 520 552 716 650; x_wconf 76' lang='lat' dir='ltr'>aphorismi</span> <span class='ocrx_word' id='word_1_31' title='bbox 737 583 859 648; x_wconf 86' lang='lat' dir='ltr'>cansa,</span> <span class='ocrx_word' id='word_1_32' title='bbox 883 583 960 655; x_wconf 86' lang='lat' dir='ltr'>qna¹</span> <span class='ocrx_word' id='word_1_33' title='bbox 970 559 1071 653; x_wconf 92' lang='lat' dir='ltr'>potui</span> <span class='ocrx_word' id='word_1_34' title='bbox 1121 557 1346 651; x_wconf 88' lang='lat' dir='ltr'>Scriptomm</span> <span class='ocrx_word' id='word_1_35' title='bbox 1369 562 1582 651; x_wconf 83' lang='lat' dir='ltr'>adserimus,</span> <span class='ocrx_word' id='word_1_36' title='bbox 1614 583 1655 640; x_wconf 91' lang='lat' dir='ltr'>ut</span> <span class='ocrx_word' id='word_1_37' title='bbox 1679 576 1722 642; x_wconf 91' lang='lat' dir='ltr'>ad</span> <span class='ocrx_word' id='word_1_38' title='bbox 1742 590 2019 670; x_wconf 83' lang='lat' dir='ltr'>cognoscendam</span> <span class='ocrx_word' id='word_1_39' title='bbox 2036 591 2107 669; x_wconf 88' lang='lat' dir='ltr'>Ee-</span> 
     </span>
     <span class='ocr_line' id='line_1_5' title="bbox 131 660 2108 769; baseline 0.014 -36"><span class='ocrx_word' id='word_1_40' title='bbox 131 663 253 734; x_wconf 79' lang='lat' dir='ltr'>svitatc</span> <span class='ocrx_word' id='word_1_41' title='bbox 278 662 441 755; x_wconf 80' lang='lat' dir='ltr'>exposui,</span> <span class='ocrx_word' id='word_1_42' title='bbox 474 674 508 731; x_wconf 92' lang='lat' dir='ltr'>et</span> <span class='ocrx_word' id='word_1_43' title='bbox 525 685 589 731; x_wconf 92' lang='lat' dir='ltr'>oro</span> <span class='ocrx_word' id='word_1_44' title='bbox 613 675 835 748; x_wconf 78' lang='lat' dir='ltr'>reverenter,</span> <span class='ocrx_word' id='word_1_45' title='bbox 860 675 950 735; x_wconf 91' lang='lat' dir='ltr'>utet</span> <span class='ocrx_word' id='word_1_46' title='bbox 964 685 1072 752; x_wconf 91' lang='lat' dir='ltr'>argu·</span> <span class='ocrx_word' id='word_1_47' title='bbox 1121 660 1246 731; x_wconf 89' lang='lat' dir='ltr'>clesiae</span> <span class='ocrx_word' id='word_1_48' title='bbox 1264 661 1530 756; x_wconf 75' lang='lat' dir='ltr'>antiquitatem,</span> <span class='ocrx_word' id='word_1_49' title='bbox 1564 673 1658 742; x_wconf 89' lang='lat' dir='ltr'>etad</span> <span class='ocrx_word' id='word_1_50' title='bbox 1681 678 1954 760; x_wconf 90' lang='lat' dir='ltr'>considerandas</span> <span class='ocrx_word' id='word_1_51' title='bbox 1970 674 2108 769; x_wconf 91' lang='lat' dir='ltr'>diiudi.</span> 
     </span>
     <span class='ocr_line' id='line_1_6' title="bbox 131 761 2107 870; baseline 0.019 -38"><span class='ocrx_word' id='word_1_52' title='bbox 131 766 192 837; x_wconf 78' lang='lat' dir='ltr'>uti</span> <span class='ocrx_word' id='word_1_53' title='bbox 222 779 257 837; x_wconf 90' lang='lat' dir='ltr'>et</span> <span class='ocrx_word' id='word_1_54' title='bbox 291 764 463 836; x_wconf 88' lang='lat' dir='ltr'>orationis</span> <span class='ocrx_word' id='word_1_55' title='bbox 494 761 702 836; x_wconf 82' lang='lat' dir='ltr'>tenuitatem</span> <span class='ocrx_word' id='word_1_56' title='bbox 736 764 825 836; x_wconf 91' lang='lat' dir='ltr'>boui</span> <span class='ocrx_word' id='word_1_57' title='bbox 859 765 1070 846; x_wconf 90' lang='lat' dir='ltr'>consulatis,</span> <span class='ocrx_word' id='word_1_58' title='bbox 1120 763 1276 833; x_wconf 90' lang='lat' dir='ltr'>cationes</span> <span class='ocrx_word' id='word_1_59' title='bbox 1300 765 1534 839; x_wconf 81' lang='lat' dir='ltr'>maximorum</span> <span class='ocrx_word' id='word_1_60' title='bbox 1566 777 1798 851; x_wconf 86' lang='lat' dir='ltr'>certaminum</span> <span class='ocrx_word' id='word_1_61' title='bbox 1820 786 1979 864; x_wconf 90' lang='lat' dir='ltr'>iuniores</span> <span class='ocrx_word' id='word_1_62' title='bbox 2010 797 2107 870; x_wconf 87' lang='lat' dir='ltr'>invi-</span> 
     </span>
     <span class='ocr_line' id='line_1_7' title="bbox 131 859 2106 989; baseline 0.014 -51"><span class='ocrx_word' id='word_1_63' title='bbox 131 869 178 939; x_wconf 84' lang='lat' dir='ltr'>ud</span> <span class='ocrx_word' id='word_1_64' title='bbox 199 869 355 938; x_wconf 88' lang='lat' dir='ltr'>facturos</span> <span class='ocrx_word' id='word_1_65' title='bbox 376 891 439 937; x_wconf 92' lang='lat' dir='ltr'>vos</span> <span class='ocrx_word' id='word_1_66' title='bbox 462 867 507 936; x_wconf 91' lang='lat' dir='ltr'>dc</span> <span class='ocrx_word' id='word_1_67' title='bbox 521 859 741 936; x_wconf 83' lang='lat' dir='ltr'>humanitate</span> <span class='ocrx_word' id='word_1_68' title='bbox 757 880 873 938; x_wconf 91' lang='lat' dir='ltr'>vestra</span> <span class='ocrx_word' id='word_1_69' title='bbox 897 881 932 939; x_wconf 92' lang='lat' dir='ltr'>et</span> <span class='ocrx_word' id='word_1_70' title='bbox 947 866 1071 961; x_wconf 89' lang='lat' dir='ltr'>aequi·</span> <span class='ocrx_word' id='word_1_71' title='bbox 1118 878 1248 936; x_wconf 82' lang='lat' dir='ltr'>tentnr.</span> <span class='ocrx_word' id='word_1_72' title='bbox 1300 861 1349 938; x_wconf 88' lang='lat' dir='ltr'>Et</span> <span class='ocrx_word' id='word_1_73' title='bbox 1375 870 1520 959; x_wconf 85' lang='lat' dir='ltr'>prodest</span> <span class='ocrx_word' id='word_1_74' title='bbox 1547 873 1679 946; x_wconf 89' lang='lat' dir='ltr'>intueri</span> <span class='ocrx_word' id='word_1_75' title='bbox 1709 885 1870 957; x_wconf 91' lang='lat' dir='ltr'>omnium</span> <span class='ocrx_word' id='word_1_76' title='bbox 1906 905 2106 989; x_wconf 81' lang='lat' dir='ltr'>temporum</span> 
     </span>
     <span class='ocr_line' id='line_1_8' title="bbox 131 962 2107 1075; baseline 0.019 -38"><span class='ocrx_word' id='word_1_77' title='bbox 131 988 169 1057; x_wconf 81' lang='lat' dir='ltr'>e,</span> <span class='ocrx_word' id='word_1_78' title='bbox 199 983 304 1064; x_wconf 90' lang='lat' dir='ltr'>atque</span> <span class='ocrx_word' id='word_1_79' title='bbox 325 991 407 1058; x_wconf 89' lang='lat' dir='ltr'>erga</span> <span class='ocrx_word' id='word_1_80' title='bbox 427 992 485 1038; x_wconf 90' lang='lat' dir='ltr'>me</span> <span class='ocrx_word' id='word_1_81' title='bbox 505 966 756 1040; x_wconf 88' lang='lat' dir='ltr'>benevolentia</span> <span class='ocrx_word' id='word_1_82' title='bbox 777 968 950 1060; x_wconf 72' lang='lat' dir='ltr'>singulari</span> <span class='ocrx_word' id='word_1_83' title='bbox 973 981 1069 1040; x_wconf 88' lang='lat' dir='ltr'>certo</span> <span class='ocrx_word' id='word_1_84' title='bbox 1117 962 1333 1052; x_wconf 82' lang='lat' dir='ltr'>Ecclesiam,</span> <span class='ocrx_word' id='word_1_85' title='bbox 1358 981 1400 1040; x_wconf 94' lang='lat' dir='ltr'>ut</span> <span class='ocrx_word' id='word_1_86' title='bbox 1413 971 1556 1062; x_wconf 89' lang='lat' dir='ltr'>piorum</span> <span class='ocrx_word' id='word_1_87' title='bbox 1572 976 1715 1051; x_wconf 85' lang='lat' dir='ltr'>iudiciis</span> <span class='ocrx_word' id='word_1_88' title='bbox 1738 986 1782 1055; x_wconf 92' lang='lat' dir='ltr'>de</span> <span class='ocrx_word' id='word_1_89' title='bbox 1799 988 1961 1066; x_wconf 77' lang='lat' dir='ltr'>tourins</span> <span class='ocrx_word' id='word_1_90' title='bbox 1976 1002 2107 1075; x_wconf 86' lang='lat' dir='ltr'>confic-</span> 
     </span>
     <span class='ocr_line' id='line_1_9' title="bbox 131 1064 2104 1176; baseline 0.013 -37"><span class='ocrx_word' id='word_1_91' title='bbox 131 1064 393 1164; x_wconf 69' lang='lat' dir='ltr'>bipersuadeo.</span> <span class='ocrx_word' id='word_1_92' title='bbox 1117 1093 1276 1155; x_wconf 90' lang='lat' dir='ltr'>memur,</span> <span class='ocrx_word' id='word_1_93' title='bbox 1304 1083 1339 1141; x_wconf 91' lang='lat' dir='ltr'>et</span> <span class='ocrx_word' id='word_1_94' title='bbox 1353 1075 1522 1165; x_wconf 85' lang='lat' dir='ltr'>exemplis</span> <span class='ocrx_word' id='word_1_95' title='bbox 1534 1076 1720 1166; x_wconf 85' lang='lat' dir='ltr'>erigamur.</span> <span class='ocrx_word' id='word_1_96' title='bbox 1772 1084 1822 1159; x_wconf 88' lang='lat' dir='ltr'>Ut</span> <span class='ocrx_word' id='word_1_97' title='bbox 1841 1115 1921 1164; x_wconf 90' lang='lat' dir='ltr'>cum</span> <span class='ocrx_word' id='word_1_98' title='bbox 1943 1098 2104 1176; x_wconf 67' lang='lat' dir='ltr'>videmus</span> 
     </span>
     <span class='ocr_line' id='line_1_10' title="bbox 150 1162 2105 1276; baseline 0.017 -33"><span class='ocrx_word' id='word_1_99' title='bbox 150 1162 156 1175; x_wconf 81' lang='grc'><strong>’</strong></span> <span class='ocrx_word' id='word_1_100' title='bbox 180 1169 260 1244; x_wconf 92' lang='lat' dir='ltr'>Oro</span> <span class='ocrx_word' id='word_1_101' title='bbox 282 1173 387 1243; x_wconf 89' lang='lat' dir='ltr'>etiam</span> <span class='ocrx_word' id='word_1_102' title='bbox 408 1170 524 1243; x_wconf 92' lang='lat' dir='ltr'>Deum</span> <span class='ocrx_word' id='word_1_103' title='bbox 545 1184 746 1256; x_wconf 90' lang='lat' dir='ltr'>aeternum,</span> <span class='ocrx_word' id='word_1_104' title='bbox 770 1184 905 1264; x_wconf 90' lang='lat' dir='ltr'>patrem</span> <span class='ocrx_word' id='word_1_105' title='bbox 921 1172 1067 1246; x_wconf 90' lang='lat' dir='ltr'>Domini</span> <span class='ocrx_word' id='word_1_106' title='bbox 1117 1172 1283 1244; x_wconf 89' lang='lat' dir='ltr'>omnibus</span> <span class='ocrx_word' id='word_1_107' title='bbox 1312 1175 1529 1265; x_wconf 83' lang='lat' dir='ltr'>temporibus</span> <span class='ocrx_word' id='word_1_108' title='bbox 1554 1182 1717 1274; x_wconf 84' lang='lat' dir='ltr'>cymbam</span> <span class='ocrx_word' id='word_1_109' title='bbox 1741 1185 1804 1258; x_wconf 88' lang='lat' dir='ltr'>lilii</span> <span class='ocrx_word' id='word_1_110' title='bbox 1826 1188 1897 1263; x_wconf 85' lang='lat' dir='ltr'>Dei</span> <span class='ocrx_word' id='word_1_111' title='bbox 1917 1192 2105 1276; x_wconf 89' lang='lat' dir='ltr'>horribili-</span> 
     </span>
     <span class='ocr_line' id='line_1_11' title="bbox 131 1270 2104 1376; baseline 0.016 -31"><span class='ocrx_word' id='word_1_112' title='bbox 131 1275 193 1347; x_wconf 87' lang='lat' dir='ltr'>rtri</span> <span class='ocrx_word' id='word_1_113' title='bbox 214 1277 293 1345; x_wconf 91' lang='lat' dir='ltr'>lesu</span> <span class='ocrx_word' id='word_1_114' title='bbox 315 1270 467 1362; x_wconf 89' lang='lat' dir='ltr'>Christi,</span> <span class='ocrx_word' id='word_1_115' title='bbox 493 1297 556 1367; x_wconf 90' lang='lat' dir='ltr'>per</span> <span class='ocrx_word' id='word_1_116' title='bbox 574 1287 610 1346; x_wconf 91' lang='lat' dir='ltr'>et</span> <span class='ocrx_word' id='word_1_117' title='bbox 630 1288 775 1366; x_wconf 92' lang='lat' dir='ltr'>propter</span> <span class='ocrx_word' id='word_1_118' title='bbox 788 1274 921 1360; x_wconf 85' lang='lat' dir='ltr'>hlium,</span> <span class='ocrx_word' id='word_1_119' title='bbox 944 1289 984 1347; x_wconf 87' lang='lat' dir='ltr'>ut</span> <span class='ocrx_word' id='word_1_120' title='bbox 1004 1275 1068 1346; x_wconf 90' lang='lat' dir='ltr'>ad·</span> <span class='ocrx_word' id='word_1_121' title='bbox 1116 1274 1184 1343; x_wconf 91' lang='lat' dir='ltr'>bus</span> <span class='ocrx_word' id='word_1_122' title='bbox 1198 1272 1465 1366; x_wconf 83' lang='lat' dir='ltr'>tempestatibus</span> <span class='ocrx_word' id='word_1_123' title='bbox 1482 1293 1681 1373; x_wconf 82' lang='lat' dir='ltr'>quassatam</span> <span class='ocrx_word' id='word_1_124' title='bbox 1697 1309 1789 1372; x_wconf 87' lang='lat' dir='ltr'>esse,</span> <span class='ocrx_word' id='word_1_125' title='bbox 1815 1306 1849 1364; x_wconf 90' lang='lat' dir='ltr'>et</span> <span class='ocrx_word' id='word_1_126' title='bbox 1871 1307 1989 1371; x_wconf 88' lang='lat' dir='ltr'>tamen</span> <span class='ocrx_word' id='word_1_127' title='bbox 2008 1306 2104 1376; x_wconf 90' lang='lat' dir='ltr'>divi-</span> 
     </span>
     <span class='ocr_line' id='line_1_12' title="bbox 139 1371 2103 1478; baseline 0.017 -30"><span class='ocrx_word' id='word_1_128' title='bbox 139 1371 321 1449; x_wconf 88' lang='lat' dir='ltr'>Ecclesiae</span> <span class='ocrx_word' id='word_1_129' title='bbox 343 1400 443 1462; x_wconf 87' lang='lat' dir='ltr'>suae,</span> <span class='ocrx_word' id='word_1_130' title='bbox 475 1376 569 1447; x_wconf 89' lang='lat' dir='ltr'>etin</span> <span class='ocrx_word' id='word_1_131' title='bbox 589 1371 653 1446; x_wconf 88' lang='lat' dir='ltr'>hac</span> <span class='ocrx_word' id='word_1_132' title='bbox 675 1371 795 1446; x_wconf 85' lang='lat' dir='ltr'>schola</span> <span class='ocrx_word' id='word_1_133' title='bbox 813 1390 928 1449; x_wconf 86' lang='lat' dir='ltr'>servet</span> <span class='ocrx_word' id='word_1_134' title='bbox 949 1401 990 1448; x_wconf 93' lang='lat' dir='ltr'>ac</span> <span class='ocrx_word' id='word_1_135' title='bbox 1004 1378 1067 1448; x_wconf 89' lang='lat' dir='ltr'>de-</span> <span class='ocrx_word' id='word_1_136' title='bbox 1116 1374 1212 1445; x_wconf 91' lang='lat' dir='ltr'>nitus</span> <span class='ocrx_word' id='word_1_137' title='bbox 1227 1391 1420 1463; x_wconf 86' lang='lat' dir='ltr'>servatam,</span> <span class='ocrx_word' id='word_1_138' title='bbox 1445 1403 1520 1450; x_wconf 75' lang='lat'><strong>¹1⁰⁰</strong></span> <span class='ocrx_word' id='word_1_139' title='bbox 1533 1383 1739 1474; x_wconf 80' lang='lat' dir='ltr'>frangamur</span> <span class='ocrx_word' id='word_1_140' title='bbox 1751 1391 1880 1464; x_wconf 90' lang='lat' dir='ltr'>animis</span> <span class='ocrx_word' id='word_1_141' title='bbox 1895 1398 1956 1470; x_wconf 91' lang='lat' dir='ltr'>illa</span> <span class='ocrx_word' id='word_1_142' title='bbox 1971 1404 2103 1478; x_wconf 88' lang='lat' dir='ltr'>tristis-</span> 
     </span>
     <span class='ocr_line' id='line_1_13' title="bbox 131 1476 2104 1580; baseline 0.015 -29"><span class='ocrx_word' id='word_1_143' title='bbox 131 1478 200 1551; x_wconf 77' lang='lat' dir='ltr'>tdat</span> <span class='ocrx_word' id='word_1_144' title='bbox 222 1480 339 1548; x_wconf 89' lang='lat' dir='ltr'>studia</span> <span class='ocrx_word' id='word_1_145' title='bbox 362 1478 545 1551; x_wconf 89' lang='lat' dir='ltr'>doctrinae</span> <span class='ocrx_word' id='word_1_146' title='bbox 577 1476 756 1564; x_wconf 87' lang='lat' dir='ltr'>coelestis,</span> <span class='ocrx_word' id='word_1_147' title='bbox 788 1501 828 1548; x_wconf 88' lang='lat' dir='ltr'>ac</span> <span class='ocrx_word' id='word_1_148' title='bbox 853 1491 1067 1551; x_wconf 87' lang='lat' dir='ltr'>caeterarum</span> <span class='ocrx_word' id='word_1_149' title='bbox 1116 1477 1205 1547; x_wconf 92' lang='lat' dir='ltr'>sima</span> <span class='ocrx_word' id='word_1_150' title='bbox 1228 1478 1361 1570; x_wconf 88' lang='lat' dir='ltr'>specie,</span> <span class='ocrx_word' id='word_1_151' title='bbox 1392 1480 1630 1556; x_wconf 82' lang='lat' dir='ltr'>existimantes</span> <span class='ocrx_word' id='word_1_152' title='bbox 1659 1511 1805 1579; x_wconf 91' lang='lat' dir='ltr'>prorsus</span> <span class='ocrx_word' id='word_1_153' title='bbox 1832 1497 2008 1573; x_wconf 90' lang='lat' dir='ltr'>abiectum</span> <span class='ocrx_word' id='word_1_154' title='bbox 2030 1522 2104 1580; x_wconf 83' lang='lat' dir='ltr'>esse</span> 
     </span>
     <span class='ocr_line' id='line_1_14' title="bbox 131 1575 2104 1700; baseline 0.016 -50"><span class='ocrx_word' id='word_1_155' title='bbox 131 1579 210 1651; x_wconf 91' lang='lat' dir='ltr'>ium</span> <span class='ocrx_word' id='word_1_156' title='bbox 242 1594 277 1651; x_wconf 87' lang='lat' dir='ltr'>et</span> <span class='ocrx_word' id='word_1_157' title='bbox 306 1595 420 1652; x_wconf 90' lang='lat' dir='ltr'>totnm</span> <span class='ocrx_word' id='word_1_158' title='bbox 450 1580 545 1651; x_wconf 86' lang='lat' dir='ltr'>vitae</span> <span class='ocrx_word' id='word_1_159' title='bbox 576 1594 610 1651; x_wconf 86' lang='lat' dir='ltr'>et</span> <span class='ocrx_word' id='word_1_160' title='bbox 634 1580 833 1669; x_wconf 85' lang='lat' dir='ltr'>studiorum</span> <span class='ocrx_word' id='word_1_161' title='bbox 863 1595 1067 1653; x_wconf 88' lang='lat' dir='ltr'>nostrornm</span> <span class='ocrx_word' id='word_1_162' title='bbox 1116 1601 1226 1670; x_wconf 88' lang='lat' dir='ltr'>genus</span> <span class='ocrx_word' id='word_1_163' title='bbox 1239 1575 1578 1672; x_wconf 90' lang='lat' dir='ltr'>humannmaDeo,</span> <span class='ocrx_word' id='word_1_164' title='bbox 1597 1587 1658 1658; x_wconf 88' lang='lat' dir='ltr'>sed</span> <span class='ocrx_word' id='word_1_165' title='bbox 1674 1592 1824 1666; x_wconf 88' lang='lat' dir='ltr'>sciamus</span> <span class='ocrx_word' id='word_1_166' title='bbox 1837 1609 1953 1672; x_wconf 89' lang='lat' dir='ltr'>tamen</span> <span class='ocrx_word' id='word_1_167' title='bbox 1965 1628 2104 1700; x_wconf 87' lang='lat' dir='ltr'>semper</span> 
     </span>
     <span class='ocr_line' id='line_1_15' title="bbox 131 1682 2104 1783; baseline 0.015 -30"><span class='ocrx_word' id='word_1_168' title='bbox 131 1702 222 1754; x_wconf 76' lang='lat' dir='ltr'>rsnm</span> <span class='ocrx_word' id='word_1_169' title='bbox 245 1697 339 1773; x_wconf 86' lang='lat' dir='ltr'>regat</span> <span class='ocrx_word' id='word_1_170' title='bbox 362 1707 402 1753; x_wconf 84' lang='lat' dir='ltr'>at</span> <span class='ocrx_word' id='word_1_171' title='bbox 425 1682 616 1772; x_wconf 87' lang='lat' dir='ltr'>gubernet,</span> <span class='ocrx_word' id='word_1_172' title='bbox 648 1695 684 1755; x_wconf 93' lang='lat' dir='ltr'>et</span> <span class='ocrx_word' id='word_1_173' title='bbox 709 1696 855 1754; x_wconf 90' lang='lat' dir='ltr'>conatus</span> <span class='ocrx_word' id='word_1_174' title='bbox 884 1683 923 1752; x_wconf 93' lang='lat' dir='ltr'>in</span> <span class='ocrx_word' id='word_1_175' title='bbox 953 1684 1068 1753; x_wconf 86' lang='lat' dir='ltr'>medi·</span> <span class='ocrx_word' id='word_1_176' title='bbox 1115 1682 1253 1775; x_wconf 90' lang='lat' dir='ltr'>aliquas</span> <span class='ocrx_word' id='word_1_177' title='bbox 1273 1684 1407 1753; x_wconf 90' lang='lat' dir='ltr'>servari</span> <span class='ocrx_word' id='word_1_178' title='bbox 1430 1685 1620 1779; x_wconf 90' lang='lat' dir='ltr'>reliquias,</span> <span class='ocrx_word' id='word_1_179' title='bbox 1646 1714 1737 1783; x_wconf 89' lang='lat' dir='ltr'>quae</span> <span class='ocrx_word' id='word_1_180' title='bbox 1758 1696 1830 1770; x_wconf 87' lang='lat' dir='ltr'>sint</span> <span class='ocrx_word' id='word_1_181' title='bbox 1852 1724 1934 1774; x_wconf 87' lang='lat' dir='ltr'>vera</span> <span class='ocrx_word' id='word_1_182' title='bbox 1948 1701 2018 1778; x_wconf 89' lang='lat' dir='ltr'>Dei</span> <span class='ocrx_word' id='word_1_183' title='bbox 2032 1706 2104 1783; x_wconf 89' lang='lat' dir='ltr'>Ec·</span> 
     </span>
     <span class='ocr_line' id='line_1_16' title="bbox 131 1778 2105 1901; baseline 0.014 -45"><span class='ocrx_word' id='word_1_184' title='bbox 131 1784 191 1856; x_wconf 82' lang='lat' dir='ltr'>rdo</span> <span class='ocrx_word' id='word_1_185' title='bbox 205 1800 345 1856; x_wconf 89' lang='lat' dir='ltr'>nostros</span> <span class='ocrx_word' id='word_1_186' title='bbox 359 1798 466 1878; x_wconf 89' lang='lat' dir='ltr'>atque</span> <span class='ocrx_word' id='word_1_187' title='bbox 483 1784 695 1856; x_wconf 89' lang='lat' dir='ltr'>industriam</span> <span class='ocrx_word' id='word_1_188' title='bbox 708 1785 877 1860; x_wconf 85' lang='lat' dir='ltr'>fortunet.</span> <span class='ocrx_word' id='word_1_189' title='bbox 919 1784 1015 1859; x_wconf 81' lang='lat' dir='ltr'>Dixi.</span> <span class='ocrx_word' id='word_1_190' title='bbox 1116 1784 1238 1869; x_wconf 80' lang='lat' dir='ltr'>clesia,</span> <span class='ocrx_word' id='word_1_191' title='bbox 1261 1799 1296 1857; x_wconf 75' lang='lat' dir='ltr'>et</span> <span class='ocrx_word' id='word_1_192' title='bbox 1310 1778 1402 1855; x_wconf 64' lang='lat' dir='ltr'>¹1⁸¹!ss</span> <span class='ocrx_word' id='word_1_193' title='bbox 1417 1788 1545 1876; x_wconf 70' lang='lat'><strong>8²⁸¹³¹¹</strong></span> <span class='ocrx_word' id='word_1_194' title='bbox 1557 1792 1724 1863; x_wconf 71' lang='lat' dir='ltr'><strong>m⁰¹¹¹¹t¹¹⁸</strong></span> <span class='ocrx_word' id='word_1_195' title='bbox 1739 1795 1806 1867; x_wconf 85' lang='lat'><strong>¹¹¹¹¹</strong></span> <span class='ocrx_word' id='word_1_196' title='bbox 1828 1796 1913 1884; x_wconf 71' lang='lat'><strong>1¹0¹,</strong></span> <span class='ocrx_word' id='word_1_197' title='bbox 1938 1830 1984 1878; x_wconf 84' lang='lat' dir='ltr'>ne</span> <span class='ocrx_word' id='word_1_198' title='bbox 1998 1834 2105 1901; x_wconf 83' lang='lat' dir='ltr'>pror-</span> 
     </span>
     <span class='ocr_line' id='line_1_17' title="bbox 1115 1887 2103 1986; baseline 0.032 -31"><span class='ocrx_word' id='word_1_199' title='bbox 1115 1907 1174 1956; x_wconf 91' lang='lat' dir='ltr'>sus</span> <span class='ocrx_word' id='word_1_200' title='bbox 1196 1887 1434 1978; x_wconf 86' lang='lat' dir='ltr'>opprimatur,</span> <span class='ocrx_word' id='word_1_201' title='bbox 1467 1890 1558 1962; x_wconf 90' lang='lat' dir='ltr'>sicut</span> <span class='ocrx_word' id='word_1_202' title='bbox 1580 1895 1673 1984; x_wconf 91' lang='lat' dir='ltr'>apud</span> <span class='ocrx_word' id='word_1_203' title='bbox 1697 1892 1841 1969; x_wconf 83' lang='lat' dir='ltr'>Esaiam</span> <span class='ocrx_word' id='word_1_204' title='bbox 1870 1905 2003 1980; x_wconf 89' lang='lat' dir='ltr'>dictum</span> <span class='ocrx_word' id='word_1_205' title='bbox 2034 1929 2103 1986; x_wconf 87' lang='lat' dir='ltr'>est:</span> 
     </span>
     <span class='ocr_line' id='line_1_18' title="bbox 1115 1982 2101 2106; baseline 0.032 -51"><span class='ocrx_word' id='word_1_206' title='bbox 1115 1982 1194 2077; x_wconf 85' lang='lat' dir='ltr'>Ego</span> <span class='ocrx_word' id='word_1_207' title='bbox 1217 2011 1280 2058; x_wconf 91' lang='lat' dir='ltr'>vos</span> <span class='ocrx_word' id='word_1_208' title='bbox 1302 1988 1445 2077; x_wconf 81' lang='lat' dir='ltr'>gestabo</span> <span class='ocrx_word' id='word_1_209' title='bbox 1466 1991 1571 2063; x_wconf 88' lang='lat' dir='ltr'>etiam</span> <span class='ocrx_word' id='word_1_210' title='bbox 1592 1995 1631 2063; x_wconf 91' lang='lat' dir='ltr'>iu</span> <span class='ocrx_word' id='word_1_211' title='bbox 1645 2012 1805 2086; x_wconf 88' lang='lat' dir='ltr'>senecta,</span> <span class='ocrx_word' id='word_1_212' title='bbox 1829 1999 1908 2095; x_wconf 89' lang='lat' dir='ltr'>Ego</span> <span class='ocrx_word' id='word_1_213' title='bbox 1928 2009 2016 2099; x_wconf 85' lang='lat' dir='ltr'>feci,</span> <span class='ocrx_word' id='word_1_214' title='bbox 2038 2037 2101 2106; x_wconf 89' lang='lat' dir='ltr'>ego</span> 
     </span>
     <span class='ocr_line' id='line_1_19' title="bbox 958 2087 2103 2222; baseline 0.031 -69"><span class='ocrx_word' id='word_1_215' title='bbox 958 2158 974 2222; x_wconf 67' lang='lat'>1</span> <span class='ocrx_word' id='word_1_216' title='bbox 1115 2089 1258 2160; x_wconf 83' lang='lat' dir='ltr'>salvabo</span> <span class='ocrx_word' id='word_1_217' title='bbox 1281 2111 1355 2166; x_wconf 89' lang='lat' dir='ltr'>vos.</span> <span class='ocrx_word' id='word_1_218' title='bbox 1406 2087 1479 2161; x_wconf 88' lang='lat' dir='ltr'>Nee</span> <span class='ocrx_word' id='word_1_219' title='bbox 1502 2094 1628 2166; x_wconf 90' lang='lat' dir='ltr'>dubito</span> <span class='ocrx_word' id='word_1_220' title='bbox 1649 2099 1738 2190; x_wconf 89' lang='lat' dir='ltr'>quin</span> <span class='ocrx_word' id='word_1_221' title='bbox 1756 2125 1879 2176; x_wconf 88' lang='lat' dir='ltr'>omnes</span> <span class='ocrx_word' id='word_1_222' title='bbox 1900 2111 1962 2201; x_wconf 92' lang='lat' dir='ltr'>qui</span> <span class='ocrx_word' id='word_1_223' title='bbox 1979 2109 2103 2187; x_wconf 89' lang='lat' dir='ltr'>Eccle-</span> 
     </span>
     <span class='ocr_line' id='line_1_20' title="bbox 131 2152 2103 2305; baseline 0.026 -67"><span class='ocrx_word' id='word_1_224' title='bbox 131 2152 252 2279; x_wconf 53' lang='lat' dir='ltr'>Q</span> <span class='ocrx_word' id='word_1_225' title='bbox 884 2160 1056 2280; x_wconf 53' lang='lat' dir='ltr'>Q</span> <span class='ocrx_word' id='word_1_226' title='bbox 1114 2189 1202 2259; x_wconf 89' lang='lat' dir='ltr'>siam</span> <span class='ocrx_word' id='word_1_227' title='bbox 1224 2203 1361 2273; x_wconf 87' lang='lat' dir='ltr'>amant,</span> <span class='ocrx_word' id='word_1_228' title='bbox 1395 2185 1451 2261; x_wconf 88' lang='lat' dir='ltr'>his</span> <span class='ocrx_word' id='word_1_229' title='bbox 1474 2186 1633 2267; x_wconf 89' lang='lat' dir='ltr'>historiis</span> <span class='ocrx_word' id='word_1_230' title='bbox 1655 2199 1890 2291; x_wconf 88' lang='lat' dir='ltr'>delectentur,</span> <span class='ocrx_word' id='word_1_231' title='bbox 1916 2209 2103 2305; x_wconf 88' lang='lat' dir='ltr'>inquibus</span> 
     </span>
     <span class='ocr_line' id='line_1_21' title="bbox 574 2293 2103 2398; baseline 0.027 -47"><span class='ocrx_word' id='word_1_232' title='bbox 574 2352 582 2374; x_wconf 62' lang='lat'>‚</span> <span class='ocrx_word' id='word_1_233' title='bbox 749 2352 758 2372; x_wconf 76' lang='grc'><em>,</em></span> <span class='ocrx_word' id='word_1_234' title='bbox 1116 2293 1323 2377; x_wconf 87' lang='lat' dir='ltr'>recitandis,</span> <span class='ocrx_word' id='word_1_235' title='bbox 1359 2293 1425 2365; x_wconf 88' lang='lat' dir='ltr'>etsi</span> <span class='ocrx_word' id='word_1_236' title='bbox 1453 2295 1552 2368; x_wconf 88' lang='lat' dir='ltr'>deest</span> <span class='ocrx_word' id='word_1_237' title='bbox 1577 2299 1763 2389; x_wconf 87' lang='lat' dir='ltr'>splendor,</span> <span class='ocrx_word' id='word_1_238' title='bbox 1801 2329 1905 2398; x_wconf 90' lang='lat' dir='ltr'>quem</span> <span class='ocrx_word' id='word_1_239' title='bbox 1936 2311 2103 2392; x_wconf 84' lang='lat' dir='ltr'>adhibuit</span> 
     </span>
     <span class='ocr_line' id='line_1_22' title="bbox 280 2350 2104 2510; baseline 0.025 -66"><span class='ocrx_word' id='word_1_240' title='bbox 280 2355 356 2439; x_wconf 68' lang='lat' dir='ltr'>DC</span> <span class='ocrx_word' id='word_1_241' title='bbox 386 2350 607 2469; x_wconf 66' lang='lat' dir='ltr'>Grssffm&#39;w</span> <span class='ocrx_word' id='word_1_242' title='bbox 636 2351 859 2439; x_wconf 59' lang='lat' dir='ltr'><strong><em>Naum·</em></strong></span> <span class='ocrx_word' id='word_1_243' title='bbox 1115 2407 1268 2465; x_wconf 87' lang='lat' dir='ltr'>vetustas</span> <span class='ocrx_word' id='word_1_244' title='bbox 1290 2395 1329 2463; x_wconf 93' lang='lat' dir='ltr'>in</span> <span class='ocrx_word' id='word_1_245' title='bbox 1352 2397 1588 2489; x_wconf 77' lang='lat' dir='ltr'>panegyricis,</span> <span class='ocrx_word' id='word_1_246' title='bbox 1612 2422 1717 2494; x_wconf 91' lang='lat' dir='ltr'>quem</span> <span class='ocrx_word' id='word_1_247' title='bbox 1736 2405 1839 2494; x_wconf 87' lang='lat' dir='ltr'>pauci</span> <span class='ocrx_word' id='word_1_248' title='bbox 1856 2408 2003 2486; x_wconf 89' lang='lat' dir='ltr'>&#39;imitare</span> <span class='ocrx_word' id='word_1_249' title='bbox 2021 2442 2104 2510; x_wconf 91' lang='lat' dir='ltr'>pos-</span> 
     </span>
     <span class='ocr_line' id='line_1_23' title="bbox 137 2495 2104 2589; baseline 0.017 -31"><span class='ocrx_word' id='word_1_250' title='bbox 137 2514 176 2573; x_wconf 69' lang='lat'>1„</span> <span class='ocrx_word' id='word_1_251' title='bbox 194 2514 273 2570; x_wconf 79' lang='lat' dir='ltr'>ons.</span> <span class='ocrx_word' id='word_1_252' title='bbox 291 2515 324 2571; x_wconf 81' lang='lat' dir='ltr'>T.</span> <span class='ocrx_word' id='word_1_253' title='bbox 340 2516 374 2567; x_wconf 92' lang='lat' dir='ltr'>v.</span> <span class='ocrx_word' id='word_1_254' title='bbox 412 2511 555 2583; x_wconf 58' lang='lat' dir='ltr'>seqq..</span> <span class='ocrx_word' id='word_1_255' title='bbox 587 2514 615 2567; x_wconf 80' lang='lat' dir='ltr'>tn</span> <span class='ocrx_word' id='word_1_256' title='bbox 635 2512 815 2569; x_wconf 72' lang='lat' dir='ltr'>orationibus</span> <span class='ocrx_word' id='word_1_257' title='bbox 833 2514 977 2587; x_wconf 73' lang='lat' dir='ltr'>postremis</span> <span class='ocrx_word' id='word_1_258' title='bbox 995 2515 1066 2573; x_wconf 71' lang='lat' dir='ltr'>nost.</span> <span class='ocrx_word' id='word_1_259' title='bbox 1115 2510 1217 2576; x_wconf 88' lang='lat' dir='ltr'>sunt,</span> <span class='ocrx_word' id='word_1_260' title='bbox 1250 2495 1387 2567; x_wconf 87' lang='lat' dir='ltr'>etiamsi</span> <span class='ocrx_word' id='word_1_261' title='bbox 1411 2497 1540 2569; x_wconf 89' lang='lat' dir='ltr'>velint:</span> <span class='ocrx_word' id='word_1_262' title='bbox 1576 2513 1693 2573; x_wconf 87' lang='lat' dir='ltr'>tamen</span> <span class='ocrx_word' id='word_1_263' title='bbox 1720 2504 1827 2576; x_wconf 89' lang='lat' dir='ltr'>etiam</span> <span class='ocrx_word' id='word_1_264' title='bbox 1857 2509 1976 2584; x_wconf 88' lang='lat' dir='ltr'>brevis</span> <span class='ocrx_word' id='word_1_265' title='bbox 2004 2508 2104 2589; x_wconf 73' lang='lat' dir='ltr'>co&#39;m·</span> 
     </span>
     <span class='ocr_line' id='line_1_24' title="bbox 173 2532 2105 2712; baseline 0.02 -56"><span class='ocrx_word' id='word_1_266' title='bbox 173 2602 202 2656; x_wconf 75' lang='lat' dir='ltr'>r·</span> <span class='ocrx_word' id='word_1_267' title='bbox 218 2584 261 2640; x_wconf 77' lang='lat'>⁵¹·</span> <span class='ocrx_word' id='word_1_268' title='bbox 279 2594 305 2638; x_wconf 72' lang='lat'>0¹</span> <span class='ocrx_word' id='word_1_269' title='bbox 329 2532 411 2654; x_wconf 70' lang='lat' dir='ltr'>²t&gt;¹¹¹</span> <span class='ocrx_word' id='word_1_270' title='bbox 420 2580 550 2642; x_wconf 68' lang='lat'><strong>¹¹¹⁰¹¹²¹¹</strong></span> <span class='ocrx_word' id='word_1_271' title='bbox 567 2582 599 2640; x_wconf 79' lang='grc' dir='ltr'>Τ·</span> <span class='ocrx_word' id='word_1_272' title='bbox 612 2583 659 2640; x_wconf 90' lang='lat'><strong>¹¹¹·</strong></span> <span class='ocrx_word' id='word_1_273' title='bbox 678 2582 779 2657; x_wconf 57' lang='grc' dir='ltr'>ΜΒ·</span> <span class='ocrx_word' id='word_1_274' title='bbox 1115 2599 1323 2668; x_wconf 84' lang='lat' dir='ltr'>memoratio</span> <span class='ocrx_word' id='word_1_275' title='bbox 1346 2598 1475 2670; x_wconf 89' lang='lat' dir='ltr'>multas</span> <span class='ocrx_word' id='word_1_276' title='bbox 1495 2601 1759 2676; x_wconf 87' lang='lat' dir='ltr'>admonitiones</span> <span class='ocrx_word' id='word_1_277' title='bbox 1780 2608 1884 2681; x_wconf 86' lang='lat' dir='ltr'>offert</span> <span class='ocrx_word' id='word_1_278' title='bbox 1901 2616 2006 2689; x_wconf 86' lang='lat' dir='ltr'>utiles</span> <span class='ocrx_word' id='word_1_279' title='bbox 2023 2644 2105 2712; x_wconf 91' lang='lat' dir='ltr'>par-</span> 
     </span>
    </p>

    <p class='ocr_par' dir='ltr' id='par_1_3' title="bbox 755 2699 1682 2794">
     <span class='ocr_line' id='line_1_25' title="bbox 755 2699 1682 2794; baseline 0.011 -28"><span class='ocrx_word' id='word_1_280' title='bbox 755 2704 758 2710; x_wconf 82' lang='lat'>&#39;</span> <span class='ocrx_word' id='word_1_281' title='bbox 1115 2699 1179 2770; x_wconf 92' lang='lat' dir='ltr'>tim</span> <span class='ocrx_word' id='word_1_282' title='bbox 1194 2699 1341 2786; x_wconf 89' lang='lat' dir='ltr'>studiis,</span> <span class='ocrx_word' id='word_1_283' title='bbox 1366 2701 1496 2794; x_wconf 91' lang='lat' dir='ltr'>partim</span> <span class='ocrx_word' id='word_1_284' title='bbox 1511 2704 1682 2776; x_wconf 80' lang='lat' dir='ltr'>moribus.</span> 
     </span>
    </p>
   </div>
   <div class='ocr_carea' id='block_1_3' title="bbox 131 2761 2103 2910">
    <p class='ocr_par' dir='ltr' id='par_1_4' title="bbox 131 2761 2103 2910">
     <span class='ocr_line' id='line_1_26' title="bbox 131 2761 2103 2910; baseline 0.025 -68"><span class='ocrx_word' id='word_1_285' title='bbox 131 2766 205 2839; x_wconf 70' lang='lat'><strong>¹¹¹⁰</strong></span> <span class='ocrx_word' id='word_1_286' title='bbox 236 2761 283 2833; x_wconf 62' lang='lat'>‘¹0</span> <span class='ocrx_word' id='word_1_287' title='bbox 320 2762 498 2856; x_wconf 63' lang='lat' dir='ltr'>¹¹¹¹3ll¹¹¹¹⁰</span> <span class='ocrx_word' id='word_1_288' title='bbox 528 2762 796 2859; x_wconf 66' lang='lat' dir='ltr'>N⁰³¹¹¹¹¹³⁰¹l⁰i</span> <span class='ocrx_word' id='word_1_289' title='bbox 840 2767 1009 2843; x_wconf 57' lang='lat' dir='ltr'>&#39;emm</span> <span class='ocrx_word' id='word_1_290' title='bbox 1041 2787 1066 2837; x_wconf 64' lang='grc' dir='ltr'><em>α</em></span> <span class='ocrx_word' id='word_1_291' title='bbox 1214 2800 1288 2873; x_wconf 89' lang='lat' dir='ltr'>Nec</span> <span class='ocrx_word' id='word_1_292' title='bbox 1311 2825 1395 2874; x_wconf 91' lang='lat' dir='ltr'>vero</span> <span class='ocrx_word' id='word_1_293' title='bbox 1417 2802 1605 2898; x_wconf 90' lang='lat' dir='ltr'>quicquam</span> <span class='ocrx_word' id='word_1_294' title='bbox 1628 2806 1767 2880; x_wconf 93' lang='lat' dir='ltr'>dulcius</span> <span class='ocrx_word' id='word_1_295' title='bbox 1789 2826 1858 2898; x_wconf 89' lang='lat' dir='ltr'>est,</span> <span class='ocrx_word' id='word_1_296' title='bbox 1890 2839 1997 2910; x_wconf 86' lang='lat' dir='ltr'>quam</span> <span class='ocrx_word' id='word_1_297' title='bbox 2022 2843 2103 2892; x_wconf 88' lang='lat' dir='ltr'>cum</span> 
     </span>
    </p>
   </div>
   <div class='ocr_carea' id='block_1_4' title="bbox 157 2859 2103 3002">
    <p class='ocr_par' dir='ltr' id='par_1_5' title="bbox 157 2859 2103 3002">
     <span class='ocr_line' id='line_1_27' title="bbox 157 2859 2103 3002; baseline 0.026 -59"><span class='ocrx_word' id='word_1_298' title='bbox 157 2861 323 2938; x_wconf 72' lang='grc' dir='ltr'><strong><em>Ιαθθῦθ</em></strong></span> <span class='ocrx_word' id='word_1_299' title='bbox 358 2859 594 2950; x_wconf 66' lang='lat' dir='ltr'>lle⁰¹¹n¹¹¹⁰</span> <span class='ocrx_word' id='word_1_300' title='bbox 639 2866 856 2958; x_wconf 68' lang='lat' dir='ltr'>A¹¹⁸¹¹¹⁰⁶⁰a</span> <span class='ocrx_word' id='word_1_301' title='bbox 896 2867 1065 2960; x_wconf 61' lang='lat' dir='ltr'>”emt</span> <span class='ocrx_word' id='word_1_302' title='bbox 1115 2901 1187 2975; x_wconf 93' lang='lat' dir='ltr'>illis</span> <span class='ocrx_word' id='word_1_303' title='bbox 1200 2903 1288 2974; x_wconf 91' lang='lat' dir='ltr'>viris</span> <span class='ocrx_word' id='word_1_304' title='bbox 1303 2904 1403 2998; x_wconf 92' lang='lat' dir='ltr'>quasi</span> <span class='ocrx_word' id='word_1_305' title='bbox 1417 2905 1586 3001; x_wconf 91' lang='lat' dir='ltr'>colloqui,</span> <span class='ocrx_word' id='word_1_306' title='bbox 1612 2911 1708 3002; x_wconf 90' lang='lat' dir='ltr'>quod</span> <span class='ocrx_word' id='word_1_307' title='bbox 1723 2911 1777 2998; x_wconf 87' lang='lat' dir='ltr'>ht,</span> <span class='ocrx_word' id='word_1_308' title='bbox 1799 2937 1880 2986; x_wconf 87' lang='lat' dir='ltr'>cum</span> <span class='ocrx_word' id='word_1_309' title='bbox 1896 2918 1936 2988; x_wconf 88' lang='lat' dir='ltr'>in</span> <span class='ocrx_word' id='word_1_310' title='bbox 1950 2915 2005 2990; x_wconf 90' lang='lat' dir='ltr'>his</span> <span class='ocrx_word' id='word_1_311' title='bbox 2019 2946 2103 2993; x_wconf 88' lang='lat' dir='ltr'>nar-</span> 
     </span>
    </p>
   </div>
   <div class='ocr_carea' id='block_1_5' title="bbox 130 2963 2107 5337">
    <p class='ocr_par' dir='ltr' id='par_1_6' title="bbox 130 2963 2107 5337">
     <span class='ocr_line' id='line_1_28' title="bbox 142 2963 2105 3101; baseline 0.011 -28"><span class='ocrx_word' id='word_1_312' title='bbox 142 3068 163 3085; x_wconf 25' lang='grc' dir='ltr'>κ</span> <span class='ocrx_word' id='word_1_313' title='bbox 414 2964 476 3039; x_wconf 69' lang='lat'>²⁰·</span> <span class='ocrx_word' id='word_1_314' title='bbox 489 2963 595 3038; x_wconf 61' lang='grc' dir='ltr'>Μ’·</span> <span class='ocrx_word' id='word_1_315' title='bbox 613 2964 724 3042; x_wconf 67' lang='grc'><strong>1558·</strong></span> <span class='ocrx_word' id='word_1_316' title='bbox 1115 3005 1315 3079; x_wconf 89' lang='lat' dir='ltr'>rationibus</span> <span class='ocrx_word' id='word_1_317' title='bbox 1328 3006 1580 3080; x_wconf 84' lang='lat' dir='ltr'>confirmamur</span> <span class='ocrx_word' id='word_1_318' title='bbox 1595 3010 1752 3101; x_wconf 91' lang='lat' dir='ltr'>ipsorum</span> <span class='ocrx_word' id='word_1_319' title='bbox 1776 3020 1961 3089; x_wconf 84' lang='lat' dir='ltr'>sententiis</span> <span class='ocrx_word' id='word_1_320' title='bbox 1977 3022 2022 3091; x_wconf 90' lang='lat' dir='ltr'>de</span> <span class='ocrx_word' id='word_1_321' title='bbox 2037 3026 2105 3094; x_wconf 91' lang='lat' dir='ltr'>do·</span> 
     </span>
     <span class='ocr_line' id='line_1_29' title="bbox 131 3107 2104 3207; baseline 0.005 -22"><span class='ocrx_word' id='word_1_322' title='bbox 131 3124 259 3185; x_wconf 76' lang='lat' dir='ltr'>nessae</span> <span class='ocrx_word' id='word_1_323' title='bbox 281 3134 404 3182; x_wconf 90' lang='lat' dir='ltr'>causae</span> <span class='ocrx_word' id='word_1_324' title='bbox 424 3125 508 3183; x_wconf 89' lang='lat' dir='ltr'>sunt</span> <span class='ocrx_word' id='word_1_325' title='bbox 531 3107 661 3184; x_wconf 89' lang='lat' dir='ltr'>homm</span> <span class='ocrx_word' id='word_1_326' title='bbox 685 3137 959 3207; x_wconf 66' lang='lat' dir='ltr'>congressuum,</span> <span class='ocrx_word' id='word_1_327' title='bbox 981 3139 1064 3186; x_wconf 91' lang='lat' dir='ltr'>nam</span> <span class='ocrx_word' id='word_1_328' title='bbox 1115 3108 1245 3193; x_wconf 87' lang='lat' dir='ltr'>ctrina,</span> <span class='ocrx_word' id='word_1_329' title='bbox 1277 3121 1312 3179; x_wconf 90' lang='lat' dir='ltr'>et</span> <span class='ocrx_word' id='word_1_330' title='bbox 1336 3108 1524 3199; x_wconf 86' lang='lat' dir='ltr'>exemplis,</span> <span class='ocrx_word' id='word_1_331' title='bbox 1557 3135 1647 3203; x_wconf 90' lang='lat' dir='ltr'>quae</span> <span class='ocrx_word' id='word_1_332' title='bbox 1670 3112 1710 3182; x_wconf 90' lang='lat' dir='ltr'>in</span> <span class='ocrx_word' id='word_1_333' title='bbox 1732 3113 1909 3189; x_wconf 87' lang='lat' dir='ltr'>similibus</span> <span class='ocrx_word' id='word_1_334' title='bbox 1924 3126 2104 3194; x_wconf 88' lang='lat' dir='ltr'>aerumnis</span> 
     </span>
     <span class='ocr_line' id='line_1_30' title="bbox 131 3208 2105 3315; baseline 0.006 -31"><span class='ocrx_word' id='word_1_335' title='bbox 131 3212 432 3288; x_wconf 81' lang='lat' dir='ltr'>renunciationem</span> <span class='ocrx_word' id='word_1_336' title='bbox 447 3214 733 3286; x_wconf 87' lang='lat' dir='ltr'>testimoniorum</span> <span class='ocrx_word' id='word_1_337' title='bbox 748 3219 847 3287; x_wconf 88' lang='lat' dir='ltr'>decet</span> <span class='ocrx_word' id='word_1_338' title='bbox 856 3239 930 3286; x_wconf 84' lang='lat' dir='ltr'>esse</span> <span class='ocrx_word' id='word_1_339' title='bbox 944 3218 1065 3308; x_wconf 91' lang='lat' dir='ltr'>publi·</span> <span class='ocrx_word' id='word_1_340' title='bbox 1114 3221 1177 3280; x_wconf 69' lang='lat' dir='ltr'>sut</span> <span class='ocrx_word' id='word_1_341' title='bbox 1191 3208 1379 3278; x_wconf 78' lang='lat' dir='ltr'>consilium</span> <span class='ocrx_word' id='word_1_342' title='bbox 1395 3211 1606 3297; x_wconf 82' lang='lat' dir='ltr'>ostendunt,</span> <span class='ocrx_word' id='word_1_343' title='bbox 1630 3227 1692 3284; x_wconf 91' lang='lat' dir='ltr'>aut</span> <span class='ocrx_word' id='word_1_344' title='bbox 1713 3227 1807 3285; x_wconf 88' lang='lat' dir='ltr'>certe</span> <span class='ocrx_word' id='word_1_345' title='bbox 1821 3220 2036 3315; x_wconf 67' lang='lat' dir='ltr'>moesticiam</span> <span class='ocrx_word' id='word_1_346' title='bbox 2051 3226 2105 3296; x_wconf 90' lang='lat' dir='ltr'>le·</span> 
     </span>
     <span class='ocr_line' id='line_1_31' title="bbox 131 3307 2104 3410; baseline 0.004 -21"><span class='ocrx_word' id='word_1_347' title='bbox 131 3342 169 3405; x_wconf 87' lang='lat' dir='ltr'>r,</span> <span class='ocrx_word' id='word_1_348' title='bbox 206 3329 241 3387; x_wconf 88' lang='lat' dir='ltr'>ct</span> <span class='ocrx_word' id='word_1_349' title='bbox 264 3315 454 3384; x_wconf 90' lang='lat' dir='ltr'>convenire</span> <span class='ocrx_word' id='word_1_350' title='bbox 484 3338 586 3387; x_wconf 89' lang='lat' dir='ltr'>senes</span> <span class='ocrx_word' id='word_1_351' title='bbox 611 3328 781 3410; x_wconf 90' lang='lat' dir='ltr'>tanquam</span> <span class='ocrx_word' id='word_1_352' title='bbox 812 3339 995 3400; x_wconf 90' lang='lat' dir='ltr'>censores,</span> <span class='ocrx_word' id='word_1_353' title='bbox 1025 3331 1066 3389; x_wconf 92' lang='lat' dir='ltr'>ut</span> <span class='ocrx_word' id='word_1_354' title='bbox 1114 3308 1233 3380; x_wconf 71' lang='lat' dir='ltr'>nlunlo</span> <span class='ocrx_word' id='word_1_355' title='bbox 1290 3307 1465 3379; x_wconf 90' lang='lat' dir='ltr'>Videmur</span> <span class='ocrx_word' id='word_1_356' title='bbox 1484 3310 1581 3380; x_wconf 70' lang='lat' dir='ltr'>enim</span> <span class='ocrx_word' id='word_1_357' title='bbox 1612 3311 1744 3384; x_wconf 73' lang='lat' dir='ltr'>iniuste</span> <span class='ocrx_word' id='word_1_358' title='bbox 1774 3330 1912 3407; x_wconf 85' lang='lat' dir='ltr'>petere,</span> <span class='ocrx_word' id='word_1_359' title='bbox 1944 3336 1984 3394; x_wconf 85' lang='lat' dir='ltr'>ut</span> <span class='ocrx_word' id='word_1_360' title='bbox 2008 3340 2104 3398; x_wconf 82' lang='lat' dir='ltr'>extra</span> 
     </span>
     <span class='ocr_line' id='line_1_32' title="bbox 130 3409 2104 3510; baseline 0.005 -20"><span class='ocrx_word' id='word_1_361' title='bbox 130 3418 221 3490; x_wconf 88' lang='lat' dir='ltr'>liant</span> <span class='ocrx_word' id='word_1_362' title='bbox 240 3417 360 3510; x_wconf 87' lang='lat' dir='ltr'>qn&#39;alia</span> <span class='ocrx_word' id='word_1_363' title='bbox 383 3417 456 3487; x_wconf 91' lang='lat' dir='ltr'>sint</span> <span class='ocrx_word' id='word_1_364' title='bbox 470 3416 654 3488; x_wconf 89' lang='lat' dir='ltr'>iuniorum</span> <span class='ocrx_word' id='word_1_365' title='bbox 672 3419 812 3504; x_wconf 92' lang='lat' dir='ltr'>studia,</span> <span class='ocrx_word' id='word_1_366' title='bbox 837 3418 926 3488; x_wconf 89' lang='lat' dir='ltr'>utile</span> <span class='ocrx_word' id='word_1_367' title='bbox 941 3433 1010 3504; x_wconf 91' lang='lat' dir='ltr'>est,</span> <span class='ocrx_word' id='word_1_368' title='bbox 1030 3433 1065 3490; x_wconf 89' lang='lat' dir='ltr'>et</span> <span class='ocrx_word' id='word_1_369' title='bbox 1115 3433 1339 3481; x_wconf 75' lang='lat' dir='ltr'>communem</span> <span class='ocrx_word' id='word_1_370' title='bbox 1363 3409 1465 3504; x_wconf 75' lang='lat' dir='ltr'>qussi</span> <span class='ocrx_word' id='word_1_371' title='bbox 1486 3410 1620 3503; x_wconf 76' lang='lat' dir='ltr'>legem,</span> <span class='ocrx_word' id='word_1_372' title='bbox 1652 3414 1757 3487; x_wconf 89' lang='lat' dir='ltr'>nohis</span> <span class='ocrx_word' id='word_1_373' title='bbox 1771 3413 1867 3490; x_wconf 89' lang='lat' dir='ltr'>nihil</span> <span class='ocrx_word' id='word_1_374' title='bbox 1882 3421 2030 3496; x_wconf 89' lang='lat' dir='ltr'>insuave</span> <span class='ocrx_word' id='word_1_375' title='bbox 2045 3451 2104 3500; x_wconf 86' lang='lat' dir='ltr'>ao-</span> 
     </span>
     <span class='ocr_line' id='line_1_33' title="bbox 131 3511 2104 3633; baseline 0.005 -39"><span class='ocrx_word' id='word_1_376' title='bbox 131 3533 371 3611; x_wconf 86' lang='lat' dir='ltr'>sconspectus</span> <span class='ocrx_word' id='word_1_377' title='bbox 393 3518 588 3601; x_wconf 67' lang='lat' dir='ltr'>multorum</span> <span class='ocrx_word' id='word_1_378' title='bbox 612 3520 833 3592; x_wconf 78' lang='lat' dir='ltr'>eruditorum</span> <span class='ocrx_word' id='word_1_379' title='bbox 857 3520 895 3589; x_wconf 90' lang='lat' dir='ltr'>in</span> <span class='ocrx_word' id='word_1_380' title='bbox 912 3515 977 3590; x_wconf 88' lang='lat' dir='ltr'>hae</span> <span class='ocrx_word' id='word_1_381' title='bbox 993 3521 1065 3591; x_wconf 84' lang='lat' dir='ltr'>sre-</span> <span class='ocrx_word' id='word_1_382' title='bbox 1115 3513 1230 3597; x_wconf 89' lang='lat' dir='ltr'>cidat,</span> <span class='ocrx_word' id='word_1_383' title='bbox 1255 3534 1336 3582; x_wconf 67' lang='lat' dir='ltr'><strong>0¹¹¹ss</strong></span> <span class='ocrx_word' id='word_1_384' title='bbox 1351 3511 1496 3605; x_wconf 70' lang='lat' dir='ltr'><strong>q⁰¹¹¹⁸¹¹¹</strong></span> <span class='ocrx_word' id='word_1_385' title='bbox 1511 3512 1681 3633; x_wconf 64' lang='lat' dir='ltr'>⁸⁶¹⁸{n⁰⁸s</span> <span class='ocrx_word' id='word_1_386' title='bbox 1701 3539 1812 3610; x_wconf 66' lang='lat' dir='ltr'>qum</span> <span class='ocrx_word' id='word_1_387' title='bbox 1830 3534 1903 3594; x_wconf 74' lang='lat'><strong>¹⁰¹¹</strong></span> <span class='ocrx_word' id='word_1_388' title='bbox 1916 3521 2104 3599; x_wconf 78' lang='lat' dir='ltr'>bominum</span> 
     </span>
     <span class='ocr_line' id='line_1_34' title="bbox 131 3613 2105 3712; baseline 0.002 -15"><span class='ocrx_word' id='word_1_389' title='bbox 131 3622 218 3697; x_wconf 75' lang='lat' dir='ltr'>entia</span> <span class='ocrx_word' id='word_1_390' title='bbox 232 3622 392 3692; x_wconf 86' lang='lat' dir='ltr'>accendit</span> <span class='ocrx_word' id='word_1_391' title='bbox 405 3620 543 3693; x_wconf 87' lang='lat' dir='ltr'>animos</span> <span class='ocrx_word' id='word_1_392' title='bbox 558 3621 741 3693; x_wconf 90' lang='lat' dir='ltr'>iuniorum</span> <span class='ocrx_word' id='word_1_393' title='bbox 756 3626 801 3693; x_wconf 92' lang='lat' dir='ltr'>ad</span> <span class='ocrx_word' id='word_1_394' title='bbox 816 3622 1063 3712; x_wconf 84' lang='lat' dir='ltr'>cogitationem</span> <span class='ocrx_word' id='word_1_395' title='bbox 1115 3628 1240 3686; x_wconf 80' lang='lat' dir='ltr'>natura</span> <span class='ocrx_word' id='word_1_396' title='bbox 1255 3613 1459 3704; x_wconf 89' lang='lat' dir='ltr'>ingentibus</span> <span class='ocrx_word' id='word_1_397' title='bbox 1478 3614 1632 3685; x_wconf 86' lang='lat' dir='ltr'>miserris</span> <span class='ocrx_word' id='word_1_398' title='bbox 1651 3633 1795 3692; x_wconf 89' lang='lat' dir='ltr'>onerata</span> <span class='ocrx_word' id='word_1_399' title='bbox 1812 3622 1878 3710; x_wconf 90' lang='lat' dir='ltr'>sit,</span> <span class='ocrx_word' id='word_1_400' title='bbox 1905 3639 1940 3697; x_wconf 89' lang='lat' dir='ltr'>et</span> <span class='ocrx_word' id='word_1_401' title='bbox 1953 3627 2035 3700; x_wconf 89' lang='lat' dir='ltr'>illos</span> <span class='ocrx_word' id='word_1_402' title='bbox 2049 3630 2105 3700; x_wconf 90' lang='lat' dir='ltr'>vi-</span> 
     </span>
     <span class='ocr_line' id='line_1_35' title="bbox 150 3715 1700 3837; baseline -0.006 -40"><span class='ocrx_word' id='word_1_403' title='bbox 150 3722 280 3797; x_wconf 88' lang='lat' dir='ltr'>studiis</span> <span class='ocrx_word' id='word_1_404' title='bbox 315 3721 510 3799; x_wconf 86' lang='lat' dir='ltr'>doctrinae.</span> <span class='ocrx_word' id='word_1_405' title='bbox 574 3722 818 3796; x_wconf 82' lang='lat' dir='ltr'>Convenimus</span> <span class='ocrx_word' id='word_1_406' title='bbox 844 3737 961 3796; x_wconf 91' lang='lat' dir='ltr'>autem</span> <span class='ocrx_word' id='word_1_407' title='bbox 989 3718 1062 3795; x_wconf 86' lang='lat' dir='ltr'>non</span> <span class='ocrx_word' id='word_1_408' title='bbox 1114 3738 1174 3788; x_wconf 90' lang='lat' dir='ltr'>ros</span> <span class='ocrx_word' id='word_1_409' title='bbox 1190 3715 1550 3836; x_wconf 65' lang='lat' dir='ltr'>melioresaspepiqra</span> <span class='ocrx_word' id='word_1_410' title='bbox 1566 3717 1700 3837; x_wconf 71' lang='lat' dir='ltr'>tulisse.</span> 
     </span>
     <span class='ocr_line' id='line_1_36' title="bbox 131 3813 2105 3917; baseline 0.005 -23"><span class='ocrx_word' id='word_1_411' title='bbox 131 3840 213 3901; x_wconf 71' lang='lat' dir='ltr'>vtum</span> <span class='ocrx_word' id='word_1_412' title='bbox 234 3826 280 3894; x_wconf 94' lang='lat' dir='ltr'>ad</span> <span class='ocrx_word' id='word_1_413' title='bbox 303 3820 389 3895; x_wconf 90' lang='lat' dir='ltr'>haec</span> <span class='ocrx_word' id='word_1_414' title='bbox 409 3826 626 3917; x_wconf 84' lang='lat' dir='ltr'>spectacula,</span> <span class='ocrx_word' id='word_1_415' title='bbox 658 3829 719 3897; x_wconf 89' lang='lat' dir='ltr'>sed</span> <span class='ocrx_word' id='word_1_416' title='bbox 741 3826 854 3897; x_wconf 90' lang='lat' dir='ltr'>multo</span> <span class='ocrx_word' id='word_1_417' title='bbox 883 3826 994 3917; x_wconf 87' lang='lat' dir='ltr'>magis</span> <span class='ocrx_word' id='word_1_418' title='bbox 1017 3828 1061 3898; x_wconf 93' lang='lat' dir='ltr'>ad</span> <span class='ocrx_word' id='word_1_419' title='bbox 1218 3816 1332 3890; x_wconf 84' lang='lat' dir='ltr'>Acin</span> <span class='ocrx_word' id='word_1_420' title='bbox 1355 3837 1432 3908; x_wconf 89' lang='lat' dir='ltr'>rpso</span> <span class='ocrx_word' id='word_1_421' title='bbox 1455 3819 1560 3891; x_wconf 86' lang='lat' dir='ltr'>rurtio</span> <span class='ocrx_word' id='word_1_422' title='bbox 1584 3813 1693 3892; x_wconf 90' lang='lat' dir='ltr'>hurns</span> <span class='ocrx_word' id='word_1_423' title='bbox 1714 3815 1881 3896; x_wconf 89' lang='lat' dir='ltr'>historiae</span> <span class='ocrx_word' id='word_1_424' title='bbox 1898 3823 1966 3901; x_wconf 91' lang='lat' dir='ltr'>hoc</span> <span class='ocrx_word' id='word_1_425' title='bbox 1988 3854 2105 3903; x_wconf 84' lang='lat' dir='ltr'>exem-</span> 
     </span>
     <span class='ocr_line' id='line_1_37' title="bbox 131 3918 2105 4018; baseline 0.01 -32"><span class='ocrx_word' id='word_1_426' title='bbox 131 3925 324 4000; x_wconf 60' lang='lat' dir='ltr'>mfionem,</span> <span class='ocrx_word' id='word_1_427' title='bbox 377 3924 498 4016; x_wconf 69' lang='lat' dir='ltr'>Quare</span> <span class='ocrx_word' id='word_1_428' title='bbox 518 3927 623 4001; x_wconf 74' lang='lat' dir='ltr'>initio</span> <span class='ocrx_word' id='word_1_429' title='bbox 646 3929 691 3999; x_wconf 79' lang='lat' dir='ltr'>ad</span> <span class='ocrx_word' id='word_1_430' title='bbox 713 3923 806 3999; x_wconf 64' lang='lat' dir='ltr'>hanc</span> <span class='ocrx_word' id='word_1_431' title='bbox 831 3952 946 3998; x_wconf 75' lang='lat' dir='ltr'>meam</span> <span class='ocrx_word' id='word_1_432' title='bbox 966 3952 1064 3999; x_wconf 85' lang='lat' dir='ltr'>com.</span> <span class='ocrx_word' id='word_1_433' title='bbox 1114 3922 1214 4015; x_wconf 85' lang='lat' dir='ltr'>plum</span> <span class='ocrx_word' id='word_1_434' title='bbox 1229 3918 1335 3989; x_wconf 66' lang='lat' dir='ltr'>nobit</span> <span class='ocrx_word' id='word_1_435' title='bbox 1348 3932 1487 4008; x_wconf 69' lang='lat' dir='ltr'>graium</span> <span class='ocrx_word' id='word_1_436' title='bbox 1504 3942 1578 3991; x_wconf 55' lang='grc' dir='ltr'>ἐμὲ</span> <span class='ocrx_word' id='word_1_437' title='bbox 1600 3921 1731 4008; x_wconf 80' lang='lat' dir='ltr'>debet,</span> <span class='ocrx_word' id='word_1_438' title='bbox 1750 3927 1846 4018; x_wconf 82' lang='lat' dir='ltr'>quod</span> <span class='ocrx_word' id='word_1_439' title='bbox 1863 3931 1993 4001; x_wconf 71' lang='lat' dir='ltr'>scimus</span> <span class='ocrx_word' id='word_1_440' title='bbox 2010 3931 2105 4005; x_wconf 70' lang='lat' dir='ltr'>Gre-</span> 
     </span>
     <span class='ocr_line' id='line_1_38' title="bbox 131 4018 2105 4145; baseline 0.001 -44"><span class='ocrx_word' id='word_1_441' title='bbox 131 4029 366 4101; x_wconf 83' lang='lat' dir='ltr'>morationem</span> <span class='ocrx_word' id='word_1_442' title='bbox 390 4029 541 4117; x_wconf 88' lang='lat' dir='ltr'>gemitus</span> <span class='ocrx_word' id='word_1_443' title='bbox 564 4044 598 4102; x_wconf 95' lang='lat' dir='ltr'>et</span> <span class='ocrx_word' id='word_1_444' title='bbox 618 4043 699 4101; x_wconf 89' lang='lat' dir='ltr'>vota</span> <span class='ocrx_word' id='word_1_445' title='bbox 724 4043 839 4102; x_wconf 87' lang='lat' dir='ltr'>vestra</span> <span class='ocrx_word' id='word_1_446' title='bbox 865 4029 1063 4122; x_wconf 86' lang='lat' dir='ltr'>adiungitc:</span> <span class='ocrx_word' id='word_1_447' title='bbox 1114 4020 1253 4116; x_wconf 81' lang='lat' dir='ltr'>gotium</span> <span class='ocrx_word' id='word_1_448' title='bbox 1275 4018 1540 4139; x_wconf 79' lang='lat' dir='ltr'>Nazianzenum</span> <span class='ocrx_word' id='word_1_449' title='bbox 1559 4032 1681 4141; x_wconf 74' lang='lat' dir='ltr'>natum</span> <span class='ocrx_word' id='word_1_450' title='bbox 1704 4046 1780 4143; x_wconf 70' lang='lat' dir='ltr'>esse</span> <span class='ocrx_word' id='word_1_451' title='bbox 1796 4040 1894 4145; x_wconf 76' lang='lat' dir='ltr'>patre</span> <span class='ocrx_word' id='word_1_452' title='bbox 1914 4027 2105 4123; x_wconf 85' lang='lat' dir='ltr'>Episcopo,</span> 
     </span>
     <span class='ocr_line' id='line_1_39' title="bbox 131 4121 2103 4246; baseline -0.001 -41"><span class='ocrx_word' id='word_1_453' title='bbox 131 4131 219 4205; x_wconf 78' lang='lat' dir='ltr'>estas</span> <span class='ocrx_word' id='word_1_454' title='bbox 233 4132 369 4220; x_wconf 85' lang='lat' dir='ltr'>agimus</span> <span class='ocrx_word' id='word_1_455' title='bbox 385 4130 465 4200; x_wconf 91' lang='lat' dir='ltr'>Deo</span> <span class='ocrx_word' id='word_1_456' title='bbox 482 4145 643 4215; x_wconf 90' lang='lat' dir='ltr'>aeterno,</span> <span class='ocrx_word' id='word_1_457' title='bbox 676 4133 767 4224; x_wconf 91' lang='lat' dir='ltr'>patri</span> <span class='ocrx_word' id='word_1_458' title='bbox 781 4128 928 4203; x_wconf 91' lang='lat' dir='ltr'>Domini</span> <span class='ocrx_word' id='word_1_459' title='bbox 949 4133 1062 4204; x_wconf 89' lang='lat' dir='ltr'>nostri</span> <span class='ocrx_word' id='word_1_460' title='bbox 1115 4138 1150 4198; x_wconf 86' lang='lat' dir='ltr'>et</span> <span class='ocrx_word' id='word_1_461' title='bbox 1164 4121 1288 4195; x_wconf 85' lang='lat' dir='ltr'>scribit</span> <span class='ocrx_word' id='word_1_462' title='bbox 1304 4121 1379 4213; x_wconf 88' lang='lat' dir='ltr'>ipse</span> <span class='ocrx_word' id='word_1_463' title='bbox 1394 4134 1466 4193; x_wconf 92' lang='lat' dir='ltr'>tam</span> <span class='ocrx_word' id='word_1_464' title='bbox 1479 4122 1687 4240; x_wconf 34' lang='lat' dir='ltr'>lelrrolnrsse</span> <span class='ocrx_word' id='word_1_465' title='bbox 1700 4148 1923 4246; x_wconf 83' lang='lat' dir='ltr'>conrngrum,</span> <span class='ocrx_word' id='word_1_466' title='bbox 1949 4146 1989 4202; x_wconf 91' lang='lat' dir='ltr'>ut</span> <span class='ocrx_word' id='word_1_467' title='bbox 2005 4134 2103 4204; x_wconf 86' lang='lat' dir='ltr'>aliud</span> 
     </span>
     <span class='ocr_line' id='line_1_40' title="bbox 131 4222 2103 4348; baseline 0 -42"><span class='ocrx_word' id='word_1_468' title='bbox 131 4258 156 4309; x_wconf 90' lang='lat' dir='ltr'>n</span> <span class='ocrx_word' id='word_1_469' title='bbox 174 4227 331 4318; x_wconf 84' lang='lat' dir='ltr'>Christi,</span> <span class='ocrx_word' id='word_1_470' title='bbox 364 4232 512 4304; x_wconf 87' lang='lat' dir='ltr'>creatori</span> <span class='ocrx_word' id='word_1_471' title='bbox 535 4233 673 4323; x_wconf 88' lang='lat' dir='ltr'>generis</span> <span class='ocrx_word' id='word_1_472' title='bbox 695 4227 865 4319; x_wconf 87' lang='lat' dir='ltr'>humaui,</span> <span class='ocrx_word' id='word_1_473' title='bbox 893 4257 1061 4305; x_wconf 90' lang='lat' dir='ltr'>unacum</span> <span class='ocrx_word' id='word_1_474' title='bbox 1115 4223 1345 4318; x_wconf 89' lang='lat' dir='ltr'>tranquillius</span> <span class='ocrx_word' id='word_1_475' title='bbox 1365 4247 1440 4293; x_wconf 92' lang='lat' dir='ltr'>non</span> <span class='ocrx_word' id='word_1_476' title='bbox 1463 4224 1605 4341; x_wconf 71' lang='lat' dir='ltr'>vadent.</span> <span class='ocrx_word' id='word_1_477' title='bbox 1665 4222 1830 4346; x_wconf 45' lang='lat' dir='ltr'>Matrem·</span> <span class='ocrx_word' id='word_1_478' title='bbox 1844 4242 1949 4348; x_wconf 68' lang='lat' dir='ltr'>etram</span> <span class='ocrx_word' id='word_1_479' title='bbox 1971 4249 2103 4320; x_wconf 85' lang='lat' dir='ltr'>narrat,</span> 
     </span>
     <span class='ocr_line' id='line_1_41' title="bbox 131 4325 2104 4445; baseline 0 -36"><span class='ocrx_word' id='word_1_480' title='bbox 131 4362 147 4409; x_wconf 89' lang='lat' dir='ltr'>o</span> <span class='ocrx_word' id='word_1_481' title='bbox 184 4358 250 4406; x_wconf 89' lang='lat' dir='ltr'>suo</span> <span class='ocrx_word' id='word_1_482' title='bbox 270 4331 427 4405; x_wconf 91' lang='lat' dir='ltr'>Domino</span> <span class='ocrx_word' id='word_1_483' title='bbox 456 4348 578 4406; x_wconf 90' lang='lat' dir='ltr'>nostro</span> <span class='ocrx_word' id='word_1_484' title='bbox 603 4333 683 4407; x_wconf 89' lang='lat' dir='ltr'>lesu</span> <span class='ocrx_word' id='word_1_485' title='bbox 704 4329 847 4406; x_wconf 89' lang='lat' dir='ltr'>Christo</span> <span class='ocrx_word' id='word_1_486' title='bbox 868 4348 912 4406; x_wconf 93' lang='lat' dir='ltr'>et·</span> <span class='ocrx_word' id='word_1_487' title='bbox 926 4331 1064 4427; x_wconf 87' lang='lat' dir='ltr'>Spiritu</span> <span class='ocrx_word' id='word_1_488' title='bbox 1116 4327 1200 4424; x_wconf 82' lang='lat' dir='ltr'>quia</span> <span class='ocrx_word' id='word_1_489' title='bbox 1226 4337 1371 4418; x_wconf 80' lang='lat' dir='ltr'>propter</span> <span class='ocrx_word' id='word_1_490' title='bbox 1397 4325 1624 4423; x_wconf 69' lang='lat' dir='ltr'>prudentiam</span> <span class='ocrx_word' id='word_1_491' title='bbox 1656 4337 1692 4398; x_wconf 88' lang='lat' dir='ltr'>et</span> <span class='ocrx_word' id='word_1_492' title='bbox 1718 4341 1957 4402; x_wconf 87' lang='lat' dir='ltr'>sanctrssrmos</span> <span class='ocrx_word' id='word_1_493' title='bbox 1988 4359 2104 4445; x_wconf 64' lang='lat' dir='ltr'>merges</span> 
     </span>
     <span class='ocr_line' id='line_1_42' title="bbox 131 4423 2105 4549; baseline 0.001 -40"><span class='ocrx_word' id='word_1_494' title='bbox 131 4452 214 4519; x_wconf 77' lang='lat' dir='ltr'>veto,</span> <span class='ocrx_word' id='word_1_495' title='bbox 242 4440 338 4530; x_wconf 92' lang='lat' dir='ltr'>quod</span> <span class='ocrx_word' id='word_1_496' title='bbox 361 4461 446 4506; x_wconf 89' lang='lat' dir='ltr'>voce</span> <span class='ocrx_word' id='word_1_497' title='bbox 468 4431 656 4526; x_wconf 83' lang='lat' dir='ltr'>Evangelii</span> <span class='ocrx_word' id='word_1_498' title='bbox 679 4436 773 4507; x_wconf 91' lang='lat' dir='ltr'>inter</span> <span class='ocrx_word' id='word_1_499' title='bbox 795 4460 862 4507; x_wconf 90' lang='lat' dir='ltr'>nos</span> <span class='ocrx_word' id='word_1_500' title='bbox 885 4451 1063 4508; x_wconf 87' lang='lat' dir='ltr'>aeternam</span> <span class='ocrx_word' id='word_1_501' title='bbox 1115 4426 1332 4520; x_wconf 79' lang='lat' dir='ltr'>magnarius</span> <span class='ocrx_word' id='word_1_502' title='bbox 1347 4425 1519 4497; x_wconf 90' lang='lat' dir='ltr'>autoritas</span> <span class='ocrx_word' id='word_1_503' title='bbox 1537 4426 1632 4545; x_wconf 81' lang='lat' dir='ltr'>apud</span> <span class='ocrx_word' id='word_1_504' title='bbox 1648 4450 1773 4545; x_wconf 76' lang='lat' dir='ltr'>omnes</span> <span class='ocrx_word' id='word_1_505' title='bbox 1791 4423 2105 4549; x_wconf 74' lang='lat' dir='ltr'>honestasmatro·</span> 
     </span>
     <span class='ocr_line' id='line_1_43' title="bbox 131 4527 2105 4647; baseline -0.001 -34"><span class='ocrx_word' id='word_1_506' title='bbox 131 4539 269 4613; x_wconf 88' lang='lat' dir='ltr'>rlesiam</span> <span class='ocrx_word' id='word_1_507' title='bbox 284 4537 437 4629; x_wconf 86' lang='lat' dir='ltr'>colligit,</span> <span class='ocrx_word' id='word_1_508' title='bbox 462 4550 497 4607; x_wconf 91' lang='lat' dir='ltr'>et</span> <span class='ocrx_word' id='word_1_509' title='bbox 512 4534 681 4609; x_wconf 88' lang='lat' dir='ltr'>hactenns</span> <span class='ocrx_word' id='word_1_510' title='bbox 699 4562 765 4609; x_wconf 92' lang='lat' dir='ltr'>nos</span> <span class='ocrx_word' id='word_1_511' title='bbox 782 4539 973 4609; x_wconf 88' lang='lat' dir='ltr'>clementer</span> <span class='ocrx_word' id='word_1_512' title='bbox 988 4562 1064 4609; x_wconf 90' lang='lat' dir='ltr'>ser·</span> <span class='ocrx_word' id='word_1_513' title='bbox 1116 4556 1180 4603; x_wconf 87' lang='lat' dir='ltr'>nas</span> <span class='ocrx_word' id='word_1_514' title='bbox 1202 4542 1297 4615; x_wconf 87' lang='lat' dir='ltr'>erat,</span> <span class='ocrx_word' id='word_1_515' title='bbox 1329 4527 1523 4647; x_wconf 68' lang='lat' dir='ltr'>multorum</span> <span class='ocrx_word' id='word_1_516' title='bbox 1545 4528 1775 4646; x_wconf 68' lang='lat' dir='ltr'>drssrdrorom</span> <span class='ocrx_word' id='word_1_517' title='bbox 1797 4554 1933 4609; x_wconf 88' lang='lat' dir='ltr'>semrna</span> <span class='ocrx_word' id='word_1_518' title='bbox 1953 4537 1993 4607; x_wconf 90' lang='lat' dir='ltr'>in</span> <span class='ocrx_word' id='word_1_519' title='bbox 2015 4541 2105 4611; x_wconf 88' lang='lat' dir='ltr'>urbe</span> 
     </span>
     <span class='ocr_line' id='line_1_44' title="bbox 131 4632 2062 4755; baseline -0.007 -40"><span class='ocrx_word' id='word_1_520' title='bbox 131 4640 189 4728; x_wconf 82' lang='lat' dir='ltr'>rit,</span> <span class='ocrx_word' id='word_1_521' title='bbox 212 4653 249 4712; x_wconf 87' lang='lat' dir='ltr'>et</span> <span class='ocrx_word' id='word_1_522' title='bbox 262 4639 378 4711; x_wconf 89' lang='lat' dir='ltr'>studia</span> <span class='ocrx_word' id='word_1_523' title='bbox 395 4640 578 4712; x_wconf 87' lang='lat' dir='ltr'>doctrinae</span> <span class='ocrx_word' id='word_1_524' title='bbox 591 4641 685 4732; x_wconf 87' lang='lat' dir='ltr'>apud</span> <span class='ocrx_word' id='word_1_525' title='bbox 702 4664 768 4710; x_wconf 90' lang='lat' dir='ltr'>nos</span> <span class='ocrx_word' id='word_1_526' title='bbox 782 4641 891 4725; x_wconf 82' lang='lat' dir='ltr'>rexit,</span> <span class='ocrx_word' id='word_1_527' title='bbox 913 4662 1064 4735; x_wconf 87' lang='lat' dir='ltr'>eumque</span> <span class='ocrx_word' id='word_1_528' title='bbox 1115 4632 1289 4706; x_wconf 81' lang='lat' dir='ltr'>Nazianra</span> <span class='ocrx_word' id='word_1_529' title='bbox 1308 4641 1343 4701; x_wconf 89' lang='lat' dir='ltr'>et</span> <span class='ocrx_word' id='word_1_530' title='bbox 1357 4649 1488 4699; x_wconf 88' lang='lat' dir='ltr'>vrcrma</span> <span class='ocrx_word' id='word_1_531' title='bbox 1503 4641 1699 4747; x_wconf 69' lang='lat' dir='ltr'>ertrnxrsse.</span> <span class='ocrx_word' id='word_1_532' title='bbox 1736 4731 1745 4750; x_wconf 31' lang='grc' dir='ltr'>ι</span> <span class='ocrx_word' id='word_1_533' title='bbox 2053 4738 2062 4755; x_wconf 44' lang='lat'><strong>·</strong></span> 
     </span>
     <span class='ocr_line' id='line_1_45' title="bbox 131 4727 2107 4857; baseline -0.005 -41"><span class='ocrx_word' id='word_1_534' title='bbox 131 4767 236 4828; x_wconf 83' lang='lat' dir='ltr'>unns,</span> <span class='ocrx_word' id='word_1_535' title='bbox 269 4754 311 4812; x_wconf 92' lang='lat' dir='ltr'>ut</span> <span class='ocrx_word' id='word_1_536' title='bbox 332 4741 495 4832; x_wconf 84' lang='lat' dir='ltr'>deinceps</span> <span class='ocrx_word' id='word_1_537' title='bbox 516 4765 584 4812; x_wconf 91' lang='lat' dir='ltr'>nos</span> <span class='ocrx_word' id='word_1_538' title='bbox 605 4754 719 4812; x_wconf 81' lang='lat' dir='ltr'>servet</span> <span class='ocrx_word' id='word_1_539' title='bbox 745 4754 779 4810; x_wconf 88' lang='lat' dir='ltr'>et</span> <span class='ocrx_word' id='word_1_540' title='bbox 807 4742 998 4831; x_wconf 87' lang='lat' dir='ltr'>gubernet,</span> <span class='ocrx_word' id='word_1_541' title='bbox 1029 4755 1066 4812; x_wconf 91' lang='lat' dir='ltr'>et</span> <span class='ocrx_word' id='word_1_542' title='bbox 1216 4728 1284 4804; x_wconf 90' lang='lat' dir='ltr'>Est</span> <span class='ocrx_word' id='word_1_543' title='bbox 1314 4742 1433 4800; x_wconf 87' lang='lat' dir='ltr'>autem</span> <span class='ocrx_word' id='word_1_544' title='bbox 1460 4727 1633 4848; x_wconf 65' lang='lat' dir='ltr'>Nazrsnza</span> <span class='ocrx_word' id='word_1_545' title='bbox 1660 4732 1833 4823; x_wconf 74' lang='lat' dir='ltr'>oppidum</span> <span class='ocrx_word' id='word_1_546' title='bbox 1861 4730 2107 4857; x_wconf 77' lang='lat' dir='ltr'>Cappsdpcsas</span> 
     </span>
     <span class='ocr_line' id='line_1_46' title="bbox 131 4829 2107 4951; baseline -0.003 -34"><span class='ocrx_word' id='word_1_547' title='bbox 131 4843 261 4917; x_wconf 88' lang='lat' dir='ltr'>nsinat</span> <span class='ocrx_word' id='word_1_548' title='bbox 279 4843 437 4933; x_wconf 81' lang='lat' dir='ltr'>extingui</span> <span class='ocrx_word' id='word_1_549' title='bbox 451 4844 567 4914; x_wconf 87' lang='lat' dir='ltr'>lucem</span> <span class='ocrx_word' id='word_1_550' title='bbox 589 4843 773 4914; x_wconf 87' lang='lat' dir='ltr'>doctrinae</span> <span class='ocrx_word' id='word_1_551' title='bbox 795 4866 898 4929; x_wconf 90' lang='lat' dir='ltr'>suae,</span> <span class='ocrx_word' id='word_1_552' title='bbox 922 4856 958 4914; x_wconf 92' lang='lat' dir='ltr'>et</span> <span class='ocrx_word' id='word_1_553' title='bbox 972 4866 1065 4914; x_wconf 90' lang='lat' dir='ltr'>sem-</span> <span class='ocrx_word' id='word_1_554' title='bbox 1118 4835 1276 4905; x_wconf 89' lang='lat' dir='ltr'>vicinum</span> <span class='ocrx_word' id='word_1_555' title='bbox 1303 4829 1510 4950; x_wconf 66' lang='lat' dir='ltr'>Caesareae,</span> <span class='ocrx_word' id='word_1_556' title='bbox 1551 4855 1589 4899; x_wconf 90' lang='lat' dir='ltr'>m</span> <span class='ocrx_word' id='word_1_557' title='bbox 1613 4845 1816 4951; x_wconf 38' lang='lat' dir='ltr'>quar-ratus</span> <span class='ocrx_word' id='word_1_558' title='bbox 1841 4849 1917 4906; x_wconf 90' lang='lat' dir='ltr'>erat</span> <span class='ocrx_word' id='word_1_559' title='bbox 1938 4833 2107 4927; x_wconf 86' lang='lat' dir='ltr'>Basrlrus‚</span> 
     </span>
     <span class='ocr_line' id='line_1_47' title="bbox 131 4925 2106 5053; baseline -0.004 -34"><span class='ocrx_word' id='word_1_560' title='bbox 131 4972 139 5019; x_wconf 87' lang='lat'>.·</span> <span class='ocrx_word' id='word_1_561' title='bbox 153 4946 330 5018; x_wconf 89' lang='lat' dir='ltr'>internos</span> <span class='ocrx_word' id='word_1_562' title='bbox 345 4959 523 5016; x_wconf 87' lang='lat' dir='ltr'>aeternam</span> <span class='ocrx_word' id='word_1_563' title='bbox 535 4941 731 5016; x_wconf 84' lang='lat' dir='ltr'>Ecclesiam</span> <span class='ocrx_word' id='word_1_564' title='bbox 750 4945 906 5034; x_wconf 82' lang='lat' dir='ltr'>colligat.</span> <span class='ocrx_word' id='word_1_565' title='bbox 1117 4960 1197 5010; x_wconf 89' lang='lat' dir='ltr'>enm</span> <span class='ocrx_word' id='word_1_566' title='bbox 1214 4957 1285 5028; x_wconf 90' lang='lat' dir='ltr'>qno</span> <span class='ocrx_word' id='word_1_567' title='bbox 1305 4945 1423 5050; x_wconf 77' lang='lat' dir='ltr'>postea</span> <span class='ocrx_word' id='word_1_568' title='bbox 1447 4925 1580 5050; x_wconf 77' lang='lat' dir='ltr'>humet</span> <span class='ocrx_word' id='word_1_569' title='bbox 1596 4946 1751 5003; x_wconf 88' lang='lat' dir='ltr'>amrcrtra</span> <span class='ocrx_word' id='word_1_570' title='bbox 1766 4949 1956 5053; x_wconf 81' lang='lat' dir='ltr'>perpetua,</span> <span class='ocrx_word' id='word_1_571' title='bbox 1982 4953 2015 5010; x_wconf 86' lang='lat' dir='ltr'>et</span> <span class='ocrx_word' id='word_1_572' title='bbox 2031 4955 2106 5011; x_wconf 89' lang='lat' dir='ltr'>stn-</span> 
     </span>
     <span class='ocr_line' id='line_1_48' title="bbox 176 5032 2107 5135; baseline -0.007 -14"><span class='ocrx_word' id='word_1_573' title='bbox 176 5044 317 5121; x_wconf 91' lang='lat' dir='ltr'>Deinde</span> <span class='ocrx_word' id='word_1_574' title='bbox 333 5071 413 5117; x_wconf 90' lang='lat' dir='ltr'>cum</span> <span class='ocrx_word' id='word_1_575' title='bbox 427 5040 574 5117; x_wconf 83' lang='lat' dir='ltr'>honeste</span> <span class='ocrx_word' id='word_1_576' title='bbox 589 5047 793 5118; x_wconf 89' lang='lat' dir='ltr'>institutum</span> <span class='ocrx_word' id='word_1_577' title='bbox 809 5045 876 5129; x_wconf 89' lang='lat' dir='ltr'>sit,</span> <span class='ocrx_word' id='word_1_578' title='bbox 899 5035 1065 5117; x_wconf 85' lang='lat' dir='ltr'>utihhis</span> <span class='ocrx_word' id='word_1_579' title='bbox 1118 5039 1261 5110; x_wconf 90' lang='lat' dir='ltr'>diorum</span> <span class='ocrx_word' id='word_1_580' title='bbox 1282 5049 1428 5105; x_wconf 85' lang='lat' dir='ltr'>socrctns</span> <span class='ocrx_word' id='word_1_581' title='bbox 1448 5032 1536 5117; x_wconf 87' lang='lat' dir='ltr'>lurt,</span> <span class='ocrx_word' id='word_1_582' title='bbox 1560 5046 1602 5103; x_wconf 91' lang='lat' dir='ltr'>ut</span> <span class='ocrx_word' id='word_1_583' title='bbox 1622 5046 1743 5124; x_wconf 84' lang='lat' dir='ltr'>postea</span> <span class='ocrx_word' id='word_1_584' title='bbox 1758 5037 1884 5110; x_wconf 85' lang='lat' dir='ltr'>dream.</span> <span class='ocrx_word' id='word_1_585' title='bbox 1935 5036 2026 5110; x_wconf 90' lang='lat' dir='ltr'>Cum</span> <span class='ocrx_word' id='word_1_586' title='bbox 2041 5065 2107 5135; x_wconf 80' lang='lat'><strong>⁸¹¹·</strong></span> 
     </span>
     <span class='ocr_line' id='line_1_49' title="bbox 131 5133 2107 5253; baseline -0.003 -34"><span class='ocrx_word' id='word_1_587' title='bbox 131 5149 324 5243; x_wconf 87' lang='lat' dir='ltr'>rgressibns</span> <span class='ocrx_word' id='word_1_588' title='bbox 347 5151 488 5219; x_wconf 91' lang='lat' dir='ltr'>dicatur</span> <span class='ocrx_word' id='word_1_589' title='bbox 508 5149 645 5242; x_wconf 90' lang='lat' dir='ltr'>aliquid</span> <span class='ocrx_word' id='word_1_590' title='bbox 668 5151 711 5220; x_wconf 89' lang='lat' dir='ltr'>ad</span> <span class='ocrx_word' id='word_1_591' title='bbox 728 5148 932 5218; x_wconf 82' lang='lat' dir='ltr'>excitandos</span> <span class='ocrx_word' id='word_1_592' title='bbox 945 5142 1066 5214; x_wconf 89' lang='lat' dir='ltr'>iunio·-</span> <span class='ocrx_word' id='word_1_593' title='bbox 1117 5154 1189 5211; x_wconf 89' lang='lat' dir='ltr'>tem</span> <span class='ocrx_word' id='word_1_594' title='bbox 1209 5135 1309 5211; x_wconf 92' lang='lat' dir='ltr'>domi</span> <span class='ocrx_word' id='word_1_595' title='bbox 1340 5133 1589 5253; x_wconf 74' lang='lat' dir='ltr'>aparentibus</span> <span class='ocrx_word' id='word_1_596' title='bbox 1618 5134 1768 5207; x_wconf 90' lang='lat' dir='ltr'>disceret</span> <span class='ocrx_word' id='word_1_597' title='bbox 1788 5133 2047 5233; x_wconf 86' lang='lat' dir='ltr'>Prophetarum</span> <span class='ocrx_word' id='word_1_598' title='bbox 2072 5157 2107 5214; x_wconf 92' lang='lat' dir='ltr'>et</span> 
     </span>
     <span class='ocr_line' id='line_1_50' title="bbox 131 5232 2106 5337; baseline -0.005 -14"><span class='ocrx_word' id='word_1_599' title='bbox 131 5252 197 5323; x_wconf 49' lang='lat' dir='ltr'>‚sd</span> <span class='ocrx_word' id='word_1_600' title='bbox 216 5251 443 5330; x_wconf 90' lang='lat' dir='ltr'>discendum,</span> <span class='ocrx_word' id='word_1_601' title='bbox 468 5262 530 5320; x_wconf 88' lang='lat' dir='ltr'>aut</span> <span class='ocrx_word' id='word_1_602' title='bbox 547 5251 592 5320; x_wconf 92' lang='lat' dir='ltr'>ad</span> <span class='ocrx_word' id='word_1_603' title='bbox 608 5250 795 5321; x_wconf 82' lang='lat' dir='ltr'>formanda</span> <span class='ocrx_word' id='word_1_604' title='bbox 819 5248 971 5330; x_wconf 88' lang='lat' dir='ltr'>iudicia,</span> <span class='ocrx_word' id='word_1_605' title='bbox 1002 5248 1065 5314; x_wconf 89' lang='lat' dir='ltr'>de·</span> <span class='ocrx_word' id='word_1_606' title='bbox 1118 5237 1371 5335; x_wconf 79' lang='lat' dir='ltr'>Apostolorum</span> <span class='ocrx_word' id='word_1_607' title='bbox 1409 5249 1667 5337; x_wconf 80' lang='lat' dir='ltr'>enarratrones,</span> <span class='ocrx_word' id='word_1_608' title='bbox 1712 5232 1891 5311; x_wconf 84' lang='lat' dir='ltr'>Ecclesiae</span> <span class='ocrx_word' id='word_1_609' title='bbox 1922 5235 2106 5315; x_wconf 89' lang='lat' dir='ltr'>historiam</span> 
     </span>
    </p>
   </div>
   <div class='ocr_carea' id='block_1_6' title="bbox 131 5337 2179 5510">
    <p class='ocr_par' dir='ltr' id='par_1_7' title="bbox 131 5337 2179 5510">
     <span class='ocr_line' id='line_1_51' title="bbox 131 5337 2179 5510; baseline -0.006 -84"><span class='ocrx_word' id='word_1_610' title='bbox 131 5353 172 5426; x_wconf 75' lang='lat' dir='ltr'>ui</span> <span class='ocrx_word' id='word_1_611' title='bbox 183 5348 369 5425; x_wconf 89' lang='lat' dir='ltr'>historiam</span> <span class='ocrx_word' id='word_1_612' title='bbox 382 5350 531 5425; x_wconf 91' lang='lat' dir='ltr'>recitare</span> <span class='ocrx_word' id='word_1_613' title='bbox 545 5348 950 5442; x_wconf 83' lang='lat' dir='ltr'>GregoriiNaaianzeui,</span> <span class='ocrx_word' id='word_1_614' title='bbox 974 5369 1065 5443; x_wconf 88' lang='lat' dir='ltr'>quae</span> <span class='ocrx_word' id='word_1_615' title='bbox 1117 5358 1153 5417; x_wconf 88' lang='lat' dir='ltr'>et</span> <span class='ocrx_word' id='word_1_616' title='bbox 1173 5339 1304 5416; x_wconf 87' lang='lat' dir='ltr'>iudicia</span> <span class='ocrx_word' id='word_1_617' title='bbox 1324 5337 1711 5510; x_wconf 54' lang='lat' dir='ltr'>sanctorurpssqirornm</span> <span class='ocrx_word' id='word_1_618' title='bbox 1727 5341 1773 5411; x_wconf 92' lang='lat' dir='ltr'>de</span> <span class='ocrx_word' id='word_1_619' title='bbox 1787 5342 2004 5432; x_wconf 89' lang='lat' dir='ltr'>gravissimis</span> <span class='ocrx_word' id='word_1_620' title='bbox 2020 5369 2106 5419; x_wconf 91' lang='lat' dir='ltr'>con·</span> <span class='ocrx_word' id='word_1_621' title='bbox 2175 5424 2179 5433; x_wconf 33' lang='grc' dir='ltr'>Ι</span> 
     </span>
    </p>
   </div>
   <div class='ocr_carea' id='block_1_7' title="bbox 0 0 2345 6036">
    <p class='ocr_par' dir='ltr' id='par_1_8' title="bbox 0 0 2345 6036">
     <span class='ocr_line' id='line_1_52' title="bbox 0 0 2345 6036; baseline 0 0"><span class='ocrx_word' id='word_1_622' title='bbox 0 0 2345 6036; x_wconf 95' lang='lat' dir='ltr'> </span> 
     </span>
    </p>
   </div>
  </div>
 </body>
</html>
