4680 6038
67 252 142 332 985
632 247 661 323 l.
713 239 1007 323 CHRONICON
1031 239 1280 321 CARlONlS.
1331 242 1459 322 PARS
1485 243 1534 324 lt.
2018 264 2093 340 986

170 425 324 497 Nicenae
343 420 482 519 Synodi
503 421 585 495 linis
605 419 733 493 incidit
750 419 788 490 in
803 442 936 490 annum
953 417 1049 486 vice·
1101 414 1181 488 Hoc
1205 432 1273 491 cst:
1301 416 1340 491 Si
1363 418 1442 514 quis
1455 415 1552 508 hoc,
1571 421 1760 523 suciamus
1782 420 1984 514 hominem,
2010 460 2086 508 nun

69 532 198 600 simum
221 528 376 620 primum
398 524 636 600 Constantini.
689 522 731 592 ln
754 546 889 594 annum
912 514 1047 591 Christi
1100 517 1240 591 Patrem
1258 525 1300 592 ad
1312 521 1444 592 Filium
1462 523 1602 614 dixisse,
1624 529 1683 604 sed
1701 529 1816 621 ipsum
1827 534 1870 603 ad
1886 534 2085 609 seseDeurn

68 629 352 702 trecentesimum
369 628 574 697 vicesimum
592 650 741 696 nonum.
1098 622 1246 710 dixisse,
1271 620 1459 697 anathema
1477 627 1534 700 sit·
1561 710 1566 722 ,

170 732 279 803 Anno
304 730 479 801 tricesimo
499 726 738 803 Constantini.
789 723 899 797 Anno
913 718 1048 793 Christi

67 835 311 907 trecentesimo
334 832 512 905 tricesimo
535 855 630 901 nono
653 827 721 901 fuit
738 828 905 924 Synodus
923 823 1046 920 Tyria,
1437 824 1480 891 Π.
1530 825 1755 895 Decretum.

66 949 285 1027 et·receptus
308 948 359 1005 est
374 931 502 1019 Arius,
528 934 592 1028 qui
615 946 733 1003 tamen
755 933 941 1025 aliquanto
965 939 1046 1021 post
1200 971 1251 1044 m.
1268 998 1323 1053 m

64 1036 379 1130 Constantinopoli
393 1046 640 1117 monumen,
667 1057 748 1107 curn
765 1058 806 1105 ex
820 1032 917 1126 Tyro
928 1027 1045 1126 Syno-
1095 1080 1335 1147 zat-amm

65 1142 132 1213 dus
151 1165 192 1211 00
209 1152 330 1210 V⁰⁰³l²
346 1151 447 1209 0⁸⁸⁸t·
1012 1218 1014 1223 ·
1096 1174 1207 1275 μέρος
1231 1174 1349 1250 αὐτοῦ
1356 1229 1368 1265 ,
1411 1175 1522 1278 λέγει,
1556 1172 1735 1274 άνάθομα
1753 1180 1859 1262 ihrer.
1910 1185 1988 1260 Hoc
2012 1205 2079 1262 cst:

166 1238 276 1311 Assss⁰
291 1240 430 1360 dessifflff
444 1253 523 1332 P⁰⁸t
537 1251 689 1357 ¹⁰⁰¹'ifm
705 1232 944 1357 0⁰⁰⁸faniini'
973 1336 982 1354 ,
1096 1278 1232 1374 siquis
1255 1304 1334 1349 cum
1351 1278 1458 1351 lacob
1480 1304 1553 1351 non
1570 1282 1684 1352 hlium
1705 1297 1873 1380 tanquam
1896 1284 2080 1362 hominem

167 1340 276 1414 A¹¹¹¹⁰
296 1337 433 1415 Ch¹¹⁸i¹
453 1355 720 1426 ‘mmm’
752 1359 1044 1432 qu¹⁰q¹¹⁸3⁸⁸¹m⁰
1096 1380 1323 1455 colluctatum
1339 1405 1411 1453 csse
1427 1383 1574 1455 dixerit:
1601 1386 1753 1459 sednon
1772 1388 2078 1481 gentiumDeuru,

62 1446 189 1538 primm
936 1524 949 1549 ·
1014 1541 1023 1558 .
1096 1497 1156 1557 aut
1196 1496 1305 1556 artem
1325 1479 1392 1554 Dei
1438 1480 1626 1557 anathema
1641 1486 1697 1560 sit.

165 1544 273 1618 anuo
290 1559 371 1639 post
384 1544 555 1619 Nicenam
571 1544 760 1640 Synodum
774 1541 953 1615 tricesimo
970 1564 1045 1633 prr·
1171 1507 1194 1576 P
1402 1539 1413 1573 ’

63 1649 215 1723 moluit
239 1647 407 1745 Synodus
431 1642 692 1736 Sardiccnsis,
723 1646 804 1740 pia,
829 1645 1043 1716 confirmans

60 1749 244 1825 Nicenam.

164 1852 503 1939 Annoconstantii
533 1851 658 1947 quinto
681 1850 839 1936 decimo,
879 1848 1044 1920 videlicet
1198 1851 1249 1923 Εἴ
1260 1874 1315 1933 τις
1328 1847 1391 1936 τὸ,
1411 1848 1557 1946 'Elimia
1569 1845 1708 1947 Κύριος
1728 1851 1830 1951 παρὰ
1852 1852 2002 1953 κυρίου,
2023 1857 2077 1954 μὴ

61 1957 190 2050 quinto
204 1948 288 2049 pult
300 1953 546 2028 sardicensem
564 1955 770 2049 Synodum,
792 1952 862 2023 luit
876 1949 1043 2046 Synodus
1095 1948 1154 2028 ἐπὶ
1180 1958 1249 2028 τοῦ
1275 1949 1414 2049 πατρὸς
1434 1949 1497 2026 καί
1516 1957 1586 2027 τοῦ
1607 1953 1695 2028 υἱοῦ
1723 1953 1965 2053 ἐκλαμβάνοι
2000 1958 2076 2033 ἀλλ’

62 2052 308 2152 Syrmiensis,
341 2058 381 2127 in
410 2069 536 2153 quaet
562 2057 636 2148 ipse
659 2053 890 2127 Constantius
918 2052 1044 2138 adfuit,
1095 2052 1213 2130 αὐτὸν
1235 2050 1337 2150 παρὰ
1358 2055 1496 2128 ἑαυτοῦ
1519 2044 1613 2181 teste
1633 2054 1871 2152 βεβρεχέναι,
1897 2056 2077 2155 ἀνάθεμα

62 2164 160 2233 rn'oto
181 2159 276 2231 bello
301 2161 469 2231 adversus
484 2156 754 2249 Magnentium,
780 2155 959 2229 contraria
975 2153 1042 2225 Ni·
1095 2157 1199 2233 ἔστω.
1242 2156 1388 2252 ’Ἑβρεξε
1408 2153 1483 2256 γάρ
1504 2161 1641 2252 Κυριος
1663 2155 1683 2230 ὁ
1705 2157 1786 2242 υἱὸς
1812 2158 1913 2255 παρὰ
1941 2160 2076 2260 κυρίου

62 2284 180 2333 cenae.
1093 2265 1163 2334 τοῦ
1189 2256 1339 2358 πατρὸς.
1389 2257 1468 2331 Ηοο
1490 2272 1557 2330 est:
1587 2260 1626 2331 Si
1646 2261 1726 2353 quis
1748 2258 1831 2333 hoc:
1866 2258 1971 2333 Pluit
1990 2260 2076 2336 Do·

165 2360 373 2456 Sequuntur
399 2360 642 2456 Syrmiensem
675 2360 810 2452 exiguis
845 2358 1043 2432 intervallis
1094 2361 1218 2433 minus
1240 2387 1260 2434 a
1281 2356 1468 2446 Domino,
1500 2384 1573 2432 non
1591 2364 1634 2432 de
1652 2361 1757 2434 Patre
1772 2378 1807 2435 et
1824 2363 1919 2436 Filio
1935 2367 2074 2461 accipit,

62 2462 360 2558 Synodiimpiac:
386 2461 644 2549 Ariminensis,
670 2463 951 2536 Seleuciensiset
965 2461 1043 2533 An·
1095 2467 1155 2536 sed
1170 2465 1287 2557 ipsum
1310 2465 1460 2557 aseipso
1483 2463 1615 2555 pluisse
1638 2465 1785 2548 dixerit,
1812 2462 1995 2539 anathema
2019 2470 2075 2543 sit.

60 2560 235 2638 tiochcna.
1093 2566 1193 2637 Pluit
1207 2567 1302 2636 enim
1316 2566 1410 2636 lilius
1425 2565 1602 2637 Dominus
1618 2590 1637 2637 a
1656 2583 1754 2658 patre
1770 2566 1938 2644 Domino.

164 2661 315 2737 Occasio
343 2678 461 2739 autem
500 2668 749 2738 convocandae
782 2663 920 2762 Synodi
952 2663 1043 2760 Syr·
1194 2664 1292 2737 Haec
1313 2667 1443 2752 recito,
1470 2667 1552 2761 quia
1577 2669 1790 2753 ostendunt,
1816 2682 1850 2739 et
1865 2683 2073 2742 vetustatem

60 2767 207 2837 miensis
231 2761 317 2839 haec
341 2769 425 2839 luit:
457 2767 507 2841 Ut
526 2769 636 2838 semel
664 2768 771 2839 motis
802 2768 909 2839 rebus
935 2766 1042 2838 multi
1093 2765 1179 2841 haec
1193 2768 1286 2840 dicta
1303 2768 1342 2839 in
1357 2767 1473 2840 Moise
1490 2770 1533 2838 de
1552 2760 1659 2838 Filio
1680 2769 1905 2843 intellexisse.

60 2869 220 2961 exemplo
236 2869 326 2940 fiunt
340 2870 563 2954 audaciores,
583 2885 618 2941 et
639 2891 754 2951 novos
775 2869 948 2940 tumultus
962 2893 1042 2938 rno-
1142 2955 1146 2961 Ι
1192 2871 1335 2962 Agitata
1352 2883 1405 2942 est
1416 2870 1524 2940 etiarn
1540 2882 1625 2939 tunc
1642 2873 1800 2962 quaestio
1825 2875 1869 2943 de
1888 2868 1944 2943 his
1958 2872 2075 2943 modis

60 2985 162 3051 vent,
194 2983 229 3040 et
256 2965 420 3067 ἀναρχία
441 2960 602 3043 concedit
624 2971 824 3053 licentiam,
864 2966 1041 3041 Photinus
1091 2973 1279 3066 loquendi:
1305 2970 1413 3042 Pater
1425 2982 1550 3041 natura
1564 2971 1686 3060 genuit
1707 2972 1839 3061 filiurn,
1864 2997 1938 3043 non
1951 2974 2076 3064 genuit

61 3070 276 3168 syrmiensis
291 3068 469 3144 Ecclesiae
483 3071 672 3168 Presbyter
693 3086 730 3143 et
744 3069 899 3143 Arianos
915 3084 950 3141 et
965 3065 1040 3141 Or·
1092 3075 1292 3156 voluntate,
1319 3071 1356 3144 id
1371 3086 1442 3159 est,
1467 3070 1733 3163 contingenter,
1759 3073 1847 3148 sicut
1863 3074 2075 3167 contingen-

61 3169 238 3245 thodoxos
264 3174 465 3267 vituperare
494 3174 627 3266 coepit,
667 3185 704 3244 et
728 3173 861 3244 abiecta
891 3185 1041 3266 utraque
1091 3189 1146 3247 ter
1160 3189 1335 3247 creaturas
1358 3174 1528 3246 condidit.

62 3277 238 3348 sententia
284 3277 470 3348 renovavit
514 3271 770 3369 blasphemiam
805 3273 1040 3348 samosateni.
1193 3275 1246 3350 De
1268 3272 1325 3348 his
1347 3277 1464 3347 modis
1491 3277 1662 3371 loquendi
1693 3291 1812 3352 extant
1836 3280 2075 3350 commoneta-

58 3375 210 3469 Ncgavit
230 3401 304 3449 esse
325 3379 412 3450 duas
434 3391 580 3450 naturas
595 3379 634 3448 in
648 3372 794 3449 Christo
807 3390 892 3449 nato
909 3401 950 3448 ex
966 3378 1041 3448 vir·
1089 3379 1225 3454 ctiones
1247 3379 1285 3449 in
1309 3377 1531 3450 Nazianzeno
1554 3392 1589 3451 ct
1615 3380 1654 3449 in
1670 3376 1909 3473 Longobardo
1924 3380 2018 3452 libro
2037 3383 2072 3453 1.

59 3480 157 3569 gine.
209 3480 263 3551 Ac
276 3472 390 3580 λόγον
403 3479 442 3553 in
459 3475 618 3553 iohanne
641 3480 891 3573 interpretatus
912 3493 963 3550 est
979 3481 1041 3550 de-
1091 3481 1182 3556 Dist.
1197 3483 1236 3556 0.
1617 3550 1620 3557 .

60 3594 197 3654 cretum
221 3584 266 3653 de
285 3583 530 3675 redemptione
552 3578 729 3668 hominis,
759 3595 795 3654 et
816 3580 1040 3653 restitutione
1192 3581 1337 3658 Caetera
1354 3593 1429 3652 acta
1444 3578 1806 3678 SynodiSyrmiensis
1818 3581 1928 3674 impia
1946 3596 1980 3653 ct
1993 3606 2075 3674 per·

59 3681 155 3756 ritae
178 3680 341 3756 aeternae
367 3709 430 3777 per
450 3679 547 3776 hunc
567 3680 770 3765 hominem,
808 3707 912 3778 quem
935 3683 1038 3754 adid
1090 3687 1225 3759 niciosa
1240 3685 1396 3756 luerunt.
1447 3680 1620 3754 Processit
1640 3685 1733 3755 enim
1745 3684 1911 3778 Synodus
1926 3686 1970 3753 ad
1988 3708 2075 3754 con·

60 3787 234 3858 missurus
254 3802 353 3862 esset.
412 3781 460 3857 Et
482 3788 683 3872 contendit,
720 3809 944 3880 nequaquam
967 3808 1040 3856 esse
1090 3787 1298 3862 troversiam
1314 3779 1415 3871 Arii,
1441 3775 1554 3855 cuiul
1570 3781 1726 3857 humano
1747 3787 1897 3857 consilio
1915 3787 2074 3856 medere-

61 3882 177 3987 λόγον
200 3881 477 3985 ὑφιστάμενον,
518 3888 582 3983 qui
609 3889 732 3960 luisset
762 3903 951 3984 antequam
981 3882 1041 3958 hic
1094 3906 1173 3976 tur,
1198 3904 1322 3961 conata
1348 3886 1554 3960 estsilentio
1571 3888 1721 3956 obruere
1733 3889 1952 3958 mentionem
1968 3911 2074 3957 voca-

59 3984 171 4061 horno
187 3985 351 4063 Christus
365 4016 407 4063 ex
424 3990 561 4081 virgine
575 4004 679 4063 natus
693 4004 754 4061 est.
1093 3991 1168 4065 buli
1184 3983 1399 4085 ὅμοοάσιος,
1438 4002 1473 4060 et
1488 3988 1602 4058 voluit
1616 3989 1655 4058 in
1668 3987 1831 4084 symbolo
1846 3988 1931 4081 poni
1946 3983 2074 4079 ὁμοίας

166 4090 250 4164 Fuit
264 4107 381 4167 autern
404 4106 501 4165 tanta
515 4088 662 4164 Photini
684 4090 916 4177 confidentia,
942 4105 984 4164 ut
1005 4114 1042 4164 sc
1092 4120 1158 4189 pro
1172 4089 1379 4187 ὁμοοάσιος.
1429 4087 1537 4160 Ηοοο
1551 4085 1768 4162 cothurnum
1785 4088 1815 4158 si
1828 4103 1978 4184 utraque
1992 4112 2073 4180 pars

61 4193 182 4266 audiri
197 4218 315 4267 coram
335 4196 413 4290 ipso
427 4195 639 4286 imperatore
653 4191 861 4267 Constantio
884 4193 1042 4286 postula·
1093 4198 1276 4291 acciperet,
1290 4190 1538 4265 existimabant
1551 4191 1748 4263 discordiae
1761 4192 1868 4262 linem
1887 4192 1972 4277 lore,
1989 4191 2073 4284 quia

61 4296 122 4370 rit.
180 4293 341 4369 Aderant
359 4320 401 4369 ex
424 4296 509 4367 Asia
529 4297 707 4389 praecipui
728 4291 916 4393 Episcopi,
948 4296 1043 4368 inter
1093 4315 1242 4394 utraque
1253 4320 1334 4390 pars
1347 4294 1461 4367 lilium
1477 4316 1550 4366 esse
1566 4294 1745 4375 fateretur,
1760 4305 1794 4364 et
1809 4293 1953 4388 quidem
1970 4293 2073 4363 simi·

61 4419 154 4495 quos
177 4420 256 4468 cum
279 4399 461 4470 excelleret
477 4393 652 4468 Basilius
666 4398 830 4494 Ancyrae
853 4399 891 4468 in
906 4395 1044 4470 Galatis
1092 4405 1162 4473 lem
1187 4399 1296 4494 patri,
1319 4396 1448 4468 omissa
1470 4395 1693 4490 quaestione,
1719 4420 1766 4467 an
1789 4397 1835 4468 sit
1851 4388 2073 4488 dpoociusoc?

60 4498 260 4592 ΕΡῑδθθΡῑΙ8
273 4500 451 4585 Aristum,
476 4495 536 4573 hle
549 4500 718 4572 menime
734 4501 900 4572 “fulevii
915 4495 1043 4573 Pboli·
1094 4501 1310 4595 Subscripsit
1324 4495 1408 4570 huic
1424 4500 1565 4570 decreto
1580 4510 1615 4570 et
1629 4498 1709 4592 pius
1720 4520 1826 4568 senex
1833 4493 2076 4568 HosiusCor·

60 4624 165 4675 num.
205 4599 248 4671 ln
264 4626 304 4673 ea
319 4625 423 4674 causa
439 4598 588 4674 Decreta
603 4604 691 4673 lacta
707 4616 790 4674 sunt
804 4602 910 4673 laude
924 4603 1044 4694 digna,
1095 4605 1265 4678 dubensis
1278 4598 1495 4695 Episcopus,
1521 4613 1661 4672 coactus
1673 4614 1715 4673 ut
1728 4612 1894 4683 narrant,
1920 4621 1998 4666 cum
2016 4610 2073 4666 ta·

62 4700 174 4794 Quod
192 4696 302 4803 lo'yos
321 4705 366 4775 sit
381 4697 642 4801 ὑφιστάμενος.
694 4702 825 4777 Extant
847 4727 886 4776 ea
904 4706 1044 4791 decreta
1095 4733 1177 4780 men
1196 4721 1297 4776 antea
1323 4705 1505 4773 veritatem
1527 4716 1729 4775 constanter
1745 4699 1966 4771 defendisset.
2020 4696 2072 4769 lta

60 4806 105 4875 in
122 4803 265 4879 Socrate
290 4802 520 4894 scholastico,
545 4832 635 4903 quae
659 4807 767 4899 digna
783 4822 866 4881 sunt
881 4802 1046 4880 conside·
1095 4813 1286 4882 discessum
1312 4819 1364 4877 est
1385 4828 1426 4876 ex
1446 4803 1601 4899 Syrmio.
1666 4803 1736 4876 Sed
1759 4825 1842 4871 mox
1864 4798 2075 4890 ambiguitas

61 4907 215 4980 ratione·
1096 4915 1141 4983 ab
1157 4906 1380 4984 Orthodoxis
1395 4906 1580 4999 repudiata
1595 4918 1659 4993 est,
1672 4904 1769 4999 qood
1784 4902 1955 4975 insidiosa
1975 4916 2075 4977 essct.

1095 5013 1144 5088 Et
1172 5037 1309 5106 semper
1336 5012 1374 5081 in
1404 5009 1564 5081 docendo
1601 5004 1811 5100 ambiguitas
1838 5004 2076 5077 dissensiones

1098 5117 1199 5211 parit.

1341 976 1397 1069 τῷ
1407 967 1544 1069 Ἰακώβ
1556 970 1608 1069 μὴ
1624 972 1693 1049 τὸν
1708 974 1794 1053 υἱὸν
1807 976 1857 1063 uic
1873 981 2081 1081 ἄνθρωπον

1336 1073 1470 1149 ικίναιε
1503 1081 1596 1147 utta
1619 1103 1686 1151 τον
1708 1106 1890 1183 ανενητον
1911 1083 2024 1175 θεὸν,
2055 1085 2081 1185 ἢ

1421 1702 1481 1772 III.
1531 1703 1758 1774 Decretum.

405 5058 433 5128 1.
483 5062 705 5134 Decretum.

169 5209 220 5282 Ei
246 5232 319 5295 τις,
367 5205 411 5283 τὸ
445 5208 723 5309 Ποιήσομον
749 5213 1064 5312 ”Ανι9ριοπον,·
1198 5216 1283 5289 Post
1305 5215 1491 5288 biennium
1505 5172 2077 5286 conscentiusMediotauum've-

66 5310 121 5409 μὴ
136 5306 205 5386 τὸν
217 5306 360 5410 πατέρα
372 5308 465 5410 πρὸς
476 5312 545 5389 τὸν
559 5313 646 5390 υἱὸν
660 5315 795 5419 λέγειν,
823 5314 914 5390 ἀλλὰ
931 5316 1046 5392 αὐτὸν
1099 5321 1169 5406 nit,
1194 5344 1275 5391 cum
1288 5318 1358 5389 iam
1377 5318 1489 5391 victus
1505 5326 1594 5386 esset
1608 5309 1847 5402 Magnentius.
1896 5306 1948 5382 Ut
1970 5307 2079 5398 igitur

68 5407 313 5587 ’10319ιῖἴῖζὲ
328 5411 726 5594 ὂδζιθενᾷἴιεῖρρῆίναι,
753 5414 1047 5518 desideriorium.
1099 5421 1316 5520 Syrmiensia
1331 5422 1470 5596 deugqte
1485 5416 1804 5498 confirmarentur,
1829 5411 1981 5485 incitant
1998 5431 2078 5481 eum

1537 5636 1557 5683 *l
