4680 6038
161 208 235 288 119
719 192 881 273 DECL.
917 190 995 269 ult
1026 190 1257 270 sanstus
1289 187 1622 275 saxotttcts.
2113 200 2182 279 lid

168 378 366 474 adprobare
386 385 519 459 anem,
540 383 575 442 et
594 365 681 440 baec
701 382 821 440 nostra
845 366 979 454 officia,
1002 390 1042 437 ac
1061 368 1152 437 velle
1200 366 1270 437 diis
1293 365 1385 437 vitae
1404 378 1545 439 nostrae
1568 369 1779 460 cogitemus,
1804 369 1864 442 sed
1887 370 2016 457 etiam,
2041 380 2084 443 nt
2100 370 2182 443 ords

169 506 271 567 eum,
295 493 336 551 ut
356 474 517 547 homines
539 473 705 544 remediis
728 497 748 543 a
769 494 805 540 se
828 470 981 540 conditis
997 483 1154 551 utantur,
1202 483 1235 540 et
1257 468 1405 538 consilia
1426 471 1471 538 de
1493 493 1561 542 usu
1585 495 1842 564 rerum,·quae
1855 472 1895 543 in
1909 488 2005 545 tants
2022 472 2182 548 varim

169 583 263 654 velle
275 581 380 653 etiam
401 578 551 650 artifices
573 599 663 661 esse,
689 573 751 669 qui
774 585 884 643 artem
903 572 983 642 aliis
1005 576 1155 656 tradant,
1202 569 1290 640 mira
1307 583 1382 641 arte
1396 570 1603 643 distributae
1619 587 1723 658 sunt,
1749 576 1927 647 deducant
1946 597 2014 646 nos
2027 572 2182 665 adagni·

173 698 208 756 et
222 681 377 754 remedia
395 676 595 763 exhibeant,
621 691 655 747 et
670 676 837 746 adiuvare
853 698 934 744 eum
951 673 1156 743 fidelisme-
1199 671 1335 761 tionem
1358 671 1513 762 opificis,
1545 687 1580 744 et
1601 674 1704 744 fateri
1726 698 1793 746 nos
1813 690 1960 767 cogant,
1988 699 2065 748 esse
2090 698 2182 747 mess·

173 785 246 856 dici
268 782 401 865 officia,
437 779 642 872 praesertim
670 775 870 849 invocantis
900 775 1035 866 ipsum,
1075 797 1154 844 eum
1203 787 1273 845 tem
1296 769 1627 860 architectatcicem,
1658 800 1836 870 quaenon
1852 775 2182 849 solumlormareril

87 879 94 891 ’
174 887 345 978 scripturn
362 883 422 955 sit:
450 879 503 952 lla
519 882 634 952 locum
651 880 806 965 medico,
831 901 913 946 nam
930 892 964 948 et
978 875 1156 949 Dominus
1203 875 1323 946 omnia
1351 875 1479 944 mnndi
1503 899 1668 967 corpora,
1702 894 1736 949 et
1755 893 1956 951 conservet:
1997 881 2060 951 sed
2084 878 2182 951 etiam

176 986 420 1064 eumcrearit,
445 983 627 1055 eertevult
644 1004 788 1073 operam
809 995 966 1051 nostram
989 1002 1063 1050 non
1083 1000 1156 1048 esse
1204 976 1420 1069 prospiciens
1448 971 1633 1047 huminum
1656 981 1780 1061 saluti,
1821 981 1871 1050 sic
1901 980 2105 1054 distinxerit
2136 1002 2182 1053 ret

67 1094 81 1118 ⁸
175 1089 326 1163 irritam.
376 1083 443 1154 His
463 1084 766 1156 consolationibus
782 1105 839 1150 me
853 1083 1042 1167 confirmo,
1067 1104 1157 1174 quo·
1205 1091 1403 1162 nascentes,
1435 1093 1476 1149 ut
1492 1080 1676 1171 praecipue
1694 1083 1908 1154 adminicula
1926 1084 1998 1154 sint
2014 1078 2182 1154 humanat

175 1190 242 1261 ties
262 1190 307 1258 ad
331 1199 550 1277 aegrotantes
571 1188 718 1270 accedo,
750 1198 784 1253 et
807 1183 912 1253 simul
928 1182 1042 1253 Deum
1065 1187 1157 1253 vitae
1204 1180 1314 1265 vitae,
1340 1193 1376 1250 et
1390 1181 1549 1270 singulae
1565 1182 1757 1272 peculiares
1772 1186 1943 1255 utilitates
1959 1185 2135 1255 adierant.

173 1291 309 1361 iontem
336 1301 372 1359 et
399 1288 637 1360 remediorum
658 1287 877 1357 conditorem
903 1310 987 1367 oro,
1020 1299 1060 1357 ut
1084 1285 1157 1376 ipse
1307 1280 1566 1354 Testimonium
1580 1284 1689 1373 igitur
1710 1287 1754 1354 de
1773 1286 1887 1377 seipso
1902 1286 2000 1359 Deus
2015 1286 2182 1359 conditor

172 1403 327 1462 mentem
344 1402 378 1460 et
391 1391 548 1459 dextram
563 1413 675 1459 meam
691 1389 873 1479 gubernet.
897 1385 979 1459 Scio
995 1410 1156 1477 magnam
1205 1396 1239 1452 et
1255 1383 1299 1452 de
1312 1385 1555 1474 providentia,
1579 1381 1959 1479 lrandpulcberrimam
1976 1412 2099 1461 rerum
2115 1388 2182 1461 dis·

175 1515 250 1564 esse
265 1491 505 1560 infirmitatem
520 1505 667 1562 naturae
682 1485 880 1576 humanae,
917 1513 982 1558 nec
1002 1489 1067 1558 ulli
1082 1513 1158 1557 ma·
1204 1483 1435 1557 tributionem
1471 1500 1507 1557 et
1537 1489 1779 1559 oeconomiam
1808 1512 1883 1559 esse
1911 1490 2037 1565 voluit.
2116 1488 2182 1563 Not

176 1594 229 1684 gis
243 1589 311 1664 hoc
327 1605 480 1679 norunt,
503 1616 610 1686 quam
623 1593 769 1678 medici,
795 1589 857 1684 qui
874 1591 1030 1684 exempla
1045 1591 1157 1660 multa
1205 1612 1346 1681 quoque
1369 1587 1603 1680 intelligentes
1625 1591 1709 1662 lecit
1734 1604 1929 1675 creaturas,
1954 1605 1995 1662 nt
2016 1615 2117 1662 snam
2135 1592 2182 1665 ln·

176 1696 320 1781 vident,
346 1706 380 1763 et
392 1717 492 1785 saepe
508 1709 658 1766 cernunt
680 1718 719 1762 ex
743 1693 880 1784 levibus
900 1693 1158 1762 offensionibus
1205 1712 1297 1774 cem,
1329 1688 1554 1780 sapientiam,
1594 1693 1787 1763 bonitatem
1814 1708 1849 1763 et
1880 1693 2057 1763 iusticiam
2087 1692 2182 1764 nobit

177 1797 264 1867 oriri
281 1794 434 1865 exitialia
451 1797 554 1882 mala,
579 1820 680 1889 saepe
696 1794 975 1865 convalescentes
992 1819 1066 1862 non
1084 1817 1156 1863 ser·
1205 1792 1462 1878 communicet,
1501 1794 1592 1886 quia·
1616 1795 1752 1864 bonoim
1784 1809 1835 1866 est
1869 1791 2091 1868 sacrameto
2124 1793 2181 1867 sui

176 1912 258 1968 rato
273 1910 421 1967 naturae
434 1899 561 1967 ordine
582 1898 731 1968 saevicia
751 1896 932 1967 redeuntis
953 1897 1071 1967 morbi
1097 1919 1157 1964 ex·
1206 1889 1245 1960 ld
1273 1892 1347 1962 fieri
1374 1917 1447 1963 non
1476 1908 1608 1987 potest,
1641 1897 1711 1964 nisi
1732 1919 1962 1986 agnoscamus
1982 1911 2018 1968 et
2036 1897 2182 1970 celebre

177 1997 304 2089 tingui,
327 2021 428 2090 saepe
449 2011 546 2069 tanta
569 2013 620 2071 cst
640 1999 798 2090 corporis
816 1998 999 2084 debilitas,
1031 2011 1071 2069 ut
1092 2021 1157 2068 nec
1203 2015 1284 2062 mus
1308 2018 1400 2064 eum.

176 2101 316 2182 cibum,
348 2123 414 2171 nec
438 2101 594 2172 remedia
615 2103 788 2172 admittat.
845 2099 942 2171 Haec
965 2101 1030 2170 etsi
1053 2100 1156 2185 bunt,
1285 2092 1467 2170 Exuscitat
1485 2097 1593 2188 igitur
1608 2123 1673 2170 nos
1687 2100 1729 2170 ad
1745 2101 1799 2170 sui
1816 2099 2046 2191 agnitionem,
2073 2114 2182 2173 osten

175 2214 295 2272 tamen
327 2204 416 2272 ordo
445 2202 589 2272 divinus
615 2227 689 2272 non
720 2202 950 2293 negligendus
976 2216 1047 2287 est,
1081 2202 1158 2273 vult
1205 2198 1253 2268 sis
1269 2197 1468 2270 illustribus
1483 2199 1693 2272 testimoniis
1707 2203 1751 2271 de
1766 2225 1858 2288 sese,
1886 2203 1925 2271 in
1945 2204 2182 2274 universam·

174 2299 845 2389 Deusetcibosetremediaexhiberi,
877 2305 913 2372 id
934 2304 1002 2374 rite
1019 2304 1097 2389 fiat,
1123 2317 1158 2374 et
1206 2314 1301 2383 tura,
1340 2326 1430 2394 qliae
1459 2326 1538 2372 cum
1566 2305 1766 2374 enumerari
1795 2304 1915 2374 omnia
1944 2329 2018 2373 non
2047 2304 2182 2399 possint

175 2416 321 2475 eventus
350 2405 417 2496 ipsi
450 2407 727 2476 commendetur.
785 2403 875 2474 Nam
898 2417 934 2475 et
950 2405 1104 2476 amentia
1124 2417 1158 2475 et
1206 2401 1393 2493 praecipua
1410 2415 1528 2473 tamen
1546 2427 1683 2497 semper
1699 2407 1737 2474 in
1754 2420 1942 2499 conspectu
1960 2405 2050 2489 sint,
2076 2422 2119 2479 ιιι
2138 2426 2182 2477 as

176 2507 288 2577 scelus
307 2517 414 2590 esset,
439 2506 516 2574 seni
531 2521 592 2576 aut
605 2506 798 2598 aegrotanti
815 2530 859 2576 ne
874 2506 993 2576 cibum
1009 2508 1156 2599 ‘quidem
1207 2504 1405 2574 sensionem
1430 2508 1475 2575 de
1504 2508 1728 2599 providentia
1758 2508 1981 2579 confirment.
2051 2507 2182 2604 Neque

173 2608 280 2693 dare,
303 2605 385 2700 quia
403 2630 477 2675 non
492 2607 602 2676 simili
619 2610 799 2700 voluptate
819 2609 978 2688 fruatur,
1003 2622 1043 2678 ut
1060 2592 1158 2679 iur'e-
1208 2629 1314 2697 quam
1345 2630 1426 2675 casu
1459 2633 1500 2677 ex
1532 2606 1727 2680 Democriti
1761 2611 1887 2680 atomis
1920 2611 2094 2682 conlluxit
2134 2605 2182 2681 ltit

174 2706 249 2791 nis,
275 2708 590 2784 autrcctevalens.
641 2710 726 2801 Legi
744 2709 886 2780 th'vinae
911 2722 1017 2802 atque
1039 2712 1159 2780 ordini
1208 2707 1342 2797 positus
1356 2709 1464 2793 coeli,
1489 2710 1599 2794 adsis,
1626 2735 1737 2806 aquae
1753 2726 1786 2782 et
1803 2726 1931 2783 terrae.
1981 2711 2056 2783 Nec
2076 2712 2182 2783 sidcrs

173 2808 347 2880 divinitus
364 2810 497 2880 sancito
515 2812 816 2905 obtemperemus,
841 2808 997 2883 etDcum
1012 2827 1159 2883 naturae
1209 2832 1290 2879 casu
1307 2826 1490 2901 perpetuas
1503 2813 1596 2904 leges
1611 2829 1774 2886 motuum
1790 2830 1943 2899 servant,
1970 2839 2062 2910 quae
2079 2826 2182 2905 gratas

174 2911 394 2982 conditorem
413 2935 615 3001 precemur,
641 2928 682 2986 ut
703 2938 786 3001 nos,
811 2935 900 3007 qnos
923 2913 1159 3003 langucfactos
1209 2923 1244 2980 et
1257 2912 1362 2982 utiles
1377 2913 1533 2986 efficiunt
1555 2917 1693 2987 dierum
1718 2942 1758 2987 ac
1783 2916 1963 3002 noctium,
1995 2916 2141 2989 aestatis
2160 2932 2182 2987 ct

175 3012 471 3099 scelerediaboli,
495 3010 1060 3087 tameninbacinlirmitatenon
1081 3017 1160 3088 vult
1208 3009 1345 3108 hyemis
1362 3016 1465 3087 vices.
1516 3015 1680 3090 Nec‘sioe
1697 3019 1829 3090 auxilio
1844 3016 1911 3089 Dei
1932 3033 2024 3089 terra
2040 3033 2182 3113 quotam

175 3112 292 3183 subito
307 3114 482 3205 extingui,
506 3132 638 3200 servet,
664 3132 699 3191 et
715 3118 884 3189 concedat
897 3117 1014 3213 aliqua
1031 3121 1159 3210 spacia,
1209 3117 1265 3185 nis
1281 3117 1318 3186 fit
1335 3118 1527 3200 foecunda,
1553 3145 1617 3190 noc
1634 3145 1715 3191 casu
1731 3121 1864 3212 gignit,
1888 3123 2034 3213 stirpes,
2059 3142 2182 3193 succos

172 3227 215 3285 ut
236 3210 430 3286 Ecclesiam
450 3217 544 3289 inter
559 3244 625 3290 nos
647 3220 939 3313 colligatpquam
959 3232 999 3290 ut
1023 3244 1159 3314 semper
1208 3219 1363 3290 metalla.
1414 3218 1578 3315 Denique
1599 3223 1799 3296 intellectus
1817 3248 2050 3295 numerorum
2074 3237 2112 3296 et
2133 3246 2182 3297 or·

174 3314 212 3383 in
238 3311 294 3385 bis
314 3317 519 3407 regionibus
541 3324 683 3415 colligat
707 3335 741 3394 et
764 3323 955 3414 gubernet,
977 3333 1053 3394 toto
1076 3348 1157 3395 eum
1209 3321 1320 3406 dinis,
1344 3321 1524 3392 etlumen
1548 3326 1585 3393 in
1609 3326 1732 3411 nobis,
1765 3328 1969 3397 discernens
1989 3321 2182 3397 honestas

172 3431 313 3507 pectore
325 3443 401 3492 oro.
451 3418 546 3497 Dixi.
1208 3425 1345 3512 turpia,
1384 3440 1418 3496 et
1442 3421 1640 3498 horrendae
1666 3452 1800 3518 poenae
1824 3430 1995 3499 scelerum
2020 3427 2059 3497 in
2087 3428 2182 3498 coen

1210 3547 1282 3592 non
1299 3537 1490 3614 potuerunt
1506 3529 1614 3610 oriri,
1639 3530 1709 3601 nisi
1727 3534 1772 3602 ab
1791 3546 1932 3603 aeterna
1948 3542 2079 3620 mente,
2104 3552 2182 3624 qssss

171 3656 1157 3700 --—---,---—-—--v-—-
1210 3620 1302 3696 hanc
1316 3628 1429 3696 lucem
1446 3629 1484 3696 in
1503 3632 1680 3701 mentibus
1696 3647 1730 3703 et
1742 3634 1901 3707 accendit
1918 3645 1952 3703 et
1969 3644 2167 3704 conservat.

887 3718 898 3739 ⁶
1312 3726 1415 3797 Talia
1433 3723 1501 3798 Dei
1517 3733 1660 3822 vestigia
1685 3734 1722 3802 in
1746 3737 1853 3806 nobis
1878 3735 1964 3826 ipsis
1983 3746 2019 3805 et
2043 3734 2082 3804 in
2108 3733 2182 3805 rali-

179 3820 247 3896 No.
267 3819 351 3897 147.
980 3852 1009 3897 a.
1037 3831 1131 3902 lass.
1209 3853 1279 3923 qua
1302 3842 1428 3900 natura
1448 3854 1552 3925 saepe
1575 3833 1796 3926 aspiciamus.
1859 3833 1907 3909 Et
1929 3834 2035 3907 Pauli
2056 3836 2182 3908 dictor

174 3917 348 3950 *Ν
945 3919 1156 3958 ⁹⁹⁸*
1206 3931 1416 4019 cogitemus:
1469 3932 1559 4006 Tam
1593 3962 1703 4031 prope
1736 3941 1841 4010 nobis
1873 3940 2042 4011 omnibus
2073 3932 2182 4010 adssst

375 4012 451 4126 Dg
478 4038 656 4128 Salinig
683 4037 947 4127 Saxonigig‚
1207 4029 1341 4119 Deum,
1366 4059 1457 4125 pene
1472 4051 1513 4110 ut
1528 4041 1739 4112 contrectari
1755 4044 1921 4114 manibus
1940 4042 2069 4135 possit,
2096 4054 2131 4112 et
2153 4039 2182 4110 ir

237 4200 467 4259 &mum
501 4201 583 4256 TW
656 4201 733 4258 305.
808 4202 915 4261 &cens
938 4205 965 4259 Τ
984 4203 1024 4260 w
1092 4207 1154 4269 m
1206 4158 1248 4206 eo
1264 4137 1483 4219 nuseium,
1507 4142 1643 4213 moveri
1666 4158 1699 4216 et
1718 4165 1804 4216 esse.
1853 4141 1901 4217 Et
1925 4144 2098 4216 beneficia
2117 4142 2182 4215 elus

267 4269 395 4326 tttetsrd.
410 4268 443 4325 Τ.
457 4240 492 4330 tl.
508 4238 536 4342 p:
549 4242 594 4327 ss:
615 4221 644 4274 p.
734 4223 783 4277 ‘¹¹¹'
916 4243 926 4262 ’
964 4247 972 4265 ‘
1025 4225 1081 4281 'P'
1197 4253 1375 4328 perperna
1396 4262 1644 4330 agnoscamus,
1667 4258 1701 4316 et
1724 4246 1815 4336 grati
1837 4247 2056 4318 celebremus
2076 4258 2113 4317 et
2135 4245 2182 4315 irs·

822 4425 827 4433 ¹
1204 4338 1421 4429 telligamus,
1454 4344 1545 4416 velle
1567 4370 1667 4431 enm,
1695 4371 1761 4418 nos
1785 4349 1851 4440 ipsi
1879 4350 2082 4420 conformes
2104 4369 2182 4420 esse

168 4448 298 4521 Oratio
334 4446 382 4519 de
408 4449 553 4521 salinis
580 4452 806 4545 Saxonicisg
849 4456 1008 4526 recitata
1038 4477 1063 4529 a
1094 4451 1151 4530 D,
1203 4437 1300 4510 Haec
1315 4441 1419 4514 initia
1435 4458 1518 4517 sunt
1534 4470 1637 4518 verae
1652 4462 1685 4519 et
1702 4448 2153 4541 necessariaedisciplinse.

300 4551 508 4662 eonpago
536 4553 788 4641 Guilelmo,
828 4557 1013 4629 uallem,
1304 4541 1346 4614 ln
1382 4540 1474 4616 banc
1503 4550 1873 4622 commemorationem
1903 4577 1981 4624 sum
2011 4553 2182 4642 ingressus

1201 4642 1298 4730 ideo,
1323 4647 1406 4740 quia
1430 4649 1589 4721 dicturus
1610 4654 1657 4723 de
1677 4654 1868 4739 beneficio,
1894 4658 1988 4750 quod
2006 4650 2105 4724 Deus
2125 4674 2182 4748 pa·

162 4714 275 4822 Cogit
288 4725 452 4804 homines
466 4734 654 4807 necessitas
668 4735 890 4808 considerare
906 4737 1000 4809 vitae
1014 4740 1148 4829 praesi-
1199 4745 1289 4816 triae
1310 4771 1410 4818 meae
1431 4752 1549 4838 dedit,
1573 4755 1806 4826 rectissimum
1830 4780 1904 4828 esse
1925 4755 2103 4838 iudicavi,
2127 4779 2182 4827 or·

162 4832 240 4914 dia,
273 4834 438 4905 videlicet
460 4858 516 4904 res
539 4850 721 4908 nascentes
743 4837 780 4908 in
794 4842 893 4910 ’terra
919 4853 955 4912 et
974 4839 1013 4910 in
1034 4842 1147 4936 aquis,
1197 4846 1269 4917 diri
1290 4849 1335 4918 sb
1354 4844 1422 4922 bac
1442 4855 1800 4944 commonesaetione,
1832 4860 1877 4930 de
1898 4858 2097 4953 praesentia
2119 4855 2182 4930 net

158 4933 370 5006 nutritionis
404 4949 440 5006 et
474 4938 721 5009 medicationis
750 4963 866 5015 cansa.
939 4938 1026 5011 ltem
1055 4957 1146 5015 artes
1197 4947 1234 5016 in
1263 4963 1400 5021 natura.

157 5035 288 5128 qssibus
302 5060 421 5107 carere
437 5059 510 5107 non
525 5062 729 5130 possumus,
754 5055 804 5127 ut,
829 5044 1006 5134 coquendi
1022 5057 1145 5131 artem,
1297 5049 1457 5124 Primum
1496 5054 1623 5146 igitur,
1670 5058 1808 5130 affirmo
1836 5063 1965 5137 Solem
2004 5061 2182 5152 singulare

155 5134 439 5226 Agriculturam,
460 5134 803 5224 Architectonicam,
828 5140 1052 5230 vestiariam,
1068 5144 1143 5217 ra
1193 5147 1260 5221 Dei
1283 5176 1373 5244 opus
1389 5179 1484 5240 esse,
1507 5157 1602 5228 vitae
1624 5182 1814 5251 corporum
1834 5179 2038 5236 nostrorum
2062 5186 2182 5235 neces-

154 5235 299 5309 brorum
316 5263 441 5333 operas
457 5253 492 5311 ct
506 5242 606 5315 alias.
637 5240 708 5314 Sed
727 5237 793 5313 bac
807 5245 1010 5316 necessitate
1026 5246 1141 5321 voluit
1192 5253 1346 5336 sarium,
1379 5271 1414 5329 et
1436 5259 1515 5328 Dco
1538 5259 1669 5346 gratias
1689 5285 1778 5355 ago,
1801 5267 1898 5360 quod
1922 5267 1963 5338 id
1983 5289 2075 5359 opus
2096 5288 2182 5336 con-

149 5332 247 5411 Deus
261 5363 328 5413 nos
344 5342 627 5432 commonelieri,
653 5368 727 5415 non
742 5345 859 5416 solum
876 5357 915 5418 ut
937 5347 983 5417 de
1005 5348 1139 5442 praesi·
1159 5385 1167 5435 t
1188 5353 1283 5426 didit
1298 5369 1333 5428 et
1353 5372 1482 5432 servat.
1532 5356 1674 5437 Deinde
1696 5379 1731 5438 et
1755 5390 1798 5437 co
1818 5368 1948 5460 gratim
1970 5391 2057 5461 ago,
2083 5368 2182 5466 quod
