4680 6038
133 200 210 279 44³
901 184 1398 319 nrsrurartouas
2097 213 2171 291 aar

236 373 299 445 st.
339 364 424 440 Non
443 361 626 459 loquimur
644 352 705 431 hit
725 358 770 429 de
799 356 1034 433 delectatione
1065 377 1127 436 aut
1179 369 1265 470 (V.)
1284 378 1394 455 Atta
1416 373 1704 476 disputatio:
1731 379 2166 463 dediscrimisssstaia

136 480 281 561 dolore,
303 484 455 555 tactum,
479 478 621 558 gustum
636 486 677 533 ac
698 460 866 533 olfactum
889 465 1050 555 proxime
1065 491 1128 538 co-
1188 533 1192 541 ,
1462 492 1502 559 02
1523 488 1610 569 m,-
1637 491 1882 566 Mamm

136 583 305 664 ruitante,
330 596 412 644 nam
429 570 505 641 eius
522 564 766 639 delectationis
780 587 820 634 ac
844 564 981 638 doloris
996 590 1128 659 organa

137 696 222 754 sunt
245 676 366 761 nervi,
391 673 450 743 sed
474 670 659 766 loquimur
680 669 724 739 de
754 666 952 742 adfectibus
974 673 1131 760 caeteris,
1180 629 1266 717 1¹⁰¹
1283 668 1363 717 ⁰⁰⁰¹
1379 670 1454 718 ¹¹⁰⁰
1467 647 1650 736 lfflfifioels
1674 650 1744 725 ¹²²³
1759 671 1810 729 ΕΩ
1823 669 1864 728 ῦῑ
1878 654 2023 732 iudicii·

138 783 374 881 quiexistunt
388 775 466 848 sine
486 784 661 846 contactu.
1182 748 1801 927 tonu301elss'te8‘t‘i‘mffifffiuffil·
1823 757 1995 852 ⁸⁶¹3Pmm
2016 766 2089 829 ‘⁸³²
2114 752 2169 831 ⁸3¹

1593 883 1606 926 l
1669 910 1681 936 a

1286 951 1321 1025 8.
1355 952 1440 1029 ldeo
1456 971 1594 1050 praeter
1609 983 1667 1047 ea,
1692 986 1782 1058 quae
1797 962 1842 1033 de
1856 960 1997 1036 iusticia
2012 958 2169 1056 Spiritus

1184 1059 1375 1131 constituta
1392 1073 1495 1146 sunt,
1520 1061 1661 1136 additae
1680 1079 1764 1137 sunt
1779 1065 1939 1139 iusticias
1953 1064 2093 1151 earnis,
2115 1086 2169 1135 ea-

1184 1161 1364 1231 remoniae
1382 1176 1417 1232 et
1440 1161 1585 1236 iudicia.

136 1264 272 1365 [longe
307 1273 388 1367 plns
422 1270 669 1364 complectitur
701 1267 893 1361 appellatio
925 1266 1060 1360 peccati
1092 1266 1132 1336 in
1285 1260 1322 1335 4.
1353 1260 1404 1336 Ut
1418 1288 1499 1337 caro
1512 1266 1716 1341 coe'rceatur
1731 1267 1771 1339 in
1785 1269 1917 1364 impiis.

138 1377 249 1448 verbo
265 1373 345 1458 Dei,
368 1397 477 1471 quam
494 1374 534 1443 in
551 1366 799 1465 Philosophia.
836 1368 922 1441 Ideo
945 1369 1035 1463 lapsi
1049 1381 1134 1441 sunt
1287 1362 1326 1436 5.
1367 1364 1464 1457 Quia
1485 1371 1707 1463 evangelium
1737 1371 1976 1445 ministerium
1997 1372 2097 1444 vitae
2114 1384 2170 1459 eat,

136 1476 304 1570 Pelagius
334 1490 368 1548 et
399 1475 551 1561 similes,
589 1474 653 1569 qni
679 1486 860 1566 peccatum
885 1473 926 1542 in
948 1472 1132 1565 evangelio
1183 1466 1266 1538 ideo
1289 1462 1383 1539 nihil
1406 1471 1589 1545 constitnit
1611 1476 1655 1546 de
1670 1474 1873 1548 carnalibus
1889 1473 2170 1547 etcivilibusiu·

137 1594 279 1653 tantum
294 1579 547 1651 intellexerunt
568 1570 819 1671 philosophico
841 1598 940 1646 more
962 1578 1007 1647 de
1022 1576 1133 1647 actio·
1184 1568 1305 1643 sticiis.

140 1684 270 1770 nibus,
295 1705 383 1779 quas
397 1681 489 1753 ratio
505 1679 624 1762 videt,
649 1691 685 1750 et
699 1679 835 1750 iudicat
857 1701 930 1749 esse
946 1679 1107 1750 viriosas.
1287 1674 1324 1749 6.
1358 1671 1470 1768 lmpie
1490 1690 1591 1751 vetus
1599 1674 1869 1753 Testamentum
1886 1678 1937 1750 sic
1951 1700 1973 1751 a
1987 1702 2087 1751 noro
2101 1680 2169 1755 dis·

243 1787 281 1858 2·
314 1783 407 1856 Nam
424 1795 607 1875 peccatum
623 1780 797 1873 significat
810 1804 885 1852 non
899 1784 1008 1854 modo
1023 1781 1134 1855 actio·
1184 1789 1336 1849 cernunt
1356 1773 1520 1867 Scholae,
1545 1794 1586 1852 nt
1604 1782 1714 1855 veteri
1728 1806 1875 1855 manum
1890 1795 2055 1867 tantum,
2080 1806 2169 1855 noro

138 1911 224 1971 nes,
249 1889 312 1957 sed
322 1881 533 1959 horribilem
548 1884 815 1979 corruptionem
831 1884 872 1954 in
884 1899 1022 1973 natura,
1035 1907 1133 1956 ream
1185 1880 1524 1973 concuspiscentiam
1545 1879 1728 1976 prohiberi
1748 1898 1917 1958 statuant.

139 1987 313 2064 iraeDei.
1288 1981 1323 2056 7.
1355 1980 1449 2055 Nam
1472 1997 1508 2058 et
1522 1986 1579 2056 lex
1595 1984 1716 2084 Moysi
1730 1986 2057 2081 concupiscentiam
2071 2000 2168 2073 vetat,

246 2092 282 2167 S.
319 2086 398 2163 Etsi
420 2089 554 2162 Paulus
576 2114 651 2161 non
679 2090 850 2163 disceruit
877 2087 1134 2185 appellationes
1185 2099 1221 2157 et
1237 2107 1374 2156 novum
1393 2084 1666 2161 'l'sstamentum
1686 2115 1762 2163 non
1784 2088 1878 2177 Lex,
1917 2091 1980 2161 sed
2011 2089 2169 2163 1111111111

139 2194 274 2289 peccati
292 2193 476 2285 originalis
491 2208 527 2264 et
542 2193 707 2279 actualis,
732 2207 853 2265 tamen
871 2191 1055 2265 distinctio
1070 2190 1134 2262 1111Ι
1185 2188 1318 2283 peccati
1333 2202 1396 2261 est.

143 2299 301 2369 illustrat
317 2294 421 2367 Pauli
435 2296 665 2382 sententiam,
689 2308 724 2368 et
744 2297 931 2368 retinenda
955 2310 1024 2382 est,
1049 2293 1134 2388 quia
1287 2291 1323 2365 8.
1362 2288 1561 2383 Evangelio
1583 2290 1721 2363 iusticia
1742 2305 1777 2365 et
1790 2291 1864 2365 vita
1877 2307 2045 2367 aeternae
2058 2296 2171 2369 dona·

140 2396 277 2471 Paulus
303 2399 350 2469 de
373 2410 528 2492 utroque
551 2397 733 2492 loquitur,
758 2401 803 2470 de
826 2411 967 2493 peccato
986 2397 1135 2488 originis
1186 2406 1263 2478 tur,
1297 2393 1379 2464 ideo
1401 2417 1543 2488 capara
1567 2393 1672 2486 legis,
1711 2418 1802 2489 quae
1823 2398 1868 2469 de
1889 2399 2172 2474 rebusextemit

75 2564 78 2569 .
143 2502 241 2571 etde
260 2499 447 2570 fructibus.
1186 2494 1390 2582 constitnit,
1414 2498 1595 2593 antiquata
1617 2510 1682 2568 est.

246 2601 283 2674 4.
309 2599 524 2691 Magnitudo
537 2597 841 2675 beneficiiChristi
852 2602 892 2673 fit
904 2600 1135 2697 conspectior.
1298 2597 1337 2675 9.
1367 2594 1422 2670 Ea
1445 2622 1527 2693 pars
1544 2611 1688 2671 nonest
1704 2598 1909 2695 antiquata,
1936 2602 2169 2697 qnaeiudiest

144 2728 228 2776 cum
243 2704 447 2792 agnoscitur
464 2703 582 2773 morbi
598 2704 713 2774 nostri
729 2705 948 2797 magnitudo.
1186 2698 1304 2769 corda.

246 2802 284 2878 5.
323 2798 558 2896 Philosophia
580 2806 725 2877 moralis
745 2809 885 2902 quaerit
906 2829 1046 2879 causam
1062 2801 1134 2878 hu·
1290 2802 1350 2875 10.
1387 2801 1479 2875 Nam
1493 2817 1677 2898 peccatum
1694 2802 1828 2877 remitti
1853 2828 1928 2875 non
1942 2820 2082 2900 potest,
2104 2809 2168 2881 n⁰ui

144 2930 272 2978 manae
293 2906 529 2993 infirmitatis,
553 2930 619 2977 nec
639 2921 754 2998 potest
773 2933 849 2980 eam
865 2909 1045 2996 invenire,
1069 2934 1135 2981 nec
1157 2935 1163 3023 ἰ
1185 2901 1262 2994 lege
1277 2921 1456 2977 ostensum
1469 2907 1588 2979 luerit.

146 3007 306 3083 remedia
321 3008 422 3079 firma
436 3008 603 3081 ostendit.
639 3006 736 3100 Ergo
752 3012 792 3081 bt
810 3005 1041 3105 Philosophia
1054 3035 1136 3104 gra·
1294 3008 1356 3085 11.
1382 3007 1462 3080 Hoc
1475 3023 1528 3081 est
1543 3031 1608 3080 cur
1621 3005 1819 3100 Decalogns
1832 3009 2012 3102 exigatur,
2036 3012 2169 3111 reliqna

148 3111 243 3194 tior,
277 3133 359 3183 cum
385 3111 431 3181 ad
454 3134 530 3180 eam
552 3112 734 3184 confertur
755 3110 1011 3204 Evangelium,
1036 3116 1135 3209 quod
1187 3133 1270 3203 pars
1284 3111 1372 3203 legis
1386 3135 1461 3181 non
1475 3112 1571 3183 item.

143 3226 320 3285 monstrat
335 3235 475 3284 eausam
492 3212 726 3301 infirmitatis,
751 3229 786 3287 et
799 3216 900 3287 addit
916 3218 1081 3288 remedia.
1292 3216 1353 3290 12.
1386 3211 1530 3286 Iusticia
1546 3227 1583 3286 et
1597 3213 1670 3285 vita
1683 3225 1826 3283 aeterna
1839 3227 1892 3286 est
1904 3214 2058 3291 libertas
2071 3242 2170 3293 11111-

246 3316 283 3390 6.
308 3309 447 3408 ἠθικὸν
461 3314 634 3404 significat
645 3320 846 3389 moderatos
862 3331 897 3390 et
911 3318 1008 3388 lenes
1023 3321 1135 3390 animi
1186 3314 1309 3405 gelica.

147 3431 289 3502 motus,
313 3417 401 3488 tales
418 3415 578 3487 sinehde
594 3412 724 3490 habere
740 3419 779 3487 in
802 3420 1135 3510 magniscalamita-
1292 3416 1352 3489 tt.
1392 3414 1496 3487 Hanc
1525 3416 1715 3489 comitatur
1744 3418 1889 3492 libertas
1914 3422 2047 3492 utendi
2072 3424 2170 3497 rebus

144 3522 242 3593 tibus
257 3540 361 3588 nemo
376 3531 503 3610 potest.
1187 3518 1359 3599 extemis,
1384 3541 1450 3610 pro
1470 3519 1619 3592 arbitrio
1643 3519 1820 3612 Spiritus,
1845 3520 1930 3616 quia
1953 3520 2106 3599 Domini
2124 3540 2170 3601 est

249 3623 283 3693 7.
309 3618 393 3692 Ideo
409 3632 448 3690 nt
463 3618 550 3689 fiant
566 3642 649 3690 vera
661 3618 739 3713 ἤθη
753 3643 892 3691 necesse
906 3634 959 3692 est
971 3627 1135 3696 accedere
1188 3633 1282 3691 terra
1297 3633 1361 3691 etc.

145 3721 384 3814 cognitionem
399 3715 547 3794 Christi.
1293 3723 1351 3797 tt.
1392 3721 1463 3796 Sed
1480 3721 1636 3816 Spiritus
1657 3724 1804 3797 subiicit
1814 3726 1949 3799 liberos
1972 3730 2164 3822 pertarit·-

260 3822 297 3897 8.
322 3819 414 3895 Cum
430 3824 474 3892 de
491 3835 693 3892 sanctorum
709 3824 914 3897 infirmitate
929 3840 965 3899 et
978 3826 1136 3920 lapsibus
1187 3837 1276 3909 tem,
1297 3839 1338 3897 ut
1359 3826 1465 3897 rebus
1490 3840 1655 3912 utantur,
1677 3851 1742 3899 nec
1765 3844 1886 3902 contra
1903 3843 2091 3921 naturam,
2112 3856 2169 3905 nst

145 3926 297 4011 dicitur,
322 3947 464 3995 necesse
486 3937 536 3997 est
559 3924 705 3995 retineri
720 3926 910 3998 discrimen
929 3931 1061 4020 peccati
1075 3955 1135 4001 ve·
1187 3941 1311 3998 eontra
1328 3927 1451 3998 civiles
1466 3929 1730 4015 ordinationes,
1750 3945 1924 4027 quatenus
1942 3936 2103 4009 scandali
2116 3960 2169 4009 ra·

145 4028 253 4100 nialis
268 4042 303 4101 et
317 4026 491 4099 mortalis.
1187 4029 1240 4101 tio
1256 4030 1382 4121 poscit.
1431 4025 1540 4101 Anno
1555 4028 1767 4109 Muxxtlt.

249 4127 285 4200 9.
318 4126 486 4200 Cometae
509 4152 583 4199 non
608 4141 693 4200 sunt
714 4128 857 4215 stellae,
889 4133 950 4203 sed
973 4133 1136 4207 flammae

138 1010 244 1105 (tv.)
270 1012 379 1084 Alio
406 1006 697 1100 disputatio:
734 998 782 1075 de
805 999 1025 1078 discrimine
1041 1025 1132 1100 pes·

352 1116 431 1185 cuti
454 1109 656 1207 oripinolis
680 1113 719 1178 et
736 1108 915 1180 actualis.

144 4253 284 4324 sparsae
306 4253 468 4321 amagna
490 4231 583 4301 mole
596 4225 750 4316 halitus,
774 4245 810 4303 et
824 4232 980 4306 afferunt
994 4237 1135 4309 siccita-
1187 4240 1299 4341 (VI.)
1326 4246 1438 4319 Alia
1466 4243 1741 4341 disputatio
1769 4247 2046 4349 theoloptpa
2065 4254 2168 4331 pls.

145 4347 210 4409 tes,
262 4330 346 4402 ldeo
363 4356 447 4402 vere
463 4343 497 4402 et
514 4327 659 4426 physice
683 4332 800 4427 inquit
816 4331 962 4407 Aratus:
1432 4350 1556 4443 lippi
1581 4352 1765 4423 Melam
1772 4351 1886 4425 1205„-
1893 4374 1924 4425 ὃ,

228 4476 1003 4650 111111111.11111111..
1391 4515 1452 4588 ¹²⁶
1467 4519 1565 4614 sce
1591 4515 1967 4605 ducetur·

227 4645 310 4731 μήθ’
324 4643 385 4730 εἷς,
396 4645 482 4755 ἱ111ῑέ
496 4644 578 4755 δέω,
600 4648 681 4756 μηδὲ
693 4648 817 4756 ”lime
834 4649 1025 4760 ξομὸωνῐξς.
1186 4645 1329 4735 Usitata
1345 4679 1378 4735 et
1391 4666 1478 4736 falsa
1499 4667 1680 4739 distinctio
1698 4683 1760 4751 est,
1786 4681 1857 4739 tres
1872 4691 1948 4739 esse
1971 4668 2079 4761 leges,
2102 4670 2167 4745 Na·

228 4734 350 4799 Πολλοὶ
369 4755 430 4817 7³9
453 4755 609 4813 '‘⁰5¹⁰‘''0‘v
628 4734 665 4797 ἐπ
696 4758 849 4824 α”χμηθῳ
869 4737 1008 4827 eumd·
1186 4767 1352 4853 turalem,
1378 4765 1571 4839 Mosaieam
1587 4766 1894 4861 etEvangelicam.

244 4876 366 4940 Fertilis
379 4875 544 4960 Agricolae
559 4882 640 4941 rotis
654 4884 810 4963 contingat
825 4894 979 4962 utannus,
1288 4873 1325 4943 2.
1367 4865 1415 4940 Et
1438 4870 1548 4962 magis
1571 4871 1723 4964 impium
1748 4886 1817 4958 est,
1855 4874 1955 4967 quod
1988 4872 2164 4966 adfingunt

244 4977 410 5065 Nunquam
423 4984 568 5045 amisum
582 4981 719 5043 videatur
734 4987 767 5044 tn
783 4991 851 5045 aare
869 4985 963 5048 sidus.
1186 4969 1345 5060 singulos
1368 4985 1513 5064 propter
1535 4995 1618 5041 suae
1643 4974 1729 5064 legis
1747 4975 2035 5047 observationem
2048 5000 2162 5049 conss·

243 5078 316 5143 Non
331 5104 428 5161 unus,
453 5088 608 5165 gemtntve
630 5087 761 5163 misens,
788 5091 926 5169 plumea
941 5084 1093 5169 comesse,
1186 5086 1316 5164 quutos
1351 5096 1424 5143 esse
1461 5073 1702 5145 remissionem
1735 5089 1961 5169 peccatorum
1991 5090 2028 5151 et
2065 5080 2162 5153 vitan

245 5183 403 5269 Apparere
424 5189 522 5249 solent
544 5207 616 5249 nam
630 5191 710 5251 sisso
723 5200 859 5273 tempora
873 5192 979 5255 crebri.
1184 5186 1375 5246 adernam·

1288 5275 1324 5349 3.
1363 5274 1442 5347 Una
1459 5276 1555 5346 enim
1571 5277 1627 5348 lex
1651 5279 1798 5351 moralis
1818 5292 1871 5351 est
1893 5281 2058 5357 omnium
2077 5300 2162 5357 aett-

1184 5388 1279 5464 tum,
1306 5378 1419 5449 donec
1435 5391 1552 5451 manet
1570 5393 1697 5453 natura
1719 5376 1926 5456 hominum.
