4680 6038
178 130 396 325 ουδ’),
570 186 697 349 gl„
831 216 918 369 ᾗ,
945 212 1508 357 mruourcoucanrours.
1584 320 1588 325 Ι
1982 151 1990 167 ’
2121 225 2195 299 aaa

174 388 244 497 ulti
272 413 362 483 quae
390 389 522 487 praelia
549 348 641 465 ficti
664 392 754 477 sint,
786 370 882 486 quae
900 362 1006 473 hebes
1027 404 1158 487 quanto
1312 389 1444 462 Narrat
1470 391 1565 462 enim
1595 405 1630 463 et
1657 390 1856 488 Diodorus,
1892 334 2077 468 SePeucum
2106 397 2206 489 scri-⁴

123 532 142 583 g
173 490 300 563 baare
315 490 434 583 capite
450 495 534 587 sint,
557 509 691 588 quanta
705 493 848 564 victoris
861 493 1066 586 magnitudo
1081 496 1159 563 ani·
1189 492 1192 497 ’
1209 494 1339 586 psisse,
1364 489 1563 565 Chaldaeos
1583 497 1779 568 sacerdotes
1796 498 2009 589 praedixisse
2024 497 2092 568 sibi
2105 495 2193 568 Ale-

174 592 248 680 ml,
274 592 411 666 iusticia
434 608 470 666 et
487 590 659 667 inodestia
680 594 784 666 initio
802 596 925 681 luerit,
951 596 1157 669 discendum
1208 596 1335 665 xandri
1355 595 1559 682 interitum,
1585 611 1619 667 et
1636 599 1861 688 partitionem
1878 599 1977 689 regni
1995 600 2090 670 inter
2103 622 2191 692 qua·

173 706 229 765 est
248 717 288 765 ex
308 696 455 787 integris
478 692 647 769 historiis.
698 693 894 768 Modestiae
916 699 1156 768 testimonium
1207 710 1290 768 tuor
1313 700 1429 773 duces.
1480 693 1577 768 Haec
1607 692 1771 783 existimo,
1798 724 1839 770 ex
1869 698 2018 772 Daniele
2049 713 2190 793 sumpta

171 790 302 885 ingens
324 811 395 883 est,
429 801 525 892 quod
549 821 629 869 cum
652 796 754 870 Darii
775 799 978 890 coniugem,
1010 800 1101 869 filios
1122 812 1166 887 et
1206 799 1324 875 luisse.
1699 844 1701 849 .
2222 790 2228 806 ’

173 896 265 969 flia·
285 901 472 991 coepisset,
503 900 640 970 curavit
663 913 704 972 ut
728 901 824 990 regio
846 925 944 970 more
965 901 1155 986 alerentur,
1307 900 1500 994 Praecipue
1524 925 1608 971 vero
1630 902 1667 970 in
1689 898 1754 972 hac
1777 899 1926 989 historia
1947 904 2189 975 consideretur

149 1013 209 1079 aet
238 1000 339 1071 nulla
363 1002 576 1072 contumelia
599 1002 805 1076 afficeretur.
864 1000 970 1092 Quod
993 998 1154 1073 Persicus
1204 1003 1423 1093 exemplum,
1448 1007 1542 1097 quod
1569 1004 1606 1072 in
1630 1017 1727 1074 tanta
1749 1007 1944 1076 mutatione
1966 1005 2103 1095 generis
2119 1000 2188 1073 hu-

170 1102 326 1172 nuncius
358 1104 507 1173 narrans
534 1101 661 1188 Dario,
693 1097 750 1173 his
776 1128 858 1174 eum
886 1103 1003 1174 verbis
1032 1117 1153 1174 ornat:
1203 1104 1299 1176 mani
1317 1103 1412 1175 Deus
1427 1102 1642 1190 Ecclesiam,
1668 1130 1747 1174 cum
1774 1107 1872 1178 nulla
1893 1102 2015 1177 babuit
2032 1101 2187 1175 bumana

123 1206 127 1225 '
157 1201 416 1274 Alexandrum
430 1205 515 1275 etin
530 1205 673 1297 praeliis
688 1206 917 1289 acerrimum,
939 1206 1025 1275 etin
1040 1206 1153 1275 victo·
1202 1206 1396 1298 praesidia,
1421 1206 1612 1278 clementer
1633 1207 1737 1291 texit,
1763 1222 1797 1278 et
1817 1208 1884 1279 luit
1906 1207 2094 1278 mediocris
2115 1201 2187 1275 Ec-

168 1303 226 1375 ria
249 1304 455 1395 clementem
470 1328 560 1394 esse,
584 1302 720 1381 Δεινὸν
732 1299 965 1403 μαχόμενον,
987 1302 1153 1407 χρηστὸν
1201 1309 1325 1379 clesiae
1341 1309 1580 1403 tranquillitas
1596 1310 1662 1381 sub
1678 1306 1920 1380 Macedonicis
1932 1308 2092 1398 regibus,
2113 1307 2185 1376 lere

167 1397 213 1478 δὲ
228 1398 477 1503 κρατήσαντα,
1200 1433 1312 1503 usque
1334 1411 1379 1480 ad
1394 1405 1567 1482 Antiochi
1582 1405 1782 1502 Epiphania
1805 1424 1981 1505 tempora,
2005 1423 2045 1480 ut
2065 1421 2185 1500 postea

159 1630 179 1659 μ
274 1557 411 1649 Quarto
432 1583 528 1631 anno
549 1585 630 1631 cum
646 1558 769 1633 Asiam
790 1558 825 1632 'et
841 1557 1000 1632 Ciliciam
1021 1581 1149 1649 magno
1200 1512 1368 1588 dmm·
1880 1568 1884 1574 ·
1983 1586 1986 1591 .

165 1660 291 1733 labore
306 1661 509 1748 domuisset,
533 1659 671 1758 Tyrum
689 1675 767 1754 post
777 1663 917 1753 longam
927 1662 1151 1732 obsidionem
1533 1686 1601 1757 De
1631 1684 1694 1756 ,10
1700 1693 1850 1782 meo,

168 1765 319 1883 septimo
347 1786 467 1835 mense
496 1766 631 1884 soeph..
661 1766 724 1835 ubi
746 1778 876 1858 septem
897 1763 1011 1834 millia
1032 1758 1149 1881 homi·
1301 1811 1467 1905 Regnum
1495 1808 1714 1913 Almam
1767 1831 1808 1886 u,
1834 1838 1940 1908 sup„
1963 1817 2096 1887 dmum
2120 1829 2171 1887 ω

166 1889 255 1935 ”⁰¹¹¹
277 1888 317 1934 ¹¹¹
340 1879 602 1957 ⁰l¹l¹¹¹3¹¹l¹¹⁰¹¹e
620 1869 802 1938 “uellem
819 1879 920 1944 Μ’
946 1867 1017 1934 ἀυο
1036 1865 1149 1982 “unia
1200 1915 1294 1985 inter
1316 1919 1429 2008 prima
1452 1929 1488 1988 et
1502 1866 1740 2009 pulcherrimis
1758 1941 1865 2008 regna
1881 1918 2019 2009 generis
2034 1870 2183 1988 lluriiani

165 1980 285 2060 postea
308 1967 522 2058 strangulata
545 1982 648 2051 sunt,
675 1969 840 2040 tredecim
858 1967 969 2036 millia
986 1966 1024 2033 in
1038 1988 1149 2035 servr-
1198 2018 1285 2101 fust,
1316 2031 1352 2088 et
1373 2042 1575 2111 quanquam
1595 2019 1687 2089 bena
1710 2019 1812 2107 gessit
1837 2044 1917 2088 cum
1938 2016 2125 2091 Chaldaeis
2148 2031 2183 2089 et

163 2074 277 2140 ΜΕΝ
294 2070 432 2140 “dam
447 2082 540 2140 mm·
574 2068 670 2139 Hm
684 2068 863 2141 ‘ahmlll‘
878 2063 1032 2137 ‘hlium
1048 2089 1149 2158 [Μ’
1199 2116 1374 2214 Assyriis,
1399 2135 1517 2190 tamen
1532 2123 1700 2213 usquead
1715 2118 1851 2189 Persica
1868 2135 2043 2210 tempora,
2068 2142 2183 2189 annos

164 2169 260 2240 dicta
273 2183 342 2255 est,
366 2170 428 2267 qui
442 2167 597 2263 Capti.
613 2170 744 2263 inquit,
769 2169 948 2241 Venturos
961 2190 1035 2239 esse
1050 2190 1150 2239 ever·
1220 2221 1229 2238 .
1273 2221 1282 2237 .
1400 2222 1409 2238 .
1717 2222 1724 2237 .
1781 2222 1789 2237 .
1941 2222 1948 2237 .
2160 2214 2164 2229 ·

138 2256 262 2342 [som
278 2269 367 2364 Tyri
382 2294 423 2341 ex
439 2284 534 2343 tem
548 2268 684 2346 mmm·
1199 2233 1339 2290 crrcrter
1361 2221 1477 2305 mrlle,
1503 2244 1640 2312 semper
1660 2235 1807 2291 retmurt
1828 2243 1991 2312 proprios
2009 2243 2122 2308 reges,
2147 2235 2181 2290 et

1198 2335 1354 2393 veterem
1372 2323 1471 2411 regni
1488 2324 1650 2396 formam.
1700 2320 1889 2415 Cambyses
1904 2347 1986 2391 vero
2004 2335 2037 2390 et
2052 2323 2181 2390 deinde

267 2416 356 2488 Inde
386 2415 589 2492 Alexander
618 2420 664 2490 ad
694 2417 859 2490 Iudaeam
890 2418 1052 2500 accessit,
1090 2418 1149 2489 cui
1198 2422 1329 2493 Darius
1351 2445 1459 2513 regno
1482 2421 1656 2517 Aegyptio
1682 2423 1784 2513 potiti
1808 2436 1900 2498 sunt,
1953 2421 2074 2491 Postea
2100 2445 2180 2490 cnm

162 2521 275 2590 iratus
291 2533 381 2605 erat,
407 2521 488 2614 quia
505 2520 627 2592 ludaei
639 2521 679 2591 in
695 2522 881 2593 obsidione
898 2520 987 2616 Tyri
1001 2542 1148 2612 respon·
1197 2526 1265 2596 sub
1281 2525 1394 2593 Dario
1411 2520 1531 2595 Notho
1554 2525 1751 2607 defecisset,
1774 2524 1913 2593 difficili
1936 2523 2029 2591 bello
2050 2524 2180 2612 recepit

163 2622 309 2706 derant,
355 2643 391 2690 se
429 2645 602 2694 memores
638 2646 848 2715 magnorum
884 2621 1148 2706 beneficiorum,
1198 2649 1274 2698 earn
1288 2619 1431 2710 Ochus,
1457 2640 1491 2697 et
1507 2646 1671 2713 magnam
1686 2625 1738 2694 ibi
1755 2624 1998 2699 crudelitatem
2014 2624 2179 2694 exercuit.

162 2746 254 2816 quae
276 2746 296 2791 a
317 2722 458 2812 regibus
473 2720 622 2794 Persicis
636 2738 860 2817 acceperant,
884 2719 978 2794 nihil
993 2724 1147 2794 lecturos
1197 2727 1282 2798 Fuit
1308 2740 1425 2797 autem
1451 2725 1569 2797 ultimi
1592 2723 1693 2796 Darii
1724 2738 1881 2816 tempore
1911 2726 2103 2815 praelectus
2129 2723 2180 2794 ibi

162 2846 237 2895 esse
257 2837 379 2894 contra
401 2846 471 2894 eos.
520 2822 611 2896 Cum
627 2840 744 2897 autem
759 2825 858 2920 Tyro
873 2841 973 2916 capta
991 2821 1147 2895 Alexan·
1196 2828 1381 2913 Mazabes,
1406 2828 1469 2920 qui
1492 2851 1572 2897 cum
1597 2827 1719 2905 sciret,
1745 2823 1938 2920 Aegyptios
1960 2826 2075 2894 odisse
2092 2823 2180 2897 Per·

161 2926 227 2996 der
247 2925 285 2992 in
302 2924 467 2996 Iudaeam
489 2927 659 3013 venisset,
683 2928 885 3019 placaturus
900 2951 980 2998 eum
997 2919 1145 2995 Iaddus
1196 2930 1307 3002 sicum
1337 2929 1556 3020 imperium,¹
1575 2941 1609 2996 et
1634 2928 1716 3020 quia
1743 2930 1786 2995 ad
1808 2929 1999 2997 arcendum
2024 2924 2179 2997 Alexan-

161 3048 320 3098 summus
343 3028 525 3114 sacerdos,
547 3043 695 3117 ornatus
710 3042 805 3098 veste
818 3027 1044 3112 sacerdotali,
1063 3052 1145 3097 curn
1196 3034 1300 3101 drum
1323 3030 1518 3121 imparatus
1541 3043 1648 3113 esset,
1674 3028 1830 3097 venienti
1856 3052 1896 3097 ex
1916 3027 2019 3121 Syria
2041 3028 2179 3098 dedidit
2208 3038 2211 3045 '

158 3140 265 3199 coctu
298 3128 520 3199 sacerdotum
551 3142 586 3200 et
615 3129 796 3200 seniorum
825 3128 993 3222 processit
1020 3128 1053 3196 ei
1078 3128 1146 3197 ob-
1196 3155 1270 3202 sese
1291 3144 1325 3202 et
1347 3127 1547 3225 Aegyptum
1568 3130 1643 3199 sine
1664 3129 1864 3199 certamine.
1926 3125 1979 3197 lta
2000 3141 2178 3198 vetustum

157 3228 275 3314 Vim,
300 3245 335 3301 0¹
355 3252 477 3322 Pacem
497 3229 636 3322 petivit·
684 3229 741 3302 lbi
760 3228 963 3302 Alexander
984 3230 1028 3298 (le
1052 3253 1143 3324 equo
1194 3247 1230 3305 et
1244 3232 1452 3325 opulentum
1468 3255 1614 3319 regnum
1623 3227 1824 3301 Alexander
1837 3228 2031 3319 occupavit,
2056 3240 2090 3298 ct
2104 3229 2180 3298 lor-

156 3330 375 3401 descendens
405 3353 582 3402 summum
614 3333 828 3402 sacerdotem
859 3343 1061 3403 reverenter
1088 3353 1144 3399 sa·
1194 3350 1317 3407 tunam
1339 3334 1515 3425 sapienter
1535 3333 1738 3402 moderatus
1760 3344 1830 3412 est,
1858 3353 1931 3400 non
1950 3329 2100 3400 mutavit
2116 3353 2178 3398 vc-

153 3432 269 3531 lutat,
288 3445 323 3503 et
344 3455 465 3525 pacem
486 3432 673 3524 promittit·
724 3433 844 3505 Duces
857 3432 1071 3503 admirablet
1086 3431 1144 3501 ln·
1193 3450 1304 3508 terem
1318 3437 1468 3505 formam
1486 3433 1771 3525 gubernationis,
1795 3434 1855 3501 sed
1873 3431 1983 3503 veteri
1998 3428 2178 3502 moreNo-

152 3532 362 3624 le'rrogant,
387 3557 451 3604 cur
473 3546 572 3605 tanto
589 3529 727 3606 honore
742 3529 839 3605 hunc
853 3535 1068 3605 sacerdotem
1083 3557 1145 3604 ex·
1192 3533 1354 3612 marchas
1374 3536 1475 3620 fecit,
1506 3535 1707 3629 etquidem
1729 3531 1938 3627 Aegyptios,
1964 3554 2028 3600 nec
2048 3531 2112 3601 uni
2135 3554 2177 3600 ex

153 3634 330 3729 ceperit?-
345 3633 487 3725 Quibus
500 3637 705 3727 respondet,
729 3660 767 3708 se
783 3637 823 3706 in
836 3635 1048 3707 Macedonia
1061 3649 1143 3706 ante
1192 3640 1266 3711 suis
1287 3637 1547 3709 commendavit
1568 3637 1728 3708 universi
1751 3635 1851 3725 regni
1872 3633 2179 3724 gubernationem,

150 3736 294 3835 bellum
316 3722 552 3809 dittmientem
574 3737 705 3808 vidisse
723 3739 830 3811 talem
852 3737 1002 3831 speciem
1023 3737 1143 3808 numi·
1192 3744 1253 3814 sed
1277 3740 1452 3833 praesidia
1475 3737 1646 3832 imposuit
1667 3738 1816 3807 diversis
1838 3735 1944 3820 locis,
1968 3729 2083 3805 ethis
2106 3735 2177 3802 du·

151 3824 233 3924 nis',
268 3814 429 3910 ulioatam
466 3838 576 3909 simili
616 3854 729 3926 veste,
765 3853 949 3911 vocantem
985 3860 1066 3909 eum
1102 3839 1142 3908 in
1192 3858 1305 3914 atores
1325 3841 1508 3933 praefecit,
1533 3841 1629 3933 pacis
1649 3840 1801 3911 tuendae
1819 3860 1934 3907 causa.
1985 3831 2039 3906 Ac
2057 3833 2178 3905 scribit

148 3938 299 4022 Asiam,
339 3952 374 4014 et
402 3939 605 4028 iubentem,
640 3955 684 4013 ut
709 3942 845 4012 bellum
870 3954 992 4012 contra
1017 3938 1143 4012 Persas
1190 3945 1385 4028 Arrianus,
1407 3943 1547 4013 additos
1560 3964 1633 4012 esse
1649 3943 1740 4012 duos
1754 3941 1978 4028 inspectores,
2004 3957 2093 4027 quos
2107 3958 2175 4003 no-

150 4036 338 4127 moieret,
362 4052 397 4110 et
420 4042 579 4111 dextram
598 4043 860 4135 porrigentem,
884 4056 1054 4136 tanquam
1073 4043 1142 4112 du·
1191 4044 1344 4116 minavit
1366 4038 1585 4142 Episcopos.
1646 4039 1747 4130 Quae
1771 4038 1890 4107 omnia
1911 4038 1961 4106 tic
1984 4036 2175 4106 constituta

151 4141 318 4216 ctricem.
363 4137 453 4212 Eius
473 4142 600 4235 speciei
618 4167 699 4214 cum
723 4144 851 4217 viderit
868 4138 964 4214 herne
979 4145 1142 4215 sacerdo-
1190 4160 1294 4234 aunt,
1318 4169 1364 4216 ne
1378 4146 1408 4216 si
1423 4169 1516 4217 unus
1532 4157 1619 4214 esset
1633 4163 1792 4214 summus
1806 4140 2030 4228 gubernator,
2056 4158 2174 4226 regem

147 4256 228 4317 tem
252 4242 404 4314 similem
428 4254 529 4331 esse,
548 4245 749 4317 existimare
769 4268 826 4333 se,
852 4240 949 4317 hunc
967 4247 1140 4338 populum
1191 4273 1228 4320 se
1250 4249 1389 4322 laceret.
1439 4245 1488 4318 Et
1504 4247 1591 4317 dicit
1606 4244 1798 4326 Arrianus,
1822 4238 2005 4312 llomanos
2021 4235 2175 4308 Alexan-

147 4342 233 4418 lteo
261 4367 365 4416 curae
385 4365 477 4431 esse,
508 4369 615 4441 seque
635 4348 680 4418 ab
703 4344 811 4419 huius
831 4346 956 4439 populi
976 4342 1053 4417 Deo
1077 4348 1142 4418 ad·
1191 4352 1247 4422 dri
1271 4349 1459 4420 consilium
1481 4361 1601 4438 postea
1626 4345 1663 4414 in
1680 4340 1831 4438 Aegypti
1848 4341 2105 4431 gubernatione
2120 4360 2176 4408 se·

150 4444 277 4515 iusum
293 4469 386 4532 csse,
410 4470 519 4541 quare
539 4447 571 4517 ei
590 4472 733 4540 parcere
750 4464 785 4521 et
799 4450 1004 4520 benefacere
1020 4451 1142 4520 decre·
1190 4466 1320 4547 quutos
1343 4474 1427 4524 esse.
1480 4447 1532 4520 lta
1557 4459 1657 4517 vetus
1672 4445 1836 4517 doctrina
1851 4445 1890 4512 in
1907 4465 1950 4512 eo
1964 4464 2072 4532 regno
2088 4462 2176 4510 con·

148 4544 273 4616 visset.
335 4545 461 4618 Postea
493 4542 716 4641 hospitaliter
746 4563 910 4642 exceptus
933 4550 1068 4623 tributa
1094 4551 1139 4623 ab
1190 4566 1325 4624 servata
1354 4567 1407 4622 est
1434 4551 1518 4620 inde
1544 4571 1655 4642 usque
1682 4541 1848 4637 aloseph
1870 4545 1915 4615 ad
1934 4538 2174 4614 Mabometica

148 4640 263 4719 Ocho
281 4659 433 4742 tyranno
455 4645 619 4739 imposita
630 4652 785 4739 remisit,
807 4652 1021 4744 compescuit
1034 4651 1139 4723 etiam
1188 4669 1366 4746 tempora,
1391 4652 1495 4724 annis
1516 4650 1596 4743 plus
1617 4648 1759 4720 duobos
1778 4644 1949 4716 millibus.
1998 4639 2176 4714 Scribitur

147 4744 292 4819 vicinos
312 4747 350 4817 in
365 4747 545 4834 Samaria,
570 4751 634 4844 qui
652 4753 820 4825 adversus
837 4750 987 4823 ludaeos
1001 4755 1140 4825 tumul·
1190 4771 1224 4829 et
1251 4756 1386 4828 reditus
1402 4748 1605 4824 Alexandro
1631 4750 1805 4821 indicatos
1828 4768 1902 4816 esse
1918 4766 1976 4814 sex
1990 4740 2103 4811 millia
2119 4753 2174 4811 ta-

149 4850 360 4923 tuabantur.
409 4846 592 4921 Credibile
613 4866 665 4925 est
685 4853 811 4941 etiam,
844 4875 1005 4925 narrasse
1025 4879 1140 4926 sacer·
1188 4859 1390 4944 lentorum,
1414 4855 1451 4925 id
1468 4868 1540 4946 est,
1563 4875 1623 4923 scs
1637 4865 1670 4923 et
1686 4850 1829 4940 triginta
1845 4860 1976 4918 tonnas
1990 4841 2082 4919 auri.
2149 4939 2154 4948 Ι

149 4950 256 5023 dotes
270 4947 473 5021 Alexandro
487 4947 647 5024 Danielis
659 4955 954 5047 praedictionem,
981 4956 1043 5050 qui
1058 4971 1140 5029 ante

151 5074 269 5123 annos
288 5052 365 5123 200
392 5052 603 5125 vaticinatus
634 5057 768 5144 fuerat,
812 5080 931 5147 regem
960 5055 1137 5129 Graecum

1386 5024 1455 5095 De
1480 5019 1673 5115 praelio
1703 5013 1761 5089 od
1789 4976 1974 5119 Arbela.

151 5152 353 5247 potiturum
372 5173 445 5219 esse
461 5153 612 5247 imperio
629 5154 784 5233 Persico.
834 5156 882 5232 Et
897 5184 971 5230 non
988 5160 1139 5232 dubium
1289 5153 1492 5229 Constituto
1515 5175 1625 5244 regno
1649 5143 1802 5244 Aegypti
1824 5171 1866 5218 ex
1888 5145 1977 5218 urhe
2000 5137 2178 5236 Memphi,

151 5267 225 5341 “¹2
257 5253 304 5324 ὅθ
331 5245 397 5321 ¹¹¹¹
418 5262 516 5357 ΨΜ
535 5257 674 5341 generis
695 5252 846 5333 humani
865 5261 1063 5335 mutatione
1082 5285 1140 5336 sa·
1188 5281 1278 5354 quae
1300 5281 1398 5329 nunc
1420 5271 1472 5329 est
1487 5250 1691 5336 Alcairum,
1715 5249 1821 5321 rediit
1835 5246 2036 5321 Alexander
2054 5245 2093 5314 in
2105 5240 2175 5337 Sy·

150 5355 291 5447 P¹0¹¹¹2¹
303 5352 625 5427 mullfflflmlffi
641 5375 724 5430 e⁸⁸0·
1189 5361 1296 5445 riam,
1342 5383 1437 5430 anno
1475 5371 1571 5428 sexto
1609 5365 1795 5444 postquam
1826 5372 1972 5439 regnare
2002 5355 2173 5434 coeperat.
