4680 6038
148 204 224 280 stt

289 418 300 437 ·
331 372 399 446 De
423 363 637 444 secondo
669 330 962 458 quaestione,

439 472 616 547 uidelicet
643 467 691 540 de
717 473 856 540 causis.

257 634 359 712 Vlll.
394 635 552 707 Illustria
569 631 771 705 testimonia
787 644 871 702 sunt
887 630 962 700 veri
978 642 1012 699 et
1027 652 1146 720 magns
1197 664 1206 682 ·

155 742 287 820 amoris
302 741 340 808 in
357 737 434 809 Deo
452 760 531 828 erga
548 758 658 827 genus
676 731 895 822 humanum,
928 733 1025 825 quod
1050 744 1085 803 et
1108 733 1147 799 in

156 845 335 919 creatione
351 843 389 910 in
408 865 473 911 nos
495 838 687 910 transfudit
707 859 790 905 suae
812 835 1007 926 sapientiae
1032 847 1067 905 et
1090 834 1148 902 iu-

157 949 278 1019 sticiae
301 943 438 1028 radios,
479 954 514 1011 et
538 941 667 1010 deinde
693 939 805 1008 lilium
830 962 895 1028 pro
919 937 1023 1006 nobis
1043 935 1147 1006 victr-

157 1073 251 1119 mam
268 1068 340 1116 esse
354 1043 487 1123 voluit,
515 1066 561 1111 ne
580 1054 693 1111 totum
711 1063 821 1128 genus
835 1033 1031 1108 humanum
1054 1038 1148 1128 peri-

156 1165 230 1232 ret,
269 1164 304 1220 et
328 1149 425 1240 quod
449 1147 489 1214 in
511 1168 576 1214 nos
597 1144 749 1213 effundit
770 1141 945 1232 Spiritum
975 1154 1148 1219 sanctum,

158 1253 222 1347 qni
246 1264 298 1322 est
321 1241 520 1340 ὁμοούσιος
544 1260 688 1316 aeterno
714 1244 806 1336 patri
826 1255 861 1314 et
883 1242 958 1314 filio
981 1239 1149 1312 0100110-

156 1356 256 1425 mino
275 1364 397 1422 nostro
416 1347 495 1419 lesu
510 1343 669 1421 Christo.

257 1485 322 1556 lX.
349 1482 423 1557 Nec
440 1508 522 1553 vero
538 1482 652 1552 maius
667 1504 705 1551 ac
720 1480 845 1551 melius
861 1481 1049 1574 quiequam
1066 1482 1149 1549 dare

157 1589 258 1664 11000
271 1602 405 1680 potest,
431 1608 538 1679 quam
555 1579 647 1653 hanc
662 1584 766 1653 talem
782 1582 981 1652 societatem
997 1582 1052 1652 sui
1067 1580 1150 1671 Spi-

157 1696 268 1777 ritus,
293 1715 365 1782 quo
384 1710 545 1759 nuscum
566 1685 752 1755 divinitate
770 1684 931 1776 copulat,
966 1697 1000 1754 et
1025 1706 1150 1753 accen-

159 1797 214 1864 dit
246 1793 284 1862 in
317 1791 424 1862 nobis
453 1812 571 1857 veram
606 1788 742 1867 lucem,
778 1786 952 1855 iusticiam
975 1799 1009 1855 et
1030 1786 1151 1855 vitam.

160 1896 325 1988 Suntque
358 1890 546 1985 execrandi
577 1890 714 1959 lurores
747 1886 1037 1976 pelagianorum,
1088 1887 1152 1978 qui

159 1992 340 2067 horrenda
358 1994 537 2085 impietate
551 2004 585 2061 et
600 1990 857 2080 ingratitudine
876 2001 1008 2077 negant
1026 1985 1151 2059 Eccle-

159 2100 232 2169 siae
246 2096 324 2167 dari
339 2093 514 2187 Spiritum
533 2106 715 2172 sanetum,
743 2106 777 2162 et
801 2091 952 2183 superbe
972 2091 1151 2160 affirmant

157 2197 321 2293 homines
342 2197 413 2288 legi
429 2193 498 2266 Dei
508 2196 718 2280 'satisfacere
742 2216 844 2285 posse
866 2193 1022 2286 propriis
1044 2189 1151 2263 buius

158 2301 308 2372 miserae
324 2314 357 2372 et
374 2297 615 2390 languefactae
632 2309 781 2366 naturae
798 2295 947 2369 viribus.
1077 2298 1083 2309 '

262 2433 308 2506 X.
341 2429 421 2507 Etsi
438 2449 472 2506 et
491 2456 565 2504 uon
589 2429 704 2502 renati
728 2431 849 2523 aliquo
873 2432 980 2500 modo
1003 2444 1153 2520 possunt

160 2552 305 2610 externa
328 2537 415 2626 legis
434 2559 542 2626 opera
566 2535 699 2615 lacere,
732 2532 816 2624 quia
839 2546 881 2602 ut
898 2532 1090 2622 disciplina
1113 2534 1153 2601 in

160 2654 236 2713 1010
263 2661 391 2730 genere
412 2632 570 2706 humano
592 2645 769 2714 servetur,
810 2647 843 2702 et
874 2634 1007 2702 servari
1032 2634 1154 2727 possit,

161 2741 279 2823 voluit
299 2737 396 2812 Deus
418 2735 510 2807 hanc
535 2736 733 2807 libertatem
759 2734 932 2827 reliquam
954 2758 1042 2819 esse,
1083 2760 1152 2828 qua

161 2842 328 2914 voluntas
347 2836 505 2912 humana
526 2838 616 2927 regit
638 2850 780 2907 externa
803 2838 980 2922 membra,
1014 2860 1076 2907 seu
1099 2837 1153 2907 lo-

33 3012 39 3019 .
162 2944 398 3028 comotivam,
423 2956 464 3012 ut
481 2940 605 3010 usitate
622 2938 822 3030 loquimur,
856 2951 977 3013 tamen
993 2938 1070 3008 sine
1089 2963 1153 3010 au·

161 3045 249 3119 01110
271 3043 428 3138 Spiritus
449 3041 561 3114 sancti
584 3066 658 3111 non
681 3033 871 3111 inchoatur
895 3041 1046 3112 interior
1067 3043 1153 3111 obe-

162 3147 309 3221 dientia.

144 3310 152 3324 ·
266 3280 331 3354 XI.
366 3277 481 3352 Datur
504 3295 621 3351 autem
644 3277 798 3371 Spiritus
820 3293 978 3363 sanctus,
1011 3302 1091 3350 cum
1115 3281 1153 3348 in

163 3384 397 3460 conversione
420 3406 483 3453 seu
508 3381 724 3474 poenitentia
747 3405 867 3451 vocem
882 3377 1070 3471 Evangelii
1089 3405 1154 3454 au-

166 3492 285 3559 dimus
300 3499 334 3558 01
349 3486 562 3575 cogitamus,
600 3494 634 3551 et
659 3483 764 3551 corda
787 3482 856 3552 fide
877 3483 1083 3573 eriguntur,
1121 3498 1153 3554 et

167 3593 263 3661 inea
285 3588 528 3658 consolatione
550 3597 791 3654 sustentantur
813 3584 993 3672 agnitione
1015 3586 1155 3655 miseri-

167 3692 308 3761 cordiae
321 3684 408 3771 Dei,
432 3700 469 3757 et
483 3685 659 3775 incipiunt
673 3685 891 3778 acquiescere
906 3686 945 3753 in
953 3682 1049 3770 Deo,
1074 3711 1153 3755 eum

167 3795 351 3875 invocare,
377 3801 413 3858 et
431 3802 473 3859 ut
485 3786 617 3856 Paulus
641 3786 778 3878 inquit,
804 3786 954 3856 clamare
970 3782 1075 3857 Abba
1092 3812 1156 3878 pa-

167 3909 233 3964 ter.
295 3889 380 3961 Ideo
399 3884 533 3960 Paulus
555 3887 718 3957 nominat
738 3884 973 3976 Evangelium
994 3889 1156 3959 ministe-

168 3998 265 4066 rium
290 3992 456 4085 Spiritus.
523 3987 629 4060 ltem:
667 3985 902 4074 Evangelium
928 4003 978 4060 est
1000 3993 1155 4081 potentia

166 4095 236 4170 Dei
258 4095 470 4166 adsalutem
493 4092 595 4163 omni
617 4091 786 4161 credenti.
848 4088 898 4161 Et
920 4091 960 4160 in
984 4089 1156 4164 Zacharia

169 4199 317 4268 dicitur:
350 4192 545 4266 Effundam
562 4217 667 4284 super
689 4194 835 4262 domum
851 4189 969 4262 David
983 4194 1157 4285 Spiritum

170 4297 303 4389 gratiae
320 4310 354 4366 ct
377 4319 542 4387 precum,
575 4295 742 4364 videlicet
767 4318 839 4387 quo
864 4318 1086 4383 moveamur,
1118 4311 1158 4367 ut

172 4396 400 4469 assentientes
416 4396 494 4464 voci
512 4391 699 4484 Evangelii
717 4409 912 4466 statuamus
935 4420 1001 4466 nos
1024 4422 1097 4469 esse
1118 4400 1158 4467 in

170 4501 302 4591 gratia,
335 4511 369 4568 et
394 4493 460 4566 hac
482 4496 551 4564 fide
577 4499 780 4567 accedentes
805 4500 849 4567 ad
872 4497 990 4570 Deum
1014 4501 1158 4572 invoce-

170 4626 269 4687 mus,
294 4611 362 4671 etc.

275 4730 360 4804 Xll.
402 4725 631 4800 Concurrunt
655 4727 773 4822 itaque
798 4726 866 4802 hae
897 4758 1037 4822 causae,
1077 4763 1158 4808 ver-

173 4840 258 4908 bum
273 4831 361 4918 Dei,
395 4844 430 4902 et
446 4829 601 4921 Spiritus
627 4844 767 4902 sanctus
788 4834 971 4906 illustrans
991 4853 1158 4924 mentem,

174 4950 209 5007 et
228 4936 402 5006 adiuvans
431 4933 668 5010 voluntatem,
709 4945 743 5001 et
767 4935 933 5008 voluntas
954 4962 1029 5008 non
1054 4963 1159 5033 repu-

175 5060 306 5129 gnans,
331 5037 393 5105 sed
412 5033 622 5116 assentiens,
647 5043 681 5100 et
696 5033 842 5124 quidem
860 5062 941 5107 cum
966 5040 1039 5108 iarn·
1059 5042 1161 5111 iuvea

175 5154 235 5210 tur
248 5136 386 5230 Spiritu
402 5147 543 5219 sancto,
568 5134 705 5203 luctans
720 5149 754 5204 et
771 5135 846 5224 ipsa
861 5161 941 5208 cum
958 5141 1160 5213 infirmitate

55 5244 68 5265 ²
176 5251 315 5323 nostra,
341 5252 375 5308 et
388 5260 464 5305 nou
482 5235 671 5326 indulgens
686 5235 927 5325 diffidentiae,
949 5256 982 5313 et
1005 5243 1086 5315 aliis
1106 5246 1160 5315 vi-

176 5339 276 5411 tiosis
291 5337 489 5410 affectibus.

922 180 1408 269 utseuTaTIOttEs

2107 192 2179 273 172

1296 356 1399 434 Χ111.
1431 355 1660 455 Nequaquam
1677 362 1774 437 enim
1796 362 1844 434 ita
1867 361 2103 456 cogitandum
2116 380 2178 439 est:

1196 458 1394 551 lndulgebo
1411 462 1628 534 diffidentiae
1643 478 1705 535 aut
1727 488 1855 557 pravae
1874 462 2092 558 cupiditati,
2122 470 2179 559 do·

1196 586 1261 633 nec
1275 584 1417 633 sensero
1434 560 1523 633 mihi
1538 566 1637 639 velut
1650 579 1790 652 coacto,
1821 567 1910 638 alios
1930 589 2051 639 novos
2068 583 2181 643 motos

1196 665 1323 736 insitos
1345 689 1437 752 esse,
1478 668 1540 737 sed
1563 669 1718 739 luctetur
1740 670 1924 756 voluntas,
1965 693 2015 740 ne
2038 671 2182 761 repellat

1196 764 1370 858 Spiritum
1392 781 1563 843 sanctum.
1617 768 1692 841 Nec
1720 792 1843 841 sensus
1872 794 1935 842 seu
1966 773 2182 862 experientis

1117 935 1127 953 ,
1197 883 1399 960 praecurrat
1414 869 1540 955 fidem,
1565 883 1606 941 ut
1622 895 1704 942 cum
1718 873 1878 964 exploras
1895 897 1942 943 an
1960 897 2058 967 aqua
2075 875 2181 947 ulios

1198 972 1245 1041 sit
1271 984 1332 1042 aut
1354 971 1506 1060 frigida,
1539 974 1601 1041 sed
1632 974 1719 1043 fides
1747 977 1930 1048 antecedat
1954 998 2108 1046 sensum
2128 990 2180 1049 aot

1197 1073 1365 1143 laetitiam
1382 1074 1421 1141 in
1435 1075 1551 1146 corde.
1599 1072 1709 1146 Recte
1727 1076 1834 1166 igitur
1847 1076 1985 1149 dictum
2001 1091 2074 1150 est:
2100 1075 2178 1151 iiras

1196 1167 1267 1266 μὲν
1284 1170 1304 1246 ὃ
1322 1169 1430 1264 θεὸς,
1454 1166 1687 1268 βουλόμενον
1707 1171 1748 1249 δὲ
1770 1175 1873 1252 iisset.
1923 1175 1975 1250 Et
1997 1179 2177 1252 101001110-

1198 1278 1347 1368 gustini:
1373 1275 1568 1349 Praeeunte
1586 1278 1717 1368 gratia,
1741 1281 1932 1352 comitante
1949 1280 2146 1355 voluntate.

1299 1375 1400 1448 XlV.
1430 1377 1513 1449 Non
1531 1380 1576 1451 sit
1597 1378 1706 1471 igitur
1726 1381 1851 1470 ignava
1873 1383 2065 1471 voluntas,
2088 1408 2180 1478 prae·

1200 1481 1320 1552 sertim
1337 1505 1416 1550 cum
1435 1479 1591 1572 Spiritus
1613 1494 1754 1553 sanctus
1776 1483 1963 1556 restituere
1986 1486 2178 1559 libertatern

1200 1583 1366 1675 coeperit,
1388 1605 1506 1652 severe
1520 1583 1671 1675 imperet
1684 1586 1838 1655 externis
1850 1588 2040 1675 membris,
2058 1604 2179 1682 pugnet

1198 1699 1239 1756 ut
1254 1685 1404 1756 retineat
1420 1682 1488 1754 Dei
1508 1686 1654 1759 donum.
1707 1683 1827 1775 Quare
1841 1685 1977 1758 Paulus
2001 1691 2178 1783 praecipit:

1200 1782 1391 1857 Ambulate
1405 1801 1582 1873 accurate,
1607 1810 1682 1856 non
1698 1800 1737 1858 ut
1751 1789 1859 1875 fatui,
1884 1789 1923 1859 id
1945 1805 2017 1877 est,
2042 1793 2180 1887 quibus-

1200 1889 1288 1960 libet
1318 1889 1548 1981 opinionibus
1584 1889 1661 1958 sine
1700 1890 1834 1960 iudicio
1864 1892 2124 1986 applaudentes
2147 1909 2179 1965 et

1199 2003 1341 2060 ruentes
1355 2015 1426 2083 quo
1442 1990 1632 2082 impellunt
1647 2006 1801 2063 errantes
1819 1994 2047 2083 cupiditates.
2088 1992 2134 2067 Et
2144 1998 2177 2065 in

1200 2092 1341 2162 Psalmo
1356 2093 1502 2163 dicitur:
1531 2091 1651 2164 Nolite
1666 2093 1743 2163 fieri
1757 2093 1848 2165 sicut
1865 2118 1982 2189 equus
2001 2111 2039 2168 et
2062 2099 2181 2175 mulos.

1199 2191 1343 2265 Etcum
1360 2218 1441 2263 vere
1456 2195 1589 2264 dictum
1605 2196 1667 2265 sit:
1693 2194 1817 2267 Vitare
1832 2211 1987 2287 peccata,
2014 2201 2181 2293 estvitsre

1201 2298 1400 2366 occasiones
1415 2308 1658 2387 peecatorum,
1686 2297 1817 2393 aliquis
1838 2310 1891 2368 est
1915 2299 2016 2371 10000
2037 2301 2181 2393 diligen-

1201 2386 1271 2468 tiae
1286 2394 1461 2468 humanae
1476 2398 1515 2466 in
1538 2399 1692 2468 vitandis
1713 2399 1975 2488 occasionibus,
2004 2416 2044 2476 01
2059 2399 2180 2497 loseph

1202 2501 1335 2570 vitabat
1368 2500 1545 2592 colloquia
1576 2501 1766 2570 familiaria
1793 2500 1970 2577 dominae.
2026 2502 2176 2593 Agamus

1201 2616 1318 2673 autem
1334 2598 1410 2671 Deo
1436 2601 1566 2691 gratias
1587 2603 1670 2673 totis
1690 2602 1916 2694 pectoribus,
1936 2605 2030 2698 quod
2054 2605 2096 2674 10
2111 2601 2179 2677 hac

1202 2727 1327 2795 magna
1351 2702 1591 2773 imbecillitate
1614 2728 1679 2774 000
1702 2703 1874 2776 1001001εο
1889 2728 1955 2777 000
1970 2705 2108 2797 Spiritu
2121 2710 2179 2780 ad-

1202 2807 1319 2891 iuvat,
1356 2806 1447 2893 regit
1471 2806 1617 2876 consilia
1642 2807 1682 2874 in
1701 2806 1824 2876 multis
1845 2809 1974 2895 rebus,
2009 2833 2097 2902 quae
2117 2805 2177 2883 bu·

1202 2907 1306 2977 mana
1322 2907 1510 2997 prudentia
1528 2909 1602 2996 regi
1618 2932 1692 2978 non
1707 2920 1874 2999 possunt,
1901 2910 2016 2983 flectit
2029 2913 2174 2997 volunta.

1202 3024 1270 3080 tem
1287 3011 1331 3079 ad
1348 3010 1461 3089 bona,
1487 3010 1651 3100 reprimit
1669 3010 1874 3082 temerarios
1892 3011 2053 3105 impetus
2065 3014 2171 3095 cordis,

1202 3112 1263 3182 dat
1289 3112 1403 3181 bonos
1427 3111 1540 3180 exitus
1565 3111 1603 3180 in
1626 3112 1781 3200 negociis
1802 3111 2123 3200 inextricabilibus,
2147 3129 2174 3186 et

1202 3213 1387 3283 confirmat
1413 3226 1549 3282 mentes
1576 3226 1611 3283 et
1631 3213 1851 3300 voluntates,
1893 3239 1940 3285 ne
1967 3214 2173 3291 011000101-

1202 3317 1308 3385 ciant.
1359 3311 1605 3385 SicutPaulus
1620 3314 1756 3409 inquit,
1781 3313 1910 3390 Roma.
1930 3316 1984 3388 8.;
2016 3316 2062 3393 τὸ
2082 3323 2172 3393 sesti·-

1202 3443 1256 3509 μα
1276 3408 1667 3509 συναντιλαμβάνεται
1682 3417 1764 3497 ταῖς
1780 3413 1986 3504 ἀσθενείας
2002 3416 2117 3515 ἡμῶν.

1412 3589 1480 3659 110
1507 3591 1656 3658 tertio
1684 3592 1991 3681 quaestione:

1328 3688 1509 3776 00000σά0
1534 3692 1690 3782 placeat
1715 3712 1811 3762 0000
1838 3689 2070 3771 odedientia.

1304 3823 1387 3900 XV.
1419 3822 1510 3894 Cum
1528 3823 1567 3891 in
1582 3818 1647 3894 hac
1663 3824 1806 3895 mortali
1827 3827 1899 3897 vita
1918 3831 2031 3901 nobis
2053 3833 2090 3903 10
2106 3854 2172 3903 000-

1205 3940 1325 4020 spectu
1342 3927 1413 3997 sint
1427 3926 1560 3997 multae
1575 3938 1717 3997 nostrae
1730 3930 1870 4013 sordes,
1896 3933 2174 4006 excruciantsoi·
2217 4018 2219 4025 Ι

1204 4051 1281 4098 mos
1307 4041 1342 4099 et
1367 4028 1569 4120 impediunt
1594 4028 1853 4099 invocationem
1868 4024 1938 4100 hae
1953 4035 2176 4109 dubitationes

1205 4130 1384 4213 assiduae,
1418 4154 1464 4198 an
1491 4130 1690 4221 placeamus
1712 4126 1808 4218 Deo,
1839 4156 1886 4202 an
1909 4135 2003 4207 tales
2026 4138 2178 4221 enudat.

1206 4256 1251 4301 an
1265 4233 1353 4302 tales
1366 4231 1487 4301 fecerit
1503 4228 1670 4302 haeredes
1686 4232 1778 4302 vitae
1803 4247 1981 4314 aeternae.
2022 4324 2026 4329 .
2051 4238 2178 4312 n’eeaoe

1207 4347 1259 4404 est
1273 4347 1387 4404 autem
1404 4334 1595 4402 discrimen
1610 4355 1683 4403 esse
1692 4328 1867 4405 Ecclesiae
1875 4334 1957 4419 Dei,
1984 4354 2024 4412 01
2038 4342 2181 4415 omnin
2217 4352 2219 4359 '

1208 4434 1360 4506 aliorum
1394 4429 1600 4524 hominurn,
1641 4435 1797 4528 quinon
1820 4450 1903 4508 sunt
1928 4465 2016 4513 vera
2042 4445 2179 4515 menln

1206 4533 1384 4606 Ecclesiae
1406 4534 1488 4607 Dei.
1545 4534 1721 4608 Dubitant
1746 4540 1791 4608 de
1814 4540 2003 4616 voluntate
2026 4543 2096 4617 Dei
2117 4569 2182 4637 erge

1208 4661 1244 4707 se
1260 4640 1327 4706 viri
1344 4652 1561 4730 praestantes
1580 4639 1729 4724 virtute,
1755 4639 1950 4721 Aristides,
1976 4644 2173 4743 Xenophon

1208 4739 1359 4814 Atticus.
1416 4736 1488 4810 Sed
1511 4735 1713 4826 Abraham,
1735 4739 1899 4830 Petrum,
1923 4742 2107 4839 Paulum,
2134 4774 2183 4821 ne·

1208 4865 1300 4912 cesse
1316 4855 1457 4911 estnon
1472 4841 1654 4926 dubitare,
1677 4866 1723 4912 an
1741 4840 1816 4915 Deo
1838 4846 2024 4935 placeant,
2058 4877 2107 4924 an
2128 4856 2183 4926 siet

1209 4945 1248 5012 in
1276 4944 1405 5033 gratia,
1436 4967 1483 5013 an
1514 4944 1750 5014 exaudiantur
1777 4943 1916 5031 aDeo,
1958 4950 2061 5025 iuxta
2091 4957 2183 5027 illud:

1210 5039 1330 5115 Omne
1345 5047 1442 5139 quod
1456 5068 1530 5116 non
1544 5059 1596 5115 est
1612 5068 1653 5113 ex
1668 5045 1737 5117 fide
1757 5061 1936 5138 peceatum
1955 5068 2022 5126 est.

1310 5143 1409 5219 xv1.
1451 5143 1572 5235 Quare
1598 5148 1751 5217 maxime
1777 5153 2017 5225 necessarium
2049 5174 2123 5240 est,
2154 5159 2183 5229 is

1208 5259 1305 5316 tanta
1321 5247 1612 5318 dissimilitudine
1628 5261 1661 5319 et
1675 5249 1880 5322 infirmitate
1892 5253 2086 5347 virtutum,
2106 5274 2184 5334 caeo

1209 5348 1316 5435 scire,
1341 5352 1520 5442 quomodo
1544 5349 1707 5442 placeant
1730 5348 1807 5422 Deo
1831 5357 1994 5431 membra
2010 5355 2185 5437 Ecclesiae

2216 4740 2219 4797 l

2216 4804 2219 4863 l
