4680 6038
159 208 235 283 tes

394 189 608 277 SCRIPTA
631 188 711 267 Pil.
734 183 854 269 MEL.
879 182 949 263 All
972 180 1103 261 utsr.
1129 178 1276 269 PROF.
1299 184 1369 265 El*
1394 184 1589 273 PHILOS.
1614 183 1942 269 sanctuaria,

2114 192 2186 277 Μ

163 388 265 457 Deus
287 388 409 470 postea
430 366 577 444 cessavit
598 366 686 439 alias
705 386 763 436 res
791 361 945 435 condere
967 372 1004 430 et
1020 379 1153 443 creare,
1203 382 1350 434 manum
1374 386 1448 434 esse
1473 358 1682 443 Ecclesiam.
1739 360 1789 439 Et
1816 364 1954 438 conditi
1986 379 2074 439 sunt
2101 390 2191 441 mor

164 480 330 558 videlicet
362 476 451 547 alios
489 495 603 543 novos
637 470 813 553 mundos,
848 478 911 537 aut
937 484 1049 533 novas
1080 460 1153 529 ele·
1205 479 1240 537 et
1254 462 1484 564 foemina,
1509 483 1550 541 nt
1564 481 1653 540 esset
1668 468 1853 540 ordinatus
1867 482 1902 539 et
1918 468 2041 541 dulcis
2054 494 2162 543 amor.

164 597 368 661 mentorum
392 591 453 649 aut
482 572 719 645 animantium
744 568 887 662 species.
936 562 985 637 Et
1008 562 1154 635 condito

1308 566 1352 641 V.
1386 558 1544 657 Quinto,
1566 571 1710 643 condita
1724 566 1903 657 Ecclesia,
1929 583 1965 642 et
1992 571 2130 645 sancita
2145 576 2194 647 le·

167 683 353 762 bomine
375 678 512 776 quievit
525 660 641 760 Deus,
667 672 750 768 quia
777 670 856 742 vult
876 668 917 739 in
932 663 1080 751 homine
1096 688 1156 735 ac-
1207 692 1248 763 ge
1263 670 1433 761 coniugii,
1448 671 1650 747 institutum
1666 688 1719 746 est
1734 672 1840 746 etiam
1855 671 2066 744 dominium
2080 698 2195 751 aaron

169 792 371 889 quiescere,
394 797 429 854 et
444 777 683 861 endelectari,
709 772 792 847 etei
806 766 1155 888 intuta-aeternitate
1207 773 1466 867 corporalium,
1497 799 1588 869 quae
1614 775 1827 847 necessariae
1847 787 1933 846 ,unt
1958 775 2058 847 vim
2073 800 2196 873 0⁰¹1*

169 886 432 967 communicare
453 904 528 955 sese
555 903 655 953 suam
678 875 907 971 sapientiam,
932 885 1107 943 autumem
1121 878 1157 938 ei
1208 877 1287 947 rali.
1339 874 1392 947 lta
1409 898 1637 965 agnoscamus
1654 902 1710 949 res
1732 876 1940 970 praecipuas
1955 878 2082 951 statim
2098 880 2195 953 initio

168 991 359 1069 laeticiam.

275 1090 323 1162 ll.
363 1084 530 1163 Secundo
554 1084 764 1177 cogitemus,
790 1078 905 1175 qualis
924 1075 970 1149 sit
994 1072 1158 1149 conditus

170 1198 304 1280 homo,
333 1190 498 1263 videlicet
518 1188 619 1273 talis,
651 1199 691 1258 ut
715 1185 761 1256 sit
784 1184 900 1273 imago
923 1179 1049 1249 similis
1069 1173 1158 1247 Deo.

172 1300 433 1389 Interpretatur
452 1304 570 1363 autem
591 1288 724 1360 Paulus
753 1285 944 1374 imaginem
969 1283 1013 1351 ad
1036 1272 1160 1370 Ephe-

172 1406 245 1476 sios
267 1398 310 1470 4:
334 1393 513 1469 iusticiam
534 1406 568 1463 ct
592 1389 812 1462 sanctitatem
833 1382 1000 1457 veritatis.
1050 1379 1160 1452 Com-

173 1502 341 1599 plectitur
357 1520 440 1587 ergo
455 1494 572 1585 imago
595 1494 800 1583 incorrupta
816 1486 1012 1580 potentiam
1029 1505 1160 1573 cogno-

177 1616 353 1689 scentem,
378 1601 418 1669 in
441 1621 548 1690 quam
569 1594 743 1666 transfusa
759 1605 811 1662 est
828 1592 889 1660 lux
905 1588 1047 1676 divina,
1070 1606 1161 1678 quae

176 1722 230 1781 est
252 1728 335 1776 vera
356 1715 393 1774 et
414 1700 513 1771 firma
538 1697 672 1787 agnitio
696 1692 763 1764 Dei
784 1707 819 1765 et
840 1691 946 1781 legis,
973 1702 1008 1761 et
1030 1686 1160 1758 noticia

176 1814 222 1883 de
246 1829 329 1877 vera
359 1800 561 1874 obedientia
595 1799 701 1869 etde
736 1794 868 1867 iudicio
893 1791 972 1867 Dei.
1021 1786 1162 1862 Deinde

178 1907 425 2001 complectitur
447 1918 482 1976 et
502 1902 721 1972 voluntatem
744 1911 780 1968 et
801 1917 880 1981 cor,
905 1894 1003 1988 quod
1016 1892 1163 1962 ardebat

175 2012 335 2085 motibus
346 2006 501 2100 Spiritus
514 2003 627 2075 sancti
633 2053 646 2087 ,
672 2014 706 2071 ct
720 2000 856 2087 integra
870 1993 1073 2068 obedientia
1086 1993 1163 2062 sine

176 2127 333 2211 peccato.
382 2104 442 2179 Ad
472 2104 558 2179 baec
587 2107 682 2176 dona
703 2103 870 2173 adiuncta
895 2097 964 2169 fuit
991 2096 1104 2166 libera
1129 2106 1164 2165 et

152 2243 254 2289 *nou
277 2211 446 2303 impedita
468 2210 592 2279 electio
612 2203 817 2277 voluntatis.
868 2199 963 2273 Sunt
986 2212 1102 2270 autem
1123 2197 1163 2265 in

177 2318 258 2393 Deo
273 2336 410 2386 summa
431 2313 550 2397 bona,
574 2308 764 2401 sapientia,
789 2304 946 2389 iusticia,
969 2301 1163 2375 etlibertas

179 2416 374 2494 electionis.
431 2412 572 2484 Horum
600 2431 820 2481 summorum
845 2408 1022 2477 bonorum
1046 2402 1164 2473 radios

179 2546 262 2595 cum
285 2520 325 2588 in
351 2537 417 2586 uos
447 2513 697 2592 transfuderit,
730 2509 974 2581 testimonium
998 2504 1165 2586 ostendit,

178 2644 296 2695 verea
312 2641 348 2687 se
364 2612 457 2687 hanc
474 2628 669 2685 creaturam
693 2610 809 2698 diligi.
857 2605 906 2680 Et
922 2606 1067 2702 quidem
1084 2605 1164 2676 ideo

181 2720 375 2800 transfudit
388 2740 428 2788 ca
450 2717 490 2787 iu
505 2738 590 2797 nos,
615 2726 656 2785 ut
670 2707 738 2781 hae
754 2712 851 2803 ipsae
866 2709 1019 2781 noticiae
1034 2720 1166 2779 testen-

85 2895 96 2913 ,
181 2843 262 2911 tur,
287 2845 360 2893 esse
382 2814 548 2900 Deum,
580 2830 615 2888 et
631 2817 782 2887 doceant
797 2836 885 2898 nos,
910 2810 1027 2906 qualis
1042 2810 1106 2897 sit,
1131 2819 1166 2878 et

181 2930 385 3003 discernant
421 2946 500 2992 eum
532 2943 553 2990 a
590 2918 694 2987 malis
723 2914 871 2990 naturis.
941 2910 1017 2982 lam
1041 2911 1167 3002 cogita,

104 3066 108 3075 ·
180 3040 357 3127 quantum
384 3025 490 3096 decus
511 3020 618 3092 suerit
644 3011 774 3088 domo
797 3030 878 3087 ante
899 3016 1059 3107 lapsum,
1085 3035 1165 3083 cum

180 3156 264 3203 vere
285 3140 374 3199 esset
387 3124 610 3195 domicilium
628 3134 662 3191 et
684 3120 856 3210 templum
871 3115 959 3201 Dei,
985 3116 1063 3186 sine
1085 3137 1165 3207 pec·

182 3248 281 3317 cato,
302 3230 379 3300 sine
393 3240 516 3298 morte.
566 3219 615 3297 Et
624 3222 756 3311 cogita,
781 3233 912 3315 quanta
926 3218 1034 3289 fuerit
1047 3217 1165 3308 ingra-

181 3335 320 3418 titudo,
344 3343 503 3401 avertere
516 3349 552 3397 se
567 3323 676 3396 aDeo
692 3324 737 3393 ad
752 3322 933 3405 diabolos,
957 3332 994 3391 et
1007 3332 1167 3391 excutere

179 3438 312 3512 Deum.
362 3428 518 3502 Excusso
538 3442 656 3498 autem
675 3421 772 3508 Deo,
805 3424 869 3518 qui
890 3435 940 3493 est
961 3423 1042 3492 lons
1065 3422 1168 3507 vitae,

182 3550 331 3631 sequuta
347 3547 398 3603 eat
415 3554 528 3616 mors,
552 3542 593 3598 ut
609 3539 727 3621 postea
739 3525 888 3597 dicetur.

287 3632 356 3709 lli.
391 3631 535 3715 Tertio,
560 3626 739 3699 Ecclesiae
753 3626 897 3697 initium
912 3637 964 3697 est
979 3624 1056 3719 ipsa
1071 3646 1168 3696 crea·

63 3738 66 3743 ’
183 3742 237 3812 tio
259 3734 438 3818 hominis,
470 3755 552 3802 cum
580 3729 653 3798 illis
678 3727 801 3811 donis,
833 3751 922 3820 quae
952 3740 1052 3798 erant
1075 3729 1169 3812 data,

183 3856 226 3915 ut
244 3838 362 3911 Deum
386 3834 615 3905 celebrarent.
673 3825 723 3901 Et
745 3828 883 3900 addidit
903 3825 1000 3898 Deus
1020 3831 1169 3899 manda-

182 3960 262 4017 tum
278 3942 322 4012 de
342 3952 486 4010 externo
508 3931 731 4012 testimonio,
757 3954 828 4023 quo
846 3932 1071 4002 ostenderent
1082 3932 1169 4001 obe·

183 4043 356 4117 dientiam
372 4054 568 4130 ergaeum,
593 4048 627 4106 et
641 4047 682 4104 ut
702 4046 792 4104 esset
808 4033 945 4103 occasio
961 4032 1170 4126 colloquen-

185 4150 225 4219 di
245 4148 290 4216 de
313 4140 410 4225 Deo,
440 4139 606 4210 videlieet
623 4135 833 4207 mandatum
856 4135 901 4204 de
916 4134 1013 4224 ligno
1033 4158 1096 4205 seu
1110 4158 1168 4204 ar-

82 4290 88 4299 ·
182 4252 271 4320 bore
287 4242 451 4316 scientiae
467 4240 555 4310 boni
576 4252 611 4310 et
627 4237 724 4308 maii.
769 4232 957 4307 Caeterum
974 4236 1095 4306 radius
1111 4236 1170 4307 lu-

184 4352 236 4422 cis
253 4346 396 4417 divinae
419 4342 547 4412 insitus
568 4340 679 4411 menti
699 4350 805 4409 norat
824 4338 989 4407 mandata
1008 4336 1170 4423 moralia,

186 4466 222 4524 ct
238 4451 278 4519 in
293 4442 351 4517 his
364 4443 548 4515 obscurior
561 4456 635 4514 erat
649 4436 846 4534 prohibitio
862 4459 1029 4528 vagarum
1044 4438 1168 4511 libidi-

183 4576 288 4625 num.
340 4546 425 4618 ldeo
442 4568 521 4615 mox
535 4556 616 4636 post
629 4541 843 4614 creationem
858 4555 893 4612 et
905 4540 1054 4612 alterum
1067 4563 1170 4610 man·

183 4660 308 4729 datum
334 4670 495 4742 expresse
518 4643 688 4717 traditum
710 4657 779 4716 est:
811 4636 856 4711 E
863 4649 972 4713 runt
1003 4636 1092 4715 duo
1112 4640 1169 4731 {in

184 4774 368 4827 curnem
387 4770 558 4844 tunam,
588 4746 627 4816 id
649 4757 721 4827 est,
747 4743 1031 4838 inseparabiliter
1045 4745 1169 4819 iuncti.

181 4857 261 4931 llac
276 4878 363 4927 voce
377 4851 536 4925 sancitur
548 4843 836 4941 coniugium,
859 4861 895 4920 et
907 4870 1067 4941 expresse
1084 4870 1170 4941 pro·

181 4958 356 5035 laibentnr
366 4975 492 5027 omnes
506 4973 614 5045 vagae
627 4948 808 5023 libidines.

282 5056 349 5133 lV.
390 5052 529 5147 Quarto
548 5052 720 5125 recitatur
744 5048 961 5147 coniugii
980 5049 1170 5140 institutio,

176 5178 221 5239 et
244 5163 401 5235 insertae
426 5168 514 5231 aunt
541 5150 743 5229 narrationi
780 5152 921 5245 multae,
941 5154 1169 5245 gravissimae

182 5264 395 5347 mantin,
417 5270 571 5353 qum
586 5253 775 5351 explicatio
787 5266 873 5329 nota
887 5254 945 5329 sit.
994 5254 1089 5329 Sunt
1104 5253 1171 5330 au·

504 5358 603 5447 M,
626 5356 714 5455 quia
729 5352 830 5433 noos
846 5355 963 5433 voluit
973 5378 1087 5451 genus
1098 5354 1169 5461 hu·

1209 978 1390 1050 ordinatas
1411 1002 1500 1049 esse:
1531 976 1746 1066 Ecclesiam,
1770 975 2035 1051 Oeconomiam
2053 993 2092 1053 et
2105 979 2195 1053 Poli-

1209 1080 1306 1153 tiam.
1355 1076 1421 1152 Est
1443 1097 1559 1154 autem
1582 1076 1787 1171 ordinatum
1810 1082 2019 1153 dominium
2040 1078 2103 1153 hia
2124 1110 2194 1157 rer·

1209 1184 1280 1254 bis:
1307 1176 1535 1253 Sudiicite
1557 1180 1684 1253 vobis
1704 1190 1894 1271 terrum,
1919 1191 1962 1253 et
1983 1178 2192 1257 domine·

1210 1282 1332 1355 mini
1363 1283 1576 1379 piscibus
1611 1284 1845 1358 morisetc.
1904 1283 1950 1355 ld
1979 1300 2054 1371 est,
2084 1289 2195 1379 generi

1211 1383 1369 1459 humano
1389 1389 1490 1458 trado
1512 1384 1580 1458 hoc
1604 1388 1677 1473 ius,
1707 1400 1751 1459 nt
1770 1389 1815 1459 de
1834 1409 1905 1459 usu
1925 1381 2065 1461 barum
2084 1414 2195 1463 rerum

1212 1492 1299 1564 tales
1313 1489 1558 1561 ordinationes
1580 1490 1702 1576 iaciat,
1728 1488 1987 1584 quaeprosint
2009 1492 2057 1561 ad
2077 1514 2194 1587 aequa-

1212 1594 1346 1664 litatem
1370 1591 1662 1663 conservatricem
1686 1589 1872 1667 societatis.
1921 1588 1998 1661 Hic
2018 1607 2057 1665 et
2078 1593 2195 1665 distin-
2230 1632 2234 1639 ·

1213 1695 1284 1768 ctio
1308 1693 1550 1764 dominiorum
1583 1707 1618 1765 et
1649 1707 1854 1765 contractus
1885 1688 2193 1785 comprehendun-

1214 1811 1283 1870 tur.
1333 1792 1420 1866 Post
1436 1795 1611 1865 diluvium
1634 1819 1718 1866 vcro
1740 1790 1828 1866 haee
1842 1795 1972 1865 eadem
1987 1796 2045 1866 lex
2059 1800 2193 1893 repetin

1214 1914 1284 1985 est,
1311 1910 1345 1969 et
1366 1920 1525 1988 expresse
1548 1898 1669 1968 addita
1683 1919 1819 1967 summa
1843 1895 1920 1982 lex,
1945 1922 2043 1990 quae
2057 1914 2189 1972 estner-

1214 2024 1280 2075 vus
1294 1999 1544 2092 imperiorum,
1571 2001 1615 2067 de
1637 2022 1752 2090 poena
1772 1990 2061 2075 homicidae.
2104 1998 2190 2073 llaec

1215 2106 1271 2174 lex
1288 2103 1368 2173 fons
1383 2115 1434 2173 est
1449 2100 1613 2196 politicae
1636 2099 1909 2190 gubernationis
1931 2099 1973 2169 in
1996 2096 2065 2172 hac
2078 2105 2193 2197 depra-

1217 2221 1294 2277 vata
1318 2217 1461 2289 natura,
1487 2215 1531 2297 ¹et
1560 2201 1704 2274 initium
1735 2201 1992 2293 imperiorum,
2016 2216 2058 2276 ut
2083 2220 2194 2298 postea

1215 2309 1385 2382 dicemus.

1320 2407 1385 2482 l'l.
1418 2405 1525 2480 Sexto
1539 2409 1708 2481 recitatur
1723 2410 1844 2502 lapsus
1860 2410 2058 2503 primorum
2072 2434 2193 2505 paren

1218 2524 1315 2596 tum,
1347 2523 1382 2580 et
1411 2533 1493 2580 mox
1522 2511 1699 2583 restitutio
1741 2525 1776 2582 et
1808 2507 1988 2586 inchoatio
2009 2516 2188 2583 universae

1216 2609 1414 2699 Ecclesiae,
1439 2635 1529 2705 quae
1550 2629 1699 2706 sequuta
1720 2626 1772 2684 est
1787 2627 1870 2704 post
1884 2614 2030 2707 lapsum.
2073 2610 2128 2687 Et
2139 2637 2195 2685 ex·

1218 2714 1365 2806 ponitur
1379 2737 1480 2784 causa
1503 2715 1627 2785 mortis
1644 2728 1680 2786 et
1694 2714 1959 2802 calamitatum,
1981 2716 2103 2807 ignota
2116 2711 2192 2787 Phi·

1219 2811 1411 2908 losophiae.
1463 2814 1533 2886 llic
1546 2838 1669 2887 rursus
1680 2816 1856 2887 maximae
1868 2816 2189 2912 resfproponuntur:

1218 2916 1354 2989 Concio
1379 2939 1527 3007 arguens
1558 2931 1760 3009 peccatum,
1795 2930 1831 2989 et
1859 2942 1995 2991 arcana
2026 2916 2185 3011 promissio

1219 3023 1264 3090 de
1277 3032 1427 3090 venturo
1443 3018 1577 3088 semine
1593 3020 1772 3104 mulieris,
1795 3042 1862 3111 per
1881 3022 1986 3115 quod
2002 3022 2108 3092 deleto
2120 3043 2187 3113 pet·
2229 3076 2236 3097 .

1219 3133 1295 3192 cato
1324 3134 1359 3191 et
1388 3131 1503 3190 morte
1531 3121 1687 3191 ostendit
1715 3116 1812 3191 Deus
1849 3124 2110 3195 restituendam
2131 3143 2190 3193 esre

1219 3222 1394 3293 iusticiam
1424 3234 1460 3292 et
1480 3222 1590 3293 vitam
1618 3234 1808 3293 aeternam.
1859 3221 1966 3296 Haec
1995 3226 2116 3298 concio
2135 3222 2191 3295 tota
2234 3270 2236 3283 ·

1220 3324 1363 3396 initium
1381 3346 1493 3393 novae
1507 3319 1703 3410 Ecclesiae,
1729 3336 1765 3395 et
1779 3347 1847 3394 vox
1863 3349 1941 3397 una
1963 3339 2002 3399 et
2016 3330 2131 3399 adem
2142 3340 2191 3403 tti-

1221 3448 1290 3520 qua
1316 3425 1496 3514 colligitur
1510 3419 1669 3495 Ecclesia
1695 3449 1805 3518 usque
1822 3427 1865 3495 ad
1881 3443 2106 3520 postremum
2119 3443 2191 3499 ten·

1220 3550 1287 3620 pus
1316 3525 1554 3617 generationis
1580 3525 1718 3601 mundi.
1775 3523 1863 3611 Hac,
1881 3554 1976 3600 voce
1999 3544 2100 3615 tnnc,
2126 3552 2189 3601 cun

1220 3642 1427 3718 argueretur
1442 3640 1642 3718 peccatum,
1667 3627 1773 3719 primi
1788 3644 1958 3720 parentes
1972 3644 2143 3705 sensum
2155 3652 2187 3699 se

1221 3729 1379 3801 amisisse
1401 3731 1554 3820 primam
1576 3742 1724 3799 naturae
1744 3729 1878 3815 lucem,
1903 3735 2147 3806 rectitudinem
2161 3742 2191 3801 et

1220 3831 1414 3915 laeticiam,
1439 3854 1508 3925 qua
1525 3830 1563 3899 in
1578 3825 1655 3899 Deo
1672 3830 1792 3901 laetati
1805 3832 1964 3905 fuerant.
2006 3832 2057 3907 Et
2072 3831 2191 3907 extinrfi

1220 3934 1371 4005 fuissent
1386 3932 1581 4003 terroribus
1601 3931 1746 4017 mortis,
1777 3934 1838 4001 sed
1852 3935 1985 4008 audita
2008 3936 2191 4029 promissio·

1222 4059 1286 4121 ne,
1313 4056 1418 4127 quam
1437 4033 1533 4103 lilius
1548 4029 1617 4103 Dei
1634 4031 1713 4128 (qui
1731 4033 1810 4104 ideo
1825 4027 1939 4134 λόγος
1955 4040 2113 4127 dicitnr,
2127 4037 2192 4133 quia

1221 4161 1263 4208 ex
1277 4136 1360 4207 sinu
1380 4134 1515 4206 aeterni
1533 4132 1643 4225 patris
1657 4129 1726 4207 hoc
1740 4159 1907 4207 arcanum
1923 4141 2116 4215 decretum
2128 4164 2194 4233 pro·

1221 4234 1325 4334 tulit)
1344 4259 1467 4308 rursus
1488 4249 1674 4308 senserunt
1695 4260 1733 4307 se
1753 4238 1864 4329 recipi
1886 4264 1907 4309 a
1931 4240 2037 4330 Deo,
2062 4255 2099 4315 et
2113 4238 2192 4315 reddi

1221 4340 1290 4410 sibi
1320 4338 1441 4414 vitam.
1491 4334 1572 4408 Hoc
1598 4338 1755 4429 primum
1783 4339 1852 4410 suit
1884 4341 2110 4417 miraculum
2136 4356 2194 4439 pott
2235 4340 2237 4345 ’

1221 4440 1433 4513 creationem
1449 4462 1587 4523 rerum,
1613 4440 1708 4533 quod
1725 4440 1769 4508 de
1784 4441 2031 4530 promissione
2056 4448 2193 4520 testinn-
2235 4520 2238 4527 ,

1221 4543 1322 4613 nium
1351 4542 1440 4628 luit,
1474 4542 1572 4635 quod
1599 4536 1695 4610 Deus
1716 4541 1902 4614 morituris
1929 4548 2134 4638 opitulatus
2156 4560 2193 4617 er
2235 4620 2238 4635 ¹

1222 4646 1298 4715 sine
1313 4643 1426 4714 causis
1438 4641 1621 4727 secundis,
1644 4654 1680 4713 et
1694 4644 1851 4715 ostendit
1864 4666 1900 4714 se
1914 4641 2124 4722 Ecclesiam
2140 4648 2195 4721 col·
2236 4646 2238 4697 ³

1221 4748 1396 4818 lecturum
1418 4759 1452 4817 et
1473 4756 1695 4816 servaturum
1716 4766 1812 4827 esse,
1842 4745 1953 4817 etiam
1978 4766 2087 4824 extra
2114 4753 2194 4823 illua
2235 4764 2238 4841 Ι

1221 4863 1368 4921 naturae
1396 4845 1578 4927 ordinem,
1611 4867 1717 4937 quem
1742 4860 1847 4917 antea
1875 4849 2108 4931 condiderat.
2157 4850 2196 4925 dt
2235 4848 2238 4937 ξ

1168 4998 1182 5009 ..
1221 4971 1366 5044 prorsus
1387 4949 1550 5019 miranda
1574 4968 1630 5015 res
1652 4959 1715 5022 est.
1765 4946 1849 5019 Non
1868 4951 1992 5041 potnit
2016 4952 2139 5029 Adam
2154 4976 2197 5025 ra·
2236 4968 2238 5027 Ι

1220 5049 1405 5137 tiocinari,
1428 5047 1545 5122 Deum
1559 5046 1657 5119 aliud
1673 5048 1776 5131 velle,
1800 5049 1872 5120 nisi
1886 5050 1987 5126 iuxta
2004 5056 2138 5150 legem,
2157 5056 2199 5125 ri·

1220 5152 1349 5226 delicet
1377 5148 1540 5223 homines
1571 5149 1749 5242 perituros
1779 5172 1875 5239 esse,
1909 5178 1996 5227 cum
2030 5162 2199 5253 cogitare:
2236 5172 2238 5177 ·

1220 5252 1364 5327 iusticia
1376 5251 1445 5326 Dei
1458 5252 1690 5324 immutabilis
1707 5265 1769 5325 est.
1819 5250 1967 5330 laeticia
1986 5256 2065 5334 Dei
2085 5278 2153 5347 est,
2170 5272 2200 5331 a

1220 5355 1469 5431 inobedientes
1482 5367 1645 5449 peream:
1670 5350 1767 5447 Ergo
1782 5355 2014 5435 immutabile
2031 5381 2088 5441 est
2099 5368 2200 5439 decre·
