4680 6038
150 236 221 323 107
784 236 947 321 DEDI..
988 234 1065 315 DE
1094 233 1433 315 annuento
1467 254 1552 312 arc.
2105 238 2180 316 tte

395 462 486 517 ,ιιιι
513 438 630 515 agranta
651 430 752 497 ιιιιιι,
784 415 846 485 ssd
869 427 910 485 ιιι
935 414 990 485 sui
1014 409 1143 484 theatri
1195 436 1264 506 qua
1287 435 1361 482 uon
1384 413 1500 483 solum
1524 413 1586 484 illa
1610 413 1702 482 mala
1723 413 1971 506 depelluntur,
1996 413 2056 484 sed
2080 410 2186 484 etiarn

179 596 185 615 ,
245 586 272 609 ...
327 546 519 609 ..a-mattas,
555 520 680 613 repetit
704 518 919 589 cantilenam
944 512 1146 586 Monacbo-
1195 514 1309 608 reipsa
1333 518 1371 585 in
1391 517 1757 598 nobisrestituuntnr,
1781 518 1864 604 vita,
1884 516 2066 610 sapientia,
2086 515 2192 588 iusti-

170 684 228 727 ...a
276 632 568 721 ..mtfynicnsuns
588 622 717 715 pntius.
769 618 941 691 Nominat
959 618 1144 710 perfectio·
1196 619 1249 688 cia
1272 633 1307 690 et
1321 618 1460 690 laeticia
1476 632 1632 691 aeterna.
1687 619 1863 692 lllucescit
1878 616 2091 720 ἡγεμονικῷ
2106 642 2190 690 vera

152 778 231 825 ...aaa
259 740 347 813 dlml
377 728 544 817 Diogenis
567 724 704 794 dolium
729 738 764 793 et
789 721 1054 791 mendicitatem
1078 746 1146 813 pu-
1197 719 1262 791 Dei
1293 721 1446 809 noticia,
1487 747 1565 793 cum
1599 724 1719 794 audita
1750 748 1835 794 voce
1866 720 2054 819 Evangelii
2082 718 2193 823 λόγος

150 866 316 945 gar-asnaa·
341 859 421 907 ιιιιιι
445 829 561 900 civilis
584 828 676 899 vitae
700 826 820 896 nervis
846 839 878 892 et
904 818 1144 916 pulcherrimo
1197 826 1329 896 aeterni
1369 827 1499 917 patris,
1542 827 1616 918 ipse
1653 827 1872 899 voluntatem
1909 827 2043 897 aeterni
2081 826 2193 919 patris

150 950 276 1025 aralius
295 938 380 1023 legis
395 933 555 1017 divinae,
578 929 948 1025 quaedistinctionem
965 928 1145 997 dominio-
1197 929 1368 1011 ostendit,
1394 930 1643 1001 ettibivitam
1666 931 1795 1003 reddit.
1847 929 2035 1001 Hicetiam
2053 927 2193 1025 Spiritu

151 1070 231 1125 rum
255 1036 515 1131 sapientissime
537 1034 665 1104 sanxit.
724 1031 867 1102 Scilicet
891 1026 974 1100 huic
999 1031 1146 1121 praesti·
1197 1055 1261 1102 suo
1287 1031 1458 1102 laeticiam
1484 1034 1521 1101 iu
1544 1036 1649 1103 corde
1672 1034 1833 1105 accendit
1853 1033 2132 1129 acquiescentem
2154 1032 2193 1102 in

150 1145 277 1241 giatori
303 1164 376 1210 raon
400 1150 484 1209 sum
503 1137 650 1230 perfecti
674 1131 875 1216 Abrabam,
900 1129 1047 1225 loseph,
1069 1135 1147 1204 Da-

150 1250 231 1331 vid,
265 1237 450 1334 iosaphat,
475 1234 663 1323 Ezechias,
689 1239 751 1332 qui
774 1237 917 1306 divitias
941 1252 975 1307 et
998 1235 1146 1330 imperia

150 1375 232 1423 cum
254 1357 435 1427 tenerent,
468 1354 561 1412 recte
583 1342 839 1412 invocaverunt
862 1338 999 1424 Deum,
1028 1356 1063 1413 et
1085 1367 1147 1411 cu·

151 1453 269 1525 stodes
286 1445 470 1516 doctrinae
485 1445 651 1530 fuerunt,
678 1460 712 1516 et
727 1444 988 1514 invocationem
1005 1444 1041 1511 in
1058 1470 1147 1540 qno-

151 1551 300 1627 tidianis
324 1549 417 1620 vitae
440 1548 606 1642 periculis
632 1563 879 1633 exercuerunt3
912 1547 1046 1617 interca
1066 1573 1148 1641 per-

150 1658 283 1731 fectum
299 1652 462 1722 nominat
470 1647 644 1746 Cynicum
661 1652 782 1734 illum,
808 1651 951 1733 scilicet,
978 1650 1038 1743 qni
1055 1653 1149 1721 inter

153 1772 310 1833 caeteros
338 1750 576 1845 Philosophus
605 1782 624 1826 a
654 1753 836 1825 Demetrio
866 1749 1072 1825 Phalerensi
1103 1753 1147 1825 ad

153 1860 360 1935 convivium
385 1873 547 1936 vocatus,
575 1884 654 1929 cum
679 1859 712 1927 ei
735 1859 857 1947 lagena
878 1858 981 1948 plena
998 1879 1148 1945 genero-

153 1964 287 2038 sissimi
316 1962 393 2031 vini
425 1962 603 2055 proposita
635 1974 742 2041 esset,
781 1974 956 2052 arreptam
987 1961 1147 2052 lagenam

153 2067 304 2164 impegit
316 2064 615 2155 capitiDemetrii,
639 2065 823 2159 inquiens,
856 2062 937 2133 Non
954 2087 1149 2156 congruere

152 2168 288 2269 Cynico
307 2169 463 2241 delicias.
517 2166 618 2239 Talis
640 2183 691 2238 cst
707 2167 810 2237 istius
824 2164 948 2261 Cynici
968 2170 1150 2258 perfectio,

154 2298 236 2345 nam
254 2287 289 2345 et
302 2270 453 2361 scriptor
471 2270 531 2340 ille
546 2297 677 2342 nomen
694 2296 713 2340 a
729 2268 827 2341 Cane
841 2264 959 2342 babet.

255 2374 471 2445 Brevissime
498 2374 574 2442 eixi
602 2376 646 2443 de
675 2373 831 2445 tenebris
860 2375 899 2441 in
918 2369 1149 2472 ἡγεμονικῷ.

153 2477 228 2553 lam
257 2477 374 2573 qualis
396 2477 557 2547 confusio
580 2477 628 2549 sit
649 2475 908 2569 adpetitionum
932 2478 971 2544 in
994 2478 1151 2573 θυμικῷ

154 2598 189 2655 et
213 2581 493 2676 ἐπιθυμητικῷ,
518 2594 620 2652 vetus
644 2581 779 2672 pictura
799 2576 960 2651 Platonis
981 2584 1148 2654 ostendit.

153 2685 228 2778 Qui
252 2685 303 2756 sit
324 2679 507 2755 bominem
529 2682 669 2779 Scyllae
689 2682 840 2751 similem
858 2707 951 2768 esse,
978 2687 1079 2756 casius
1093 2686 1150 2755 in-

153 2789 265 2860 ferior
292 2811 372 2881 pars
396 2786 525 2878 partim
556 2787 716 2872 leonem,
747 2787 879 2878 partim
904 2812 1008 2859 canes
1031 2790 1150 2863 refert.

154 2891 198 2963 ln
225 2905 415 2983 conspectu
439 2903 522 2961 sunt
542 2889 764 2961 tristissimae
788 2890 1005 2963 calamitates
1028 2893 1151 2986 publi·

153 3020 233 3083 cae,
266 3019 357 3091 quae
384 2993 553 3065 oriuntur
582 2995 626 3064 ab
656 2993 701 3064 iis
726 2991 845 3080 viciis,
877 2996 921 3063 de
943 2998 1073 3090 quibus
1094 2997 1151 3067 di-

152 3116 249 3174 ctum
265 3113 334 3171 est:

307 3206 388 3273 Nam
401 3222 514 3270 oaetere
528 3228 630 3291 regna.

257 3309 412 3377 Luxuries
427 3317 514 3375 viciis
530 3313 669 3398 odiisque
685 3314 823 3396 superbia
840 3316 940 3374 vertit.

152 3411 249 3484 Haec
288 3434 361 3481 esse
395 3411 434 3479 in
468 3409 625 3506 θυμικῴ
657 3422 692 3480 et
723 3409 984 3503 ἐπιθυμητικῷ
991 3459 1003 3492 ,
1034 3405 1151 3476 mani-

151 3517 281 3587 festum
307 3527 376 3595 est,
402 3525 437 3582 et
458 3513 668 3602 magnitudo
689 3512 913 3603 publicarum
939 3525 974 3580 et
996 3509 1152 3603 privata·

153 3642 235 3691 rum
256 3616 498 3686 calamitatum
520 3615 675 3686 ostendit
698 3614 735 3682 in
761 3614 925 3707 plurimis
945 3608 1153 3682 hominihus

155 3721 220 3790 illa
245 3718 336 3788 vicia
359 3717 557 3803 dominari,
583 3732 617 3787 et
634 3742 716 3787 vere
732 3718 959 3813 tyrannidem
979 3740 1152 3786 exercere.

154 3820 339 3893 Adversus
361 3816 449 3890 haec
469 3820 626 3911 ingentia
650 3821 743 3889 mala
766 3820 803 3889 in
822 3816 877 3889 bis
892 3821 1008 3890 tribus
1025 3814 1153 3889 buma-

1197 1132 1293 1221 Dco,
1320 1159 1410 1229 quae
1432 1136 1585 1227 impellit
1600 1153 1640 1208 ιιι
1661 1139 1803 1208 accedas
1823 1139 1866 1208 ad
1880 1135 2014 1221 Deum,
2037 1148 2073 1208 et
2088 1137 2194 1207 invo-

1199 1262 1278 1308 care
1303 1239 1408 1308 ausis.
1463 1238 1539 1310 liae
1563 1266 1677 1311 novae
1700 1242 1863 1311 flammae
1886 1241 1924 1310 in
1946 1242 2054 1310 corde
2077 1239 2193 1332 repri-

1199 1356 1302 1411 munt
1335 1356 1491 1412 errantes
1525 1344 1688 1435 impetus.
1752 1342 1802 1414 lta
1831 1369 1906 1414 non
1937 1357 2075 1414 tantum
2106 1343 2194 1413 foris

1199 1445 1396 1538 aspergitur
1420 1447 1656 1537 fermentum,
1683 1450 1742 1517 sed
1767 1460 1927 1539 penetrat
1949 1470 2074 1516 omnes
2090 1446 2196 1530 vires,

1199 1548 1290 1619 sicut
1305 1544 1423 1620 Ebrea
1437 1551 1674 1642 adpellatione
1691 1552 1802 1642 magis
1819 1551 2002 1643 perspicue
2018 1548 2196 1640 siguifica-

1200 1666 1275 1722 tnm
1302 1665 1373 1738 est,
1398 1653 1633 1725 ubidicitur:
1668 1653 1755 1724 Tria
1772 1668 1846 1724 sata
1870 1655 2004 1724 farinae
2026 1652 2197 1744 subigito.

1201 1753 1261 1825 Fit
1285 1750 1370 1824 haec
1393 1757 1553 1828 subactio
1578 1758 1616 1826 in
1642 1752 1699 1827 bis
1722 1757 1940 1852 quotidianis
1960 1756 2148 1826 laboribus
2164 1768 2198 1826 et

1201 1858 1398 1943 aerumnis,
1423 1860 1554 1953 quibus
1571 1862 1608 1929 in
1622 1885 1686 1931 suo
1701 1862 1851 1954 quisque
1866 1860 1983 1930 officio
1998 1870 2058 1929 aut
2072 1859 2197 1930 dolore

1202 1985 1275 2031 non
1301 1962 1428 2033 leviter
1457 1976 1649 2038 exercetur.
1711 1963 1836 2034 Ficbat
1866 1959 1952 2034 baec
1975 1963 2138 2034 subactio
2158 1961 2197 2032 iu

1200 2061 1355 2148 Davidc,
1388 2090 1468 2135 cum
1488 2091 1529 2137 ex
1547 2092 1657 2159 reguo
1682 2068 1813 2137 scelere
1833 2067 1898 2137 filii
1924 2067 2132 2148 eiiceretur,
2164 2078 2199 2134 et

1202 2167 1316 2239 multo
1332 2170 1441 2259 magis
1456 2170 1495 2239 in
1513 2172 1634 2241 animo
1651 2171 1869 2242 cruciaretur
1882 2170 2130 2241 recordatione
2143 2167 2198 2240 sui

1200 2272 1319 2363 lapsus
1332 2273 1541 2364 turpissimi.
1594 2273 1732 2345 Interea
1748 2290 1866 2345 tamen
1884 2273 2105 2345 sustentabat
2118 2295 2199 2343 eum

1201 2371 1311 2474 λόγος
1327 2375 1450 2445 vivens
1466 2378 1640 2448 fermento
1658 2392 1780 2451 tectus.
1823 2374 1893 2447 Hic
1907 2378 2118 2447 immensam
2133 2377 2199 2447 bo-

1202 2479 1348 2549 nitatem
1356 2474 1422 2548 Dei
1440 2493 1473 2551 et
1491 2505 1647 2551 amorem
1663 2481 1727 2551 lilii
1743 2504 1822 2571 erga
1840 2503 1906 2553 nos
1922 2479 2201 2559 consideremus,

1202 2605 1454 2673 agnoscamus,
1486 2585 1577 2674 grati
1607 2585 1843 2670 celebremus,
1875 2598 1907 2654 et
1933 2586 1977 2654 de
2001 2580 2201 2676 praeseutia

1202 2685 1269 2755 lilii
1290 2682 1357 2755 Dei
1379 2686 1417 2755 in
1434 2683 1592 2757 Ecclesia
1616 2687 1866 2780 gubernantis,
1889 2686 2046 2778 regentis
2067 2699 2105 2757 et
2128 2706 2201 2757 ser·

1203 2791 1319 2859 vantis
1342 2812 1436 2874 eam,
1462 2814 1529 2860 nos
1554 2803 1588 2861 et
1611 2793 1700 2862 alios
1717 2806 1810 2861 recte
1829 2793 2037 2871 doceamus,
2063 2802 2105 2862 ut
2120 2809 2200 2859 vera

1203 2892 1383 2963 invocatio
1399 2895 1622 2969 accendatur.
1662 2891 1729 2963 His
1743 2894 2018 2984 cogitationibus
2034 2917 2102 2964 nos
2118 2914 2202 2962 ern·

1203 2995 1387 3081 scitemus,
1418 2998 1515 3090 quod
1547 3022 1627 3068 cum
1649 2997 1837 3080 faciemus,
1871 2998 1985 3069 aderit
2006 2996 2104 3067 filius
2125 2993 2203 3078 Dei,

1204 3112 1238 3169 et
1259 3099 1462 3170 studiorum
1480 3114 1514 3172 ct
1530 3101 1623 3170 vitae
1638 3125 1780 3170 cursum
1797 3114 1894 3191 reget
1902 3152 1914 3188 ‚
1942 3098 2047 3172 faciet
2061 3121 2130 3171 uos
2144 3120 2201 3170 ur-

1203 3227 1293 3294 gana
1310 3203 1478 3274 salutaria
1493 3204 1599 3274 nobis
1612 3219 1646 3274 et
1660 3200 1849 3276 Ecclesiae.
1899 3203 1981 3294 Quo
1996 3204 2096 3274 bono
2109 3194 2203 3273 nibil

1204 3306 1352 3397 cogitari
1368 3306 1484 3377 maius
1499 3321 1561 3378 aut
1578 3307 1705 3377 melius
1720 3320 1846 3399 potest.
1898 3305 2037 3397 Quanti
2052 3318 2139 3377 sunt
2151 3304 2202 3374 la-

1205 3411 1326 3495 bores,
1360 3425 1493 3504 quanta
1520 3411 1713 3481 certamina
1739 3408 1905 3497 Periclis,
1937 3403 2203 3490 Demosthenis,

1206 3505 1420 3605 Phocionis,
1454 3511 1655 3600 Ciceronis,
1687 3511 1792 3583 Bruti
1826 3527 1860 3582 et
1893 3515 2093 3584 multorum
2117 3510 2201 3582 alio·

1205 3639 1307 3701 rum,
1334 3640 1487 3710 quorum
1512 3617 1659 3687 infoelix
1684 3639 1806 3687 cursus
1830 3616 1898 3688 fuit
1922 3630 1956 3686 et
1980 3617 2070 3709 ipsis
2087 3627 2123 3687 et
2137 3613 2201 3684 im·

1205 3718 1325 3812 petiis.
1377 3718 1451 3789 Nos
1467 3716 1543 3789 Deo
1558 3720 1689 3811 gratias
1706 3743 1867 3810 agamus,
1900 3720 1996 3814 quod
2020 3720 2065 3789 ad
2094 3732 2202 3789 aeter·

1207 3845 1272 3892 nae
1287 3819 1466 3893 Ecclesiae
1484 3824 1685 3893 societatem
1702 3837 1733 3892 et
1752 3824 1796 3890 ad
1813 3822 1953 3893 labores
1967 3822 2077 3893 utiles
2091 3816 2202 3892 vocati

154 3948 221 3999 nae
245 3938 392 3996 naturae
417 3925 599 4017 partibus,
632 3938 808 3994 monstrat
828 3923 922 3994 filius
942 3921 1010 3994 Dei
1038 3919 1154 4004 ἅλιξι·
1206 3948 1346 4006 sumus,
1382 3940 1417 3997 et
1448 3929 1542 4020 (prod
1574 3926 1751 4017 promittit
1773 3922 1870 3995 Deus
1901 3950 1937 3996 se
1966 3924 2202 4018 perlectorum

154 4020 380 4127 φάρμακον,
415 4051 491 4098 ιιοιι
513 4027 611 4121 moly
635 4025 890 4111 Homericum,
917 4030 976 4096 sed
997 4029 1153 4098 fermen-
1206 4051 1301 4114 esse,
1326 4041 1367 4099 ιιι
1393 4030 1531 4098 labores
1558 4027 1801 4099 invocantium
1827 4053 1907 4098 curu
1931 4029 2004 4100 sint
2024 4028 2204 4106 salutares,

153 4147 251 4218 tum,
283 4133 380 4225 quod
410 4131 485 4223 ipse
516 4130 636 4201 attulit
655 4126 834 4201 Ecclesiae
864 4130 1007 4201 sonanti
1031 4154 1152 4201 vocem
1206 4130 1298 4202 sicut
1320 4132 1573 4224 scriptumest:
1601 4131 1820 4203 Commeuda
1837 4127 1914 4201 Deo
1934 4131 2028 4201 viam
2053 4138 2205 4202 tuamet

153 4228 355 4323 Evangelii.
415 4231 506 4323 Quis
534 4233 708 4305 existimet
738 4246 856 4304 autem
886 4247 1021 4305 tantam
1045 4228 1154 4304 buius
1208 4258 1308 4326 spera
1326 4233 1365 4303 in
1382 4260 1474 4320 eum,
1497 4250 1531 4307 et
1549 4236 1622 4327 ipse
1637 4236 1752 4305 faciet.
1806 4232 1915 4306 Item:
1943 4233 2026 4304 Non
2047 4234 2118 4304 erit
2132 4232 2205 4302 ina·

154 4335 523 4422 l'ermcntivimesse,
546 4351 586 4408 ut
609 4350 680 4406 tam
696 4360 817 4407 saevas
839 4350 952 4427 pestes
975 4336 1153 4428 depellere
1207 4338 1263 4405 nis
1292 4336 1396 4408 labor
1417 4351 1532 4408 vester
1555 4342 1593 4408 in
1621 4337 1792 4410 Domino.
1845 4336 1899 4408 Tc
1930 4336 2040 4426 igitur
2060 4335 2114 4406 lili
2131 4330 2206 4416 Dei,

152 4439 287 4535 possit,
312 4439 476 4511 tenebras
497 4439 537 4509 iu
559 4455 699 4526 mente,
724 4440 889 4511 incendia
909 4440 1085 4510 malorum
1101 4441 1154 4509 af·
1207 4436 1363 4510 Domine
1377 4437 1457 4511 lesu
1474 4436 1634 4525 Christe,
1659 4455 1733 4511 toto
1757 4453 1897 4532 pectore
1913 4465 1999 4526 oro,
2025 4455 2067 4510 ut
2082 4434 2205 4510 Eccle-

153 4544 311 4617 tertuum
326 4542 365 4612 in
384 4543 511 4628 corde,
536 4543 767 4630 ambitiones,
794 4545 896 4626 odia,
923 4544 1153 4636 cupiditatem
1207 4542 1275 4612 sias
1289 4537 1417 4613 barum
1432 4545 1617 4633 regionum
1634 4568 1752 4613 serves
1768 4557 1802 4613 et
1817 4545 2013 4634 gubernes,
2039 4555 2074 4614 et
2091 4540 2206 4622 facias,

156 4646 355 4734 vindictae,
382 4661 541 4719 errantes
562 4671 722 4730 amores,
749 4661 784 4718 et
800 4647 1035 4717 obscenarum
1050 4646 1155 4716 volu·
1209 4659 1249 4716 ut
1265 4645 1304 4715 in
1321 4642 1398 4716 Deo
1414 4671 1526 4717 unum
1546 4649 1670 4718 simus.
1722 4642 1819 4721 Dixi.

154 4764 292 4843 ptatum
316 4750 550 4843 cupiditates,
585 4751 658 4820 imo
680 4750 807 4830 etiam,
835 4765 874 4821 ut
895 4749 1073 4843 depellere
1096 4749 1155 4818 in·

155 4852 325 4924 sidiantes
345 4854 509 4924 diabolos
532 4853 655 4947 possit.
723 4848 906 4922 Adversus
930 4866 1070 4924 tantum
1093 4876 1155 4921 cu·
1217 4872 1373 4885 -·
1804 4869 2207 4979 .····““-·--·

154 4955 293 5025 ιιιιιΙιιιιι
314 4956 512 5040 malorum,
538 4956 624 5050 qnid
643 4953 796 5047 opponis
814 4955 975 5045 exiguam
990 4955 1154 5025 fermenti

155 5081 327 5137 massam,
355 5059 451 5149 quod
468 5058 617 5147 perinde
635 5059 797 5139 videtur,
823 5082 863 5127 ac
881 5059 911 5128 si
928 5058 1015 5129 velis
1032 5060 1154 5129 omnia
1209 5034 1277 5106 N0·
1302 5076 1355 5090 ·
1380 5078 1433 5092 -

2040 5066 2090 5111 an.
2116 5040 2212 5107 155⁶.

156 5156 306 5249 Alpium
321 5159 401 5249 iuga
418 5158 530 5248 digito
548 5175 607 5232 aut
626 5161 744 5250 fragili
761 5162 938 5231 arundine
955 5163 1157 5232 transferre.
2031 5131 2206 5165 w·-

155 5258 229 5333 Sed
245 5260 396 5331 sciamus
412 5264 529 5354 ipsum
546 5263 659 5332 lilium
672 5262 739 5334 Dei
758 5264 879 5334 adesse
896 5258 980 5334 huic
997 5267 1154 5335 fermen-

156 5377 215 5448 to,
247 5388 313 5435 nec
343 5389 416 5436 esse
446 5366 591 5436 inanem
622 5364 779 5438 sonitum
809 5392 931 5437 vocem
956 5363 1156 5457 Evangelii,

156 5468 216 5539 sed
240 5490 363 5539 revera
385 5491 459 5539 csse
478 5468 674 5563 potentiam
697 5468 783 5556 Dei,
808 5486 849 5544 ut
871 5468 1004 5544 Paulus
1028 5469 1157 5565 inquit,

1281 5259 1453 5315 Adhortats'o
1474 5260 1514 5312 od
1531 5259 1670 5313 Doctores
1682 5259 1943 5326 Norimbergenses,
1960 5252 2110 5327 incipieoss
2128 5253 2215 5328 „Uti-

1313 5347 1378 5384 usm
1397 5348 1426 5384 sa
1446 5339 1501 5384 tem
1524 5347 1605 5383 orum
1624 5327 1758 5385 foeliciter
1770 5329 1864 5384 esset'
1879 5335 1947 5390 stc..
1965 5324 2091 5381 videatur
2108 5324 2139 5380 in
2154 5326 2215 5398 Epi-

1315 5399 1392 5454 stolis
1411 5397 1474 5459 Vol.
1514 5397 1564 5455 lli.
1581 5417 1609 5471 p.
1626 5400 1687 5456 547.
