4680 6038
76 187 149 263 tos
645 191 805 272 DECL.
848 190 922 269 DE
962 184 1196 267 SCHOLA
1237 184 1533 265 ROSTOCH.
2032 206 2103 277 too

73 361 137 433 ctis
163 362 294 454 copiis,
319 378 425 458 atque
448 364 603 452 viribus,
625 388 763 436 summo
787 367 906 439 studio
929 379 1065 460 otton..
1116 385 1190 430 non
1219 356 1415 454 Epicureus
1446 364 1521 435 iure
1551 365 1762 441 offendatur.
1814 368 1902 440 Nam
1930 373 1992 443 ubi
2026 401 2099 445 non

72 462 202 534 stantia
226 469 516 554 aggrederentur,
542 469 637 561 qood
662 468 850 540 coniuncta
870 468 1063 539 multorum
1115 486 1241 553 magna
1265 459 1554 538 scholasticorum
1577 471 1793 562 frequentia,
1820 487 1855 543 et
1873 497 1945 543 non
1970 501 2100 566 parvus

73 566 263 650 austeritas,
294 581 329 638 et
358 570 471 639 virtus
503 582 769 661 praeceptorum
794 573 833 641 in
857 570 956 643 vitiis
979 593 1061 640 suae
1113 566 1316 636 docentium
1344 591 1530 653 numerus,
1560 570 1610 639 ibi
1637 573 1762 640 ordine
1785 576 1953 656 docendi,
1985 591 2019 650 et
2042 580 2099 648 di·
2195 574 2199 585 '

72 662 213 739 scholae
242 671 457 759 corrigendis
489 684 602 763 potest
629 673 865 764 permultum,
897 671 1060 744 etunius
1112 666 1234 739 scendi
1257 671 1450 759 prudenter
1475 672 1685 753 constituto,
1710 674 1813 745 facile
1830 679 1989 748 omnium
2005 683 2097 752 ratio

71 785 131 841 aut
153 770 300 841 alterius
322 773 375 841 ris
399 787 433 842 et
450 774 612 859 facultas,
638 774 781 844 caeteris
797 778 842 846 ab
859 776 926 848 isto
942 775 1074 845 officio·
1111 768 1159 838 ita
1182 763 1305 839 haberi
1328 787 1462 862 potest,
1484 788 1524 844 ut
1547 775 1599 842 illi
1625 789 1716 846 recte
1739 778 1979 872 foeliciterque
1993 782 2097 853 insti-

71 872 307 958 cessantibus,
334 890 394 947 aut
414 876 530 962 nulla,
555 890 617 947 aut
633 899 804 969 perparva
821 879 859 948 in
876 902 915 949 ea
931 901 970 948 re
986 899 1059 946 esse
1109 883 1274 957 tuantur,
1299 888 1332 943 et
1348 875 1396 943 sic
1411 875 1554 946 illorum
1569 877 1696 963 vitam,
1723 892 1755 948 et
1772 904 1886 950 mores
1900 883 2094 955 multorum

70 973 170 1051 salet.
329 1052 332 1057 ,
460 1006 474 1029 ·
654 1008 658 1014 ·
746 993 750 1001 '
1109 974 1203 1044 oculi
1227 976 1417 1066 speculari,
1443 991 1481 1046 ut
1501 979 1703 1048 aberrantes
1718 982 1762 1048 de
1776 982 1853 1067 via,
1879 1007 1944 1054 nec
1960 985 2095 1057 diutius

170 1072 398 1168 Quapropter
433 1079 527 1171 quod
561 1079 738 1166 muneris,
780 1084 874 1174 quod
904 1080 1056 1151 sustine-
1110 1076 1236 1162 latere,
1266 1092 1300 1148 et
1328 1078 1367 1146 in
1395 1102 1473 1148 eam
1503 1081 1619 1151 statim
1650 1095 1725 1151 turn
1755 1082 1873 1173 legum
1892 1087 2094 1175 autoritate,

69 1198 166 1262 mus,
191 1176 336 1268 religio,
359 1175 570 1265 etScholae,
596 1183 651 1251 eui
668 1184 905 1270 deseruimus,
931 1178 1056 1268 honos,
1108 1191 1184 1247 tum
1213 1193 1478 1271 praeceptorum
1505 1206 1609 1273 opera
1635 1185 1792 1253 revocari
1814 1187 1960 1278 possint.
2023 1187 2093 1261 Et·

10 1290 19 1351 ‘.·
71 1290 103 1347 et
128 1277 342 1365 iuventutis,
376 1282 432 1350 cui
456 1295 576 1353 nostra
597 1284 711 1353 officia
736 1286 930 1371 debentur,
961 1285 1054 1354 salus
1107 1280 1201 1348 enim
1217 1304 1393 1351 summum
1405 1283 1528 1369 scelus,
1544 1287 2092 1380 etdetestandaimpietasfuerit,

10 1396 14 1459 ῑ
70 1402 130 1451 sus
145 1379 213 1466 sit,
239 1383 418 1471 etcoe'git,
442 1383 552 1455 secuti
565 1406 705 1468 sumus,
731 1412 770 1456 ac
788 1387 985 1457 societatem
1001 1387 1054 1455 la·
1106 1383 1265 1452 moribus
1297 1383 1490 1456 iuventutis
1518 1400 1700 1475 tantopere
1731 1387 2018 1462 incumbentibus
2043 1395 2090 1463 ad

69 1479 183 1562 boris,
209 1496 244 1554 et
257 1485 517 1570 molestiarum,
543 1509 632 1580 quae
645 1490 929 1578 praeceptoribus
943 1488 980 1556 in
997 1490 1052 1557 di·
1105 1509 1247 1553 omnem
1284 1486 1463 1557 levitatem
1490 1500 1525 1557 et
1558 1489 1668 1559 malas
1701 1502 1811 1572 artes,
1848 1509 2088 1584 praeceptores

68 1583 213 1675 scipulis
231 1598 308 1657 tum
330 1588 550 1668 erudiendis,
585 1602 659 1658 tum
681 1591 937 1678 gubernandis,
969 1605 1053 1661 sunt
1104 1587 1268 1657 desistere
1297 1612 1317 1657 a
1345 1590 1462 1689 stpdio
1490 1590 1656 1659 medendi
1681 1592 1771 1660 male
1793 1586 2026 1685 habentibus,
2053 1609 2087 1667 et

68 1685 309 1778 suscipienda,
333 1688 498 1773 fecimus,
523 1691 559 1758 in
576 1713 644 1783 qua
661 1693 807 1761 colenda
822 1693 969 1785 quisque
984 1718 1050 1763 no-
1102 1690 1269 1779 praebere
1292 1712 1327 1759 se
1349 1691 1481 1762 otiosos
1504 1705 1714 1783 spectatores
1736 1694 1824 1763 tanti
1840 1696 1922 1764 mali
1939 1718 2086 1767 suorum

68 1798 176 1856 dmm
200 1789 364 1878 promisit
387 1813 423 1860 se
443 1792 590 1863 decretis
614 1792 773 1882 religiose
791 1796 1050 1886 obtemperate·
1102 1789 1374 1880 discipulorum,
1399 1816 1460 1877 eo,
1486 1795 1581 1886 quod
1603 1807 1720 1864 lamae
1741 1791 1807 1864 hoc
1828 1810 1984 1889 tempore
2000 1800 2085 1868 libi-

67 1911 143 1957 rum
165 1911 256 1960 esse.
316 1886 492 1962 Ordinem
516 1908 552 1964 et
573 1895 745 1966 rationem
767 1897 959 1986 discipulos
980 1923 1048 1966 no·
1101 1892 1203 1961 dines
1228 1907 1263 1963 et
1289 1893 1498 1984 cupiditates
1520 1895 1714 1967 iuventutis
1742 1896 1926 1984 videntur,
1957 1913 1998 1970 ut
2022 1903 2085 1970 de·
2184 1906 2188 1919 '

68 2003 153 2061 stros
182 1992 353 2073 docendi,
386 2008 420 2064 et
445 1997 629 2066 exercendi
651 1997 815 2087 privatim
839 2012 873 2069 et
896 1999 1048 2089 publice,
1100 2008 1259 2083 speretur
1290 2018 1367 2065 eam
1397 1996 1525 2066 adduci
1554 2020 1676 2088 posse,
1707 2012 1748 2068 ut
1768 1999 1841 2068 suis
1861 2001 2084 2073 curatoribus

67 2114 102 2161 re
116 2093 307 2183 diligenter
322 2095 532 2181 deliberata,
558 2100 603 2167 de
619 2100 798 2168 communi
816 2100 926 2169 nostri
942 2101 1048 2169 colle·
1102 2109 1240 2187 pareat,
1272 2109 1307 2166 et
1329 2098 1554 2191 obsequatur.
1607 2096 1677 2169 Hie
1701 2100 1771 2168 nisi
1795 2125 1851 2169 me
1874 2104 1994 2173 omnia
2015 2106 2084 2173 fal-

66 2193 111 2282 gii
126 2196 306 2267 sententia
327 2200 597 2280 constituimus,
623 2212 657 2269 et
680 2223 803 2292 operas
824 2196 1047 2272 scholasticas
1100 2199 1197 2277 lunt,
1222 2198 1259 2265 in
1284 2198 1401 2268 officio
1423 2213 1691 2292 praeceptorum
1713 2216 1764 2271 est
1780 2202 1901 2272 saltem
1919 2206 2083 2295 experiri,

66 2294 156 2367 iusta
179 2298 368 2391 aequitatis
391 2324 553 2371 normam
576 2301 671 2373 inter
692 2327 758 2371 nos
779 2302 899 2394 partiti
914 2327 1047 2389 sumus,
1099 2313 1132 2370 et
1148 2323 1250 2392 quam
1263 2300 1413 2370 maxime
1425 2302 1598 2389 laborare,
1618 2326 1697 2373 cum
1711 2317 1834 2392 agatur
1848 2305 1942 2375 salus
1957 2308 2083 2376 iuven-

68 2410 98 2469 et
122 2397 241 2489 leges,
273 2421 364 2494 quae
384 2415 419 2472 ct
441 2398 592 2474 Scholae
614 2404 860 2476 constitutioni
885 2407 1047 2490 tuendae,
1099 2402 1201 2485 tutis,
1233 2395 1347 2470 honos
1370 2398 1598 2488 Academiae,
1627 2417 1662 2474 et
1687 2429 1817 2474 nomen
1846 2406 2012 2493 illorum,
2041 2422 2082 2479 ut

65 2512 95 2571 et
114 2501 278 2572 moribus
298 2503 552 2576 adolescentiae
573 2506 723 2576 rudibus
746 2520 838 2578 recte
860 2507 1045 2598 tingendis,
1099 2502 1293 2594 periculum
1329 2527 1349 2572 a
1383 2504 1495 2595 capite
1531 2505 1810 2597 discipulorum,
1851 2508 2082 2578 infamiama

10 2618 17 2695 t
63 2616 95 2672 et
122 2602 230 2673 malis
253 2603 428 2677 foeliciter
461 2607 678 2698 corrigendis
710 2610 812 2678 valde
839 2609 1046 2680 viderentur
1098 2599 1247 2677 Scholae
1266 2605 1454 2695 dignitate,
1478 2620 1513 2679 et
1529 2620 1600 2677 tam
1614 2608 1755 2677 foedam
1773 2608 1887 2678 labem
1901 2635 1919 2676 a
1934 2633 1999 2679 suo
2015 2635 2084 2680 no·

10 2702 14 2775 ἶ
60 2707 342 2778 accommodatae
366 2707 605 2781 adiunximus.
657 2708 763 2799 Quod
785 2734 805 2782 a
830 2711 960 2782 teneris
982 2736 1045 2782 ne-
1099 2707 1192 2776 mine
1213 2708 1411 2795 depellant,
1433 2709 1637 2798 praesertim
1663 2734 1741 2779 cum
1764 2709 1839 2801 ipse
1855 2711 2083 2781 officiicona-

61 2826 156 2875 cesse
176 2820 229 2879 est
249 2808 595 2882 adulescentulorum
618 2812 758 2902 ingenia
780 2814 941 2884 doctrina
959 2815 1044 2885 reli·
1097 2824 1171 2893 tus,
1195 2821 1230 2879 et
1245 2806 1322 2880 Deo
1343 2823 1462 2899 gratus
1477 2809 1541 2896 sit,
1564 2824 1599 2884 et
1611 2810 1713 2881 facile
1729 2811 1906 2882 bonorum
1919 2813 2082 2882 omnium

11 2950 19 2959 -
59 2906 195 2997 gioms,
221 2923 256 2982 et
276 2911 383 2982 bonis
403 2913 538 2984 artibus
559 2914 633 3007 pie,
658 2914 922 3010 liberaliterque
943 2941 1044 2987 exco-
1097 2912 1231 2982 auferat
1261 2912 1573 3003 approbationem,
1612 2927 1646 2985 et
1679 2913 1755 2983 sine
1786 2914 1904 2984 fructu
1932 2938 2007 2984 non
2036 2914 2083 2986 sit

61 3010 152 3095 lere,
186 3022 223 3082 et
247 3036 366 3083 mores
385 3017 428 3084 ad
451 3016 542 3087 bene
567 3029 601 3088 et
621 3017 829 3088 innocenter
850 3019 1043 3089 vivendum
1096 3014 1248 3085 iuturus.

57 3110 196 3202 legibus
212 3114 390 3216 sapienter
403 3116 554 3208 fingere,
569 3143 666 3212 ¹qnos
679 3119 766 3189 tales
782 3121 947 3190 volumus
962 3145 1042 3209 eva·
1200 3112 1442 3206 suscipiemus
1462 3115 1571 3206 igitur
1591 3107 1654 3184 has
1675 3115 1817 3186 virtutis
1832 3128 1866 3185 et
1880 3116 1986 3186 officii
2000 3138 2082 3207 par-

58 3214 159 3300 dere,
184 3228 229 3286 ut
242 3215 508 3310 aliquando-vel
517 3216 693 3289 Ecclesiae
708 3222 894 3305 salutares,
915 3236 950 3292 et
964 3222 1043 3290 ido·
1098 3230 1168 3301 tes,
1198 3218 1242 3285 ad
1264 3238 1350 3309 quas
1370 3230 1443 3287 tam
1465 3218 1586 3288 multis
1608 3217 1722 3287 causis
1745 3230 1780 3287 et
1802 3216 2001 3287 rationibus
2024 3216 2083 3284 in·

58 3315 114 3387 nei
143 3316 221 3389 sint
249 3317 422 3405 ministri,
454 3322 511 3390 vel
540 3318 772 3410 Reipublicae
804 3321 1044 3412 Magistratus,
1098 3318 1269 3400 vitamur,
1294 3317 1351 3385 vel
1367 3316 1484 3409 potius
1498 3318 1678 3408 cogimur,
1704 3313 1882 3387 Deoduee
1900 3331 1933 3387 et
1948 3332 2083 3393 autore.

57 3419 117 3510 qui
142 3418 186 3488 in
216 3442 282 3491 suo
312 3444 459 3493 munere
482 3447 562 3497 cum
584 3424 696 3512 gloria
718 3421 805 3508 Dei,
837 3438 871 3495 et
892 3425 1044 3496 utilitate
1099 3416 1278 3510 Principio
1310 3412 1378 3489 hoc
1407 3419 1502 3489 inter
1525 3441 1648 3490 omnes
1672 3432 1831 3489 constare
1856 3419 2083 3500 arbitramur,

55 3520 240 3591 communi
253 3546 335 3591 vere
350 3537 620 3617 constanterque
635 3540 831 3599 versentur.
1097 3515 1191 3591 nihil
1211 3521 1288 3590 sine
1310 3520 1457 3606 ordine,
1470 3533 1517 3592 .et
1531 3533 1625 3591 certa
1639 3521 1797 3606 ratione,
1820 3545 1936 3614 neque
1954 3521 1993 3589 in
2007 3518 2083 3591 Re·

157 3619 254 3693 Nam
275 3624 338 3717 qui
359 3649 424 3696 nec
445 3627 606 3699 doctrina
630 3627 771 3697 liberali
791 3638 1046 3719 praeparantur
1099 3623 1258 3715 publiea,
1284 3646 1399 3716 neque
1414 3623 1454 3692 in
1469 3647 1507 3694 re
1522 3622 1724 3713 domestica,
1750 3622 1926 3714 sapienter
1939 3621 2083 3712 suscipi,

56 3724 99 3793 ad
122 3723 479 3799 secte-iudicandum
495 3732 539 3799 de
561 3729 667 3799 rebus
691 3729 797 3799 bonis
817 3745 851 3800 et
867 3730 988 3813 malis,
1011 3742 1044 3798 et
1098 3738 1132 3797 et
1158 3725 1330 3796 foeliciter
1357 3725 1614 3795 administrari:
1652 3725 1702 3794 sic
1729 3725 1833 3793 etiam
1860 3725 1898 3791 in
1922 3724 2082 3794 discendi

56 3837 219 3917 tenpore
244 3826 501 3900 adolescentiae
528 3845 731 3902 assuescunt
755 3831 794 3898 in
818 3831 963 3900 vivendi
988 3854 1044 3900 ra·
1097 3825 1252 3911 ratione,
1276 3839 1317 3896 ut
1331 3826 1426 3898 docti
1442 3825 1621 3912 iudicant,
1648 3840 1681 3896 et
1694 3825 1908 3917 experientia
1925 3838 2083 3910 testatur,

57 3925 156 3996 tione
172 3951 195 3997 a
214 3942 310 4000 recto
327 3931 525 4018 discedere,
551 3946 585 4003 et
600 3932 817 4018 claudicare,
838 3926 877 4001 hi
894 3933 1045 4002 maiores
1096 3952 1133 3999 se
1149 3951 1205 3999 res
1219 3922 1335 4000 habet.
1389 3926 1615 4020 Quapropter
1630 3923 1688 3997 hic
1704 3929 1812 4010 ordo,
1838 3941 1874 3997 et
1888 3921 1973 3995 haec
1989 3926 2081 3995 ratio

57 4026 163 4115 facti,
191 4041 232 4100 nt
260 4044 346 4102 testa
375 4035 543 4118 odorem,
572 4058 644 4127 quo
674 4058 795 4105 recens
823 4046 875 4104 est
897 4034 1047 4120 imbuta,
1098 4044 1220 4101 nostro
1243 4029 1407 4100 sodalitio
1427 4030 1577 4122 placuit,
1608 4053 1677 4123 qua
1699 4051 1880 4118 speramus
1903 4050 1968 4096 nos
1988 4026 2083 4096 obti-

57 4152 135 4200 non
156 4130 257 4202 fseile
273 4133 423 4217 amittit,
449 4134 499 4206 sic
515 4135 621 4208 etiam
636 4160 655 4203 a
671 4137 927 4207 claudicatione
942 4136 1045 4208 solita
1098 4156 1181 4202 nere
1195 4144 1314 4224 posse‘,
1334 4145 1387 4212 ut,
1408 4152 1448 4201 ex
1461 4126 1589 4203 Schola
1606 4130 1798 4201 cessatione
1812 4128 1959 4212 sublata,
1984 4127 2083 4219 quis-

57 4244 89 4302 et
114 4231 307 4320 familiari,
338 4259 439 4325 aegre
459 4251 499 4310 et
524 4238 713 4309 difficulter
740 4238 922 4311 desistunt.
976 4235 1045 4313 Cui
1098 4258 1166 4329 que
1181 4246 1297 4325 partes
1312 4233 1470 4303 discendi
1486 4233 1556 4302 sibi
1572 4233 1676 4301 utiles
1690 4242 1726 4299 et
1741 4243 1992 4301 consentaneas
2005 4251 2084 4298 sus·

57 4332 106 4403 rei
132 4334 244 4407 fidem
271 4336 462 4423 maiorem,
494 4362 600 4434 mam
628 4340 813 4430 volumus,
848 4352 883 4410 et
904 4340 1045 4432 publica
1098 4337 1223 4429 cipiat,
1243 4351 1277 4406 et
1300 4359 1357 4405 eas
1378 4333 1581 4424 diligentia,
1607 4346 1641 4403 et
1661 4331 1869 4418 constantia,
1890 4329 2085 4425 quamvis·

59 4436 151 4555 salps
165 4436 323 4529 patitur,
346 4438 432 4512 vitia
446 4444 641 4513 multorum
657 4456 733 4513 tum
749 4437 945 4522 Ecclesiae,
971 4455 1045 4513 tum
1098 4453 1155 4510 tus
1170 4437 1337 4530 requirit,
1363 4449 1565 4529 exequatur.

58 4530 215 4629 lupen.
246 4538 364 4627 civili,
403 4554 480 4612 tmn
509 4539 641 4614 scholis
673 4543 904 4614 servientium
933 4544 1047 4614 facere
1200 4534 1435 4610 scholasticos
1463 4550 1604 4608 nostrae
1631 4530 1904 4629 philosophicae
1934 4530 2086 4606 Scholae

58 4638 220 4731 quotidie
233 4641 444 4733 experimur.
1099 4640 1346 4711 distribuimus
1360 4641 1396 4707 in
1413 4638 1593 4708 auditores
1604 4636 1884 4721 Grammaticos,
1909 4636 2085 4706 studiosos

114 4798 117 4803 .
156 4737 234 4813 Nee
260 4755 378 4814 tamen
402 4768 467 4814 nos
489 4741 640 4815 Scholae
662 4743 801 4829 ldeam,
832 4742 923 4813 sieut
945 4742 1048 4815 Plato
1098 4742 1275 4823 Lauresm,
1314 4755 1347 4810 et
1377 4740 1568 4830 magisterii
1597 4734 1838 4831 philosophici
1871 4736 2085 4806 candidatos.

58 4842 212 4914 civitatis
231 4845 401 4928 formam,
427 4847 482 4916 cui
500 4847 538 4915 in
557 4840 624 4916 hac
638 4846 729 4928 vita,
751 4859 784 4914 et
802 4845 841 4913 in
857 4840 914 4914 his
930 4840 1048 4915 homi·
1099 4840 1335 4914 Auditoribus
1352 4838 1621 4923 Grammaticis,
1646 4834 1745 4910 horis
1766 4850 1848 4908 ante
1868 4836 2086 4916 meridianis,

58 4966 143 5017 nnm
166 4946 329 5017 moribus
351 4943 445 5015 nihil
467 4948 536 5018 loci
560 4946 800 5040 relinquatur,
827 4946 947 5016 animo
963 4971 1049 5016 con·
1100 4945 1334 5036 proponimus
1370 4943 1554 5033 privatim:
1597 4940 1777 5033 Epistulas
1811 4936 2011 5022 Ciceronis,
2053 4948 2089 5005 et

57 5047 230 5137 cipimus,
259 5063 293 5120 et
315 5049 460 5120 florenti
482 5048 587 5119 aetati
610 5050 862 5141 proponimus,
887 5050 949 5118 sed
972 5071 1048 5117 eam
1100 5041 1550 5139 praeceptaEtymologiae.
1600 5041 1862 5113 pomeridianis
1877 5053 2006 5119 autem,
2032 5036 2089 5103 vel

57 5172 148 5242 quae
174 5161 212 5219 et
233 5149 417 5239 discipulis
440 5150 479 5218 in
502 5149 670 5221 discendo
693 5150 898 5232 commoda,
928 5162 964 5221 et
985 5149 1050 5216 ad·
1101 5146 1277 5217 comedias
1296 5145 1476 5230 Terentii,
1502 5144 1559 5214 vel
1575 5144 1705 5215 Poema
1726 5142 1893 5236 aliquod,
1918 5139 1991 5210 sive
2005 5135 2090 5204 Vir-

57 5250 208 5319 modum
239 5248 352 5320 facilis
375 5251 422 5321 sit
444 5252 584 5336 futura,
619 5265 654 5321 et
676 5250 964 5344 praeceptoribus
986 5272 1051 5319 nec
1101 5249 1198 5339 gilii,
1222 5248 1296 5318 sive
1310 5244 1457 5331 Ovidii,
1481 5259 1516 5318 et
1536 5258 1719 5338 praecepta
1731 5241 1926 5339 syntaxeos
1952 5254 1985 5309 et
2000 5237 2090 5308 Pro-

57 5350 190 5436 oneris,
215 5372 283 5421 nec
294 5349 512 5424 difficultatis
523 5350 658 5445 aliquid
672 5352 834 5439 allatura,
857 5375 930 5446 quo
943 5347 1051 5422 bomo
1103 5350 1234 5427 sodiae.
1298 5344 1455 5488 Autoqep
1474 5347 1647 5488 texplicati
1676 5370 1758 5418 cum
1788 5341 2013 5416 auditoribus
2041 5340 2092 5410 ita
