4680 6038
154 236 230 319 ess
922 203 1413 289 ursrurtrtouns
2113 206 2187 283 ω.
2222 205 2226 213 ·

161 409 211 484 111
229 430 311 480 cum
326 400 581 488 audiebantur,
607 391 760 467 iudicari
773 388 910 484 potuit,
936 385 1006 481 ipsi
1028 409 1074 457 ne
1094 409 1153 456 re·
1204 405 1290 470 nae,
1314 396 1350 456 et
1365 382 1404 454 iu
1418 382 1579 457 articulis
1592 381 1674 457 fidei
1687 380 1727 456 in
1741 382 1931 482 symbolis,
1951 395 1990 457 et
2002 376 2112 465 stibi.
2127 378 2188 453 ubi

164 513 322 586 tinerent
354 506 510 576 nativam
545 496 756 570 sententiam
781 486 1062 585 Prophetarum,
1105 509 1151 557 an
1202 485 1352 581 proprio
1367 509 1531 558 sermone
1544 487 1756 574 recitantur,
1780 486 1967 559 retinenda
1981 498 2048 557 est.

163 610 346 687 Pharisaei
361 621 396 679 et
411 602 621 678 Sadducaei.
672 600 725 669 Ita
744 619 842 668 nunc
863 591 1014 663 iudicari
1030 600 1155 684 potest,
1309 605 1370 677 13,
1401 604 1509 696 Quod
1533 619 1651 678 aurem
1673 607 1761 679 diest
1780 601 2009 699 Epiphania,
2030 624 2141 676 ,enm
2158 615 2187 673 α

167 740 213 787 811
233 710 436 795 pontificii,
462 703 715 794 AnabaptiSifle
735 712 770 770 ti
791 689 1047 768 81111180181101
1067 693 1154 812 Nil·-
1205 707 1448 800 speculatione
1471 733 1563 801 opus
1590 732 1686 792 88³8,
1726 731 1832 780 pensu
1860 707 2034 800 intelligit
2056 704 2186 796 ςῖῃεώ

167 830 277 888 neant
300 816 457 885 nativam
479 805 689 878 senteutiam
712 796 914 891 inscriptis
937 790 1155 889 propheticis
1205 811 1378 881 vocabula
1398 811 1582 882 declarari.
1646 810 1781 903 sensu,
1814 811 1851 882 id
1872 823 1943 894 est,
1976 806 2186 902 experientis

168 933 203 991 el
216 914 437 1009 apostolici&
465 935 511 981 ³¹¹
526 930 610 979 ”¹⁰
627 928 709 975 ⁰⁰⁵²
737 924 941 998 quanquam
958 921 1040 969 ⁰⁰¹⁰
1056 896 1155 1020 1³⁰ss:
1206 911 1375 983 discimus
1389 912 1478 1007 quid
1493 914 1547 986 sit·
1555 911 1680 996 dolor,
1706 937 1829 1008 pavor,
1853 933 1960 998 mors,
1987 908 2187 995 cumulatio,

168 1021 287 1093 tificiis
308 1038 439 1110 paucae
460 1008 723 1083 controversiae
743 1017 827 1076 sunl
853 1005 923 1075 τοῦ
951 1001 1065 1095 ῥητοῦ
1085 1024 1155 1079 ,και
1206 1014 1311 1101 fides,
1332 1014 1490 1102 laeticia,
1515 1017 1599 1090 vita.
1636 1015 1923 1110 speculationem
1938 1012 2108 1084 nominat
2120 1010 2186 1083 dia·

170 1114 357 1203 διανοίας,
383 1101 1156 1210 (111ῙὸῑῐῑΡῙθῑῙδιῦθθθῦῑῑῡιθῖθῖῖθΡῦῡῑῑῆ·
1208 1117 1372 1188 lecticum
1395 1094 1562 1188 ordineni
1580 1120 1843 1202 membrorum,
1866 1116 2120 1199 definitiones,
2137 1112 2185 1183 tli-

170 1223 217 1295 cii
231 1221 416 1292 manifeste
430 1227 684 1310 puguantcum
699 1208 869 1304 expressis
888 1205 1082 1299 praeceptis
1100 1203 1157 1274 di·
1207 1220 1386 1308 visione„
1413 1220 1679 1306 distinctione„
1707 1219 1881 1290 iudicium
1904 1219 2184 1311 ,1200an

169 1323 277 1395 vinis.
330 1320 379 1396 Ut
395 1344 475 1390 cum
489 1318 616 1388 iubent
630 1314 797 1384 invocare
808 1306 973 1381 homines
987 1319 1158 1391 mortuos,

108 1416 110 1421 ¹
143 1424 252 1498 'cum
280 1424 406 1495 iubent
433 1421 510 1489 fieri
540 1416 785 1487 adorationem
813 1411 916 1506 panis
940 1411 980 1480 in
1004 1409 1158 1479 circum·

172 1527 385 1619 gestatione,
409 1546 490 1593 cum
505 1521 631 1591 iubent
642 1542 786 1588 manere
807 1515 845 1584 in
869 1511 1093 1584 dubitatione
1114 1512 1158 1581 de

173 1629 305 1727 gratia,
332 1651 411 1699 cum
428 1624 606 1694 affirmant
618 1615 781 1690 homines
795 1617 993 1688 satisfacere
1008 1605 1158 1705 legiDei

174 1743 317 1802 externa
348 1727 570 1810 obedientia,
609 1736 644 1794 et
677 1723 788 1793 iustos
812 1742 885 1789 esse
906 1717 1053 1810 propria
1073 1716 1160 1807 legis

174 1832 400 1924 impletione,
441 1851 520 1898 cum
552 1819 745 1918 prohibent
775 1821 982 1911 coniugium
1013 1841 1160 1908 magnae

172 1933 266 2027 parti
284 1930 490 2016 hominum,
515 1928 667 2023 quinon
683 1938 767 2020 sunt
790 1923 912 1994 idonei
937 1923 983 1993 ad
1003 1922 1161 1993 coeliba-

173 2052 270 2121 tum,
293 2059 374 2104 cum
391 2034 614 2105 contendunt
629 2024 820 2100 cultusDei
835 2049 909 2096 esse
923 2047 1031 2116 opera
1048 2022 1160 2095 aIleo

175 2162 248 2206 nou
265 2138 446 2221 mandata,
471 2133 544 2203 imo
559 2131 793 2225 perfectiones
805 2151 897 2210 esse,
923 2128 1013 2197 ritus
1036 2149 1162 2197 mona-

142 2294 146 2305 .
175 2239 298 2323 stitus,
321 2251 363 2309 ut
377 2238 613 2309 desertionem
627 2231 856 2327 propriarum
871 2230 1097 2315 facultatum,
1122 2240 1162 2298 ut

175 2341 299 2412 scribit
316 2338 491 2414 canisius.

275 2476 311 2550 8.
358 2473 520 2569 Denique
545 2473 658 2543 multa
685 2484 788 2555 sunt,
828 2468 893 2540 uhi
924 2467 1078 2539 facilima
1111 2479 1164 2538 est

176 2575 404 2661 diiudicatio,
452 2574 654 2644 volentibus
682 2573 759 2643 siue
781 2567 972 2663 sophistica
994 2569 1163 2651 iudicare,

178 2678 296 2773 qualia
312 2690 346 2750 et
366 2673 563 2748 haecsunt:
590 2673 690 2744 Nova
704 2674 905 2743 obedientia
930 2694 1005 2741 non
1029 2684 1082 2741 est
1098 2695 1164 2739 ue-

177 2779 343 2865 cessaria,
388 2803 450 2850 seu
479 2778 574 2849 hona
605 2800 711 2869 opera
742 2799 817 2845 uon
843 2787 928 2845 sunt
958 2774 1164 2845 necessaria.

176 2878 297 2951 Homo
313 2877 420 2953 habet
432 2904 469 2949 se
481 2904 569 2971 pure
584 2879 721 2973 passive
737 2877 897 2947 in'malis
912 2889 945 2946 ct
960 2876 1066 2946 honis
1081 2899 1165 2967 ope·

176 2982 306 3053 ribus..
339 2981 414 3053 Has
434 2995 656 3074 portentosas
677 2994 713 3051 et
728 2980 922 3050 diabolicas
943 3001 1048 3049 voces
1068 2979 1165 3049 dete-

106 3142 112 3151 .
177 3101 333 3169 stamur,
359 3098 392 3155 et
412 3085 575 3154 dolemus
598 3096 732 3153 tantam
755 3081 958 3174 aliquorum
980 3079 1164 3151 audaciam

178 3209 268 3270 esse,
293 3201 333 3256 ut
349 3187 387 3255 in
407 3184 565 3257 Ecclesia
580 3184 649 3257 Dei
666 3179 753 3253 haec
768 3206 896 3252 sonare
910 3182 1075 3256 audeant.

278 3317 313 3388 9.
347 3317 419 3388 Νεε
436 3332 573 3389 tantum
589 3320 692 3388 docet
707 3318 886 3386 auditores
899 3339 981 3386 vera
997 3311 1166 3402 Ecclesia,

178 3421 238 3491 sed
262 3420 367 3490 etiam
383 3421 586 3489 testimonio
610 3443 674 3489 suo
696 3419 898 3503 confirmat,
932 3414 1166 3489 sicutDomi-

178 3546 245 3592 nus
262 3523 393 3614 inquit:
420 3518 467 3590 Et
485 3536 522 3591 tu
539 3542 730 3590 conversus
744 3520 915 3589 confirma
929 3519 1055 3589 fratres
1073 3532 1164 3591 tuos.

179 3620 287 3692 ltem:
322 3621 508 3692 infirmum
526 3623 563 3690 in
581 3623 650 3692 lide
665 3623 850 3708 assumite,
875 3645 921 3691 ne
941 3621 1165 3692 dubitatione

178 3725 412 3816 opprimatur.
503 3800 507 3811 .

284 3859 344 3931 10.
389 3855 603 3952 Quanquam
634 3856 743 3948 igitur
770 3869 959 3948 opponunt
983 3853 1165 3928 Pontificii

178 3959 307 4053 scripta
324 3956 549 4052 prophetica,
570 3961 720 4030 obscura
737 3973 770 4030 et
787 3960 920 4029 incerta
934 3982 1019 4043 esse,
1045 3971 1164 4029 tamen

178 4062 405 4134 adfirmamus
417 4063 615 4153 legentibus
636 4076 671 4133 et
692 4057 945 4132 adhibentibus
970 4062 1064 4149 piam
1089 4061 1164 4132 col-

179 4163 347 4234 lationem
372 4178 466 4234 certa
492 4189 586 4249 esse,
618 4165 709 4235 sicut
724 4161 858 4233 Paulus
883 4164 1015 4255 inquit:
1041 4158 1164 4233 Evan-

178 4266 308 4352 gelium
326 4281 486 4336 nostrum
504 4290 578 4336 nou
595 4280 646 4338 est
662 4267 835 4347 velatum,
869 4266 938 4334 nisi
961 4267 999 4334 in
1022 4259 1079 4335 his
1100 4265 1163 4359 qui

179 4379 341 4456 pereunt.
388 4365 436 4437 Et
451 4393 530 4439 cum
548 4382 711 4439 aeternus
726 4380 824 4459 pater
837 4370 880 4437 de
895 4368 993 4438 coelo
1010 4366 1163 4440 ediderit

177 4461 245 4536 hoc
277 4470 482 4540 mandatum
517 4472 561 4541 de
593 4470 683 4540 lilio:
724 4464 820 4540 hunc
842 4469 981 4552 audite,
1014 4468 1162 4540 etfilius

178 4564 584 4660 proferatEvangelium
602 4596 643 4642 ex
668 4570 749 4641 sinu
775 4572 908 4641 aeterni
934 4570 1062 4662 patris,
1086 4594 1162 4641 uon

177 4671 416 4744 existimemus
432 4675 537 4745 nohis
553 4674 673 4744 offerri
689 4673 852 4764 ambigua
867 4672 954 4744 folia
969 4671 1140 4769 Sibyllae.

1209 1323 1279 1394 tiis.
1312 1319 1410 1393 Haec
1424 1346 1498 1392 nou
1515 1323 1666 1413 gignunt
1680 1322 1885 1416 peregrinas
1901 1319 2112 1406 sententias,
2134 1318 2184 1389 sed

1209 1424 1347 1495 nativas
1364 1438 1457 1496 recte
1473 1427 1656 1496 ordinant.

1313 1537 1373 1619 14.
1400 1540 1616 1639 Quanquam
1630 1540 1742 1633 igitur
1754 1539 1923 1612 incidunt
1935 1540 2186 1611 controversiae

1210 1647 1324 1742 ῥητοῦ
1337 1639 1401 1716 καὶ
1416 1638 1604 1729 dsoii‘otac,
1629 1657 1748 1717 umen
1763 1637 1832 1713 hae
1847 1642 2105 1713 diiudicandae
2117 1654 2186 1713 sunt

1211 1771 1253 1818 ex
1277 1745 1417 1839 scriptis
1437 1743 1655 1840 propheticis
1678 1740 1715 1818 'et
1745 1743 1968 1836 apostolicis,
2018 1756 2057 1815 et
2080 1767 2121 1814 ex
2138 1737 2186 1814 his

1211 1847 1402 1920 diiudicari
1415 1863 1562 1939 possunt
1576 1872 1597 1919 a
1613 1848 1700 1939 piis,
1725 1847 1787 1942 qui
1803 1846 2005 1919 doctrinam
2021 1839 2186 1917 Ecclesiae

1211 1951 1433 2037 didicerunt,
1457 1951 1518 2045 qui
1537 1951 1739 2045 quidemst
1760 1947 1973 2019 testimoniis
1988 1948 2119 2019 veteris
2128 1942 2185 2020 tte-

1213 2053 1355 2138 clesiae,
1379 2076 1469 2147 quae
1482 2055 1645 2123 noudum
1660 2052 1865 2130 discesserat
1878 2051 1925 2122 ab
1941 2047 2185 2145 Apostolorum

1215 2155 1371 2246 vestigiis
1388 2155 1615 2226 adiuvantur.

1318 2271 1377 2344 15.
1406 2269 1497 2346 Cum
1514 2271 1767 2364 Anabaptistae
1782 2270 1915 2341 tollunt
1937 2268 2187 2343 distinctionem

1214 2371 1465 2446 Dominiorum
1482 2389 1518 2446 et
1531 2373 1723 2446 Politicum
1737 2374 1923 2458 ordinem,
1949 2386 2094 2465 propter
2111 2367 2187 2443 haec

1215 2476 1325 2548 dicta:
1365 2474 1421 2548 Da
1437 2477 1537 2546 omni
1551 2476 1685 2570 petenti
1701 2489 1746 2551 te.
1784 2473 1902 2546 ltems‘
1913 2471 1998 2545 Nou
2013 2474 2186 2545 vindicen-

1216 2591 1268 2649 tes
1300 2578 1525 2671 vosmetipsi,
1569 2580 1773 2651 refutantur
1802 2575 1992 2647 collatione
2023 2574 2188 2648 locorum.

1217 2677 1316 2752 Alibi
1332 2681 1426 2751 euim
1441 2703 1602 2773 expresse
1614 2680 1903 2773 comprobantur,
1931 2676 2095 2770 politicus
2106 2679 2187 2755 ordo

1216 2795 1251 2853 et
1266 2783 1446 2854 distinctio
1463 2782 1724 2868 dominiorum,
1749 2793 1784 2852 et
1797 2793 1891 2850 recte
1905 2778 2064 2851 instituti
2080 2775 2188 2851 quo·

1216 2885 1321 2954 clesia
1337 2898 1472 2957 norunt
1489 2885 1680 2957 discrimen
1694 2883 1780 2973 legis
1794 2896 1829 2955 et
1843 2878 2059 2973 Evangelii,
2081 2880 2187 2953 etdis-

1216 2987 1351 3059 crimen
1375 2999 1537 3057 aeternae
1557 2985 1718 3057 iustitiae
1738 2998 1773 3056 et
1795 2983 1977 3079 politicae.
2033 2981 2080 3055 Et
2104 2982 2185 3055 valet

1216 3112 1300 3159 vera
1315 3090 1490 3161 sententia
1504 3103 1650 3181 propter
1662 3088 1862 3158 doctrinam
1880 3098 1979 3156 certo
2001 3109 2023 3155 a
2039 3081 2116 3157 Deo
2128 3098 2187 3157 trr-

1217 3191 1346 3277 ditam,
1370 3214 1439 3285 qua
1456 3192 1542 3261 bdes
1557 3191 1704 3276 nititur,
1727 3212 1801 3258 non
1819 3202 1967 3280 propter
1980 3188 2189 3260 autoritatem

1217 3315 1450 3384 personarum
1466 3293 1700 3363 iudicantium
1722 3313 1784 3361 seu
1798 3290 1956 3374 ordinis,
1983 3302 2025 3359 ut
2038 3312 2190 3380 arrogan-

1216 3407 1270 3464 ter
1285 3390 1551 3484 fingitEsauita,
1576 3395 1694 3465 valere
1710 3389 2029 3466 determinationes
2047 3391 2087 3461 iu
2100 3415 2192 3487 qusa-

1216 3497 1394 3567 stionibus
1409 3496 1549 3583 dubiis,
1572 3508 1719 3589 propter
1733 3493 1946 3565 Pontificum
1961 3492 2192 3590 etEpiscopo·

1216 3623 1296 3669 rum
1312 3598 1490 3674 ordinem.

1322 3716 1381 3788 16.
1431 3714 1630 3788 Dissimilia
1662 3728 1748 3787 suut
1783 3713 1914 3786 iudicia
1950 3716 2122 3810 politica,
2161 3730 2192 3788 et

1216 3823 1421 3911 dogmatum
1435 3818 1568 3890 iudicia
1583 3817 1622 3886 in
1636 3813 1806 3888 Ecclesia.
1863 3814 1907 3888 ln
1928 3819 2097 3911 politicis
2108 3818 2192 3913 ,rste

1216 3920 1464 3993 determinatio
1482 3921 1521 3991 iu
1539 3920 1745 4014 quaestione
1758 3919 1879 4005 ddhia,
1903 3922 2102 3997 autoritate
2114 3919 2191 4013 regit

1215 4049 1277 4096 seu
1295 4024 1490 4115 praetoria,
1516 4022 1600 4118 quia
1616 4021 1712 4094 Deus
1726 4021 1877 4093 armavit
1892 4025 2126 4115 magistratus
2139 4020 2192 4095 hes

1215 4138 1398 4220 potestate.
1460 4121 1511 4196 Et
1539 4147 1679 4196 necesse
1707 4138 1759 4197 est
1781 4125 2036 4218 obtemperare
2065 4140 2192 4222 propter

1215 4227 1353 4299 ordinis
1367 4228 1538 4319 gradum,
1559 4226 1622 4322 qui
1635 4227 1842 4297 mandatum
1856 4226 1967 4298 etiam
1981 4223 2095 4303 habet
2106 4244 2191 4303 tm·

1215 4333 1280 4402 dae
1292 4352 1378 4401 suae
1389 4330 1584 4402 sententiae
1597 4328 1729 4420 gladio.

1319 4446 1376 4520 17.
1410 4446 1456 4519 Ει
1472 4461 1589 4519 tamen
1605 4471 1671 4518 uec
1687 4445 1830 4540 politica
1845 4461 2001 4540 potestas
2021 4444 2191 4523 habetn-
2226 4484 2228 4505 ι

1214 4550 1391 4621 toritatem
1415 4548 1679 4641 pronunciandi
1698 4564 1820 4620 contra
1851 4551 1908 4620 ius
1937 4564 2112 4641 naturae,
2141 4572 2189 4623 ει

1214 4653 1377 4722 divinum
1395 4651 1500 4722 nobis
1512 4651 1695 4725 traditum.
1727 4649 1797 4746 Sed
1814 4676 1893 4721 cum
1912 4651 2086 4728 incidunt
2099 4676 2191 4752 qust-

1214 4753 1348 4824 stiones
1363 4755 1407 4822 de
1430 4754 1494 4840 iis,
1519 4776 1610 4848 quae
1631 4778 1706 4823 uon
1724 4768 1872 4843 possunt
1887 4754 2191 4831 demonstrationi·

185 4917 219 4953 a
282 4824 340 4896 ¹1·
377 4820 969 4953 §fatifer⁵fffp⁸it1⁴l3lfipl¹³j¹3¹¹⁸²
1000 4819 1161 4951 {3195302
1212 4856 1281 4925 hus
1298 4856 1412 4927 extrui
1432 4880 1475 4926 ex
1489 4856 1567 4926 iure
1587 4855 1760 4936 naturali,
1792 4855 1843 4925 ibi
1867 4871 2020 4950 propter
2034 4858 2191 4951 probahi-

174 4951 321 5019 <spatam
350 4953 395 5000 ⁰¹¹
424 4954 549 5003 ”ma
577 4933 799 5025 αλληῖθθιαέ
821 4922 958 5011 ‘dmm’
994 4930 1087 4997 αλια
1109 4952 1161 5008 ‘⁰⁶
1211 4958 1281 5027 lem
1312 4957 1487 5028 rationem
1518 4971 1553 5029 et
1581 4958 1805 5028 autoritatem
1842 4959 2074 5048 magistratus
2111 4962 2190 5033 vahl

174 5024 257 5121 tyra.
284 5026 447 5125 θεωρίας
470 5027 511 5104 δὲ
534 5022 1159 5122 ‘5251012‘12030371'05‘09‘332‘3‘2‘
1209 5061 1403 5146 sententia,
1443 5059 1528 5155 quia
1551 5062 1696 5151 negocia
1719 5059 1865 5153 politica
1889 5060 2033 5134 ratione
2053 5058 2190 5137 iuti&

165 5123 276 5202 'de‘vas
291 5124 446 5227 ἑκάστης
459 5128 674 5215 ὑποθέσεως
689 5126 867 5224 δύναμιν.

275 5283 335 5355 12.
372 5282 476 5358 Certe
505 5287 624 5358 nativa
652 5286 844 5355 verborum
879 5280 1088 5373 significatio
1117 5282 1155 5353 in

1209 5174 1368 5254 possunt.

1313 5277 1372 5351 18.
1395 5277 1468 5351 Sed
1485 5278 1523 5348 iu
1536 5276 1678 5350 iudiciis
1695 5279 1901 5368 dogmatum
1916 5304 1993 5352 non
2010 5283 2109 5357 valet
2121 5304 2189 5356 sn·

171 5382 244 5476 lege
260 5387 386 5456 morali
405 5389 442 5457 in
456 5388 691 5483 promissione
703 5386 837 5478 gratiae
851 5397 886 5456 et
899 5384 1024 5456 salutis
1037 5396 1153 5457 aeter·
1207 5381 1317 5455 tentia
1343 5394 1490 5476 propter
1511 5380 1735 5453 autoritatem
1760 5381 1917 5471 ordinis,
1957 5386 2021 5455 sed
2054 5400 2188 5483 propter
