<?xml version="1.0" encoding="UTF-8"?>
<!DOCTYPE html PUBLIC "-//W3C//DTD XHTML 1.0 Transitional//EN"
    "http://www.w3.org/TR/xhtml1/DTD/xhtml1-transitional.dtd">
<html xmlns="http://www.w3.org/1999/xhtml" xml:lang="en" lang="en">
 <head>
  <title>
</title>
<meta http-equiv="Content-Type" content="text/html;charset=utf-8" />
  <meta name='ocr-system' content='tesseract 3.04.00' />
  <meta name='ocr-capabilities' content='ocr_page ocr_carea ocr_par ocr_line ocrx_word'/>
</head>
<body>
  <div class='ocr_page' id='page_1' title='image "./corpusreformato00bretgoog_0128.png"; bbox 0 0 4680 6038; ppageno 0'>
   <div class='ocr_carea' id='block_1_1' title="bbox 68 230 2091 315">
    <p class='ocr_par' dir='ltr' id='par_1_1' title="bbox 68 230 2091 315">
     <span class='ocr_line' id='line_1_1' title="bbox 68 230 2091 315; baseline 0 -6"><span class='ocrx_word' id='word_1_1' title='bbox 68 232 148 309; x_wconf 69' lang='lat'><strong>238</strong></span> <span class='ocrx_word' id='word_1_2' title='bbox 555 234 717 315; x_wconf 82' lang='lat' dir='ltr'><strong>DECL.</strong></span> <span class='ocrx_word' id='word_1_3' title='bbox 753 232 832 311; x_wconf 88' lang='lat' dir='ltr'><strong>DE</strong></span> <span class='ocrx_word' id='word_1_4' title='bbox 861 230 1138 311; x_wconf 86' lang='lat' dir='ltr'><strong>ERNESTO</strong></span> <span class='ocrx_word' id='word_1_5' title='bbox 1170 230 1326 311; x_wconf 84' lang='lat' dir='ltr'><strong>DUCE</strong></span> <span class='ocrx_word' id='word_1_6' title='bbox 1358 230 1604 311; x_wconf 88' lang='lat' dir='ltr'><strong>BRUNSV.</strong></span> <span class='ocrx_word' id='word_1_7' title='bbox 2012 237 2091 311; x_wconf 77' lang='lat'><strong>234</strong></span> 
     </span>
    </p>
   </div>
   <div class='ocr_carea' id='block_1_2' title="bbox 10 401 2091 5393">
    <p class='ocr_par' dir='ltr' id='par_1_2' title="bbox 10 401 2091 5393">
     <span class='ocr_line' id='line_1_2' title="bbox 68 401 2088 501; baseline 0 -24"><span class='ocrx_word' id='word_1_8' title='bbox 68 402 168 497; x_wconf 84' lang='lat' dir='ltr'><strong>cipes</strong></span> <span class='ocrx_word' id='word_1_9' title='bbox 190 401 415 488; x_wconf 83' lang='lat' dir='ltr'><strong>iudicarunt,</strong></span> <span class='ocrx_word' id='word_1_10' title='bbox 448 429 602 500; x_wconf 89' lang='lat' dir='ltr'><strong>quorum</strong></span> <span class='ocrx_word' id='word_1_11' title='bbox 620 411 665 479; x_wconf 90' lang='lat' dir='ltr'><strong>de</strong></span> <span class='ocrx_word' id='word_1_12' title='bbox 694 408 772 501; x_wconf 86' lang='lat' dir='ltr'><strong>ipso</strong></span> <span class='ocrx_word' id='word_1_13' title='bbox 796 430 976 480; x_wconf 87' lang='lat' dir='ltr'><strong>sermones</strong></span> <span class='ocrx_word' id='word_1_14' title='bbox 999 433 1056 479; x_wconf 91' lang='lat' dir='ltr'><strong>re·</strong></span> <span class='ocrx_word' id='word_1_15' title='bbox 1105 411 1204 477; x_wconf 89' lang='lat' dir='ltr'><strong>muni</strong></span> <span class='ocrx_word' id='word_1_16' title='bbox 1220 406 1274 477; x_wconf 87' lang='lat' dir='ltr'><strong>rei</strong></span> <span class='ocrx_word' id='word_1_17' title='bbox 1289 406 1465 491; x_wconf 90' lang='lat' dir='ltr'><strong>militaris,</strong></span> <span class='ocrx_word' id='word_1_18' title='bbox 1490 408 1552 499; x_wconf 89' lang='lat' dir='ltr'><strong>qui</strong></span> <span class='ocrx_word' id='word_1_19' title='bbox 1567 408 1653 479; x_wconf 91' lang='lat' dir='ltr'><strong>etin</strong></span> <span class='ocrx_word' id='word_1_20' title='bbox 1668 407 1868 498; x_wconf 87' lang='lat' dir='ltr'><strong>illamsgna</strong></span> <span class='ocrx_word' id='word_1_21' title='bbox 1884 427 2023 499; x_wconf 86' lang='lat' dir='ltr'><strong>pugna,</strong></span> <span class='ocrx_word' id='word_1_22' title='bbox 2048 409 2088 477; x_wconf 91' lang='lat' dir='ltr'><strong>in</strong></span> 
     </span>
     <span class='ocr_line' id='line_1_3' title="bbox 67 486 2089 602; baseline 0.002 -25"><span class='ocrx_word' id='word_1_23' title='bbox 67 526 214 577; x_wconf 86' lang='lat' dir='ltr'><strong>censere</strong></span> <span class='ocrx_word' id='word_1_24' title='bbox 242 528 391 599; x_wconf 85' lang='lat' dir='ltr'><strong>possem.</strong></span> <span class='ocrx_word' id='word_1_25' title='bbox 441 505 514 579; x_wconf 88' lang='lat' dir='ltr'><strong>Sed</strong></span> <span class='ocrx_word' id='word_1_26' title='bbox 543 486 697 582; x_wconf 66' lang='lat' dir='ltr'><strong>ostindit</strong></span> <span class='ocrx_word' id='word_1_27' title='bbox 719 512 758 581; x_wconf 92' lang='lat' dir='ltr'><strong>in</strong></span> <span class='ocrx_word' id='word_1_28' title='bbox 789 512 885 581; x_wconf 91' lang='lat' dir='ltr'><strong>bello</strong></span> <span class='ocrx_word' id='word_1_29' title='bbox 917 511 1056 582; x_wconf 84' lang='lat' dir='ltr'><strong>difficili</strong></span> <span class='ocrx_word' id='word_1_30' title='bbox 1105 532 1174 602; x_wconf 90' lang='lat' dir='ltr'><strong>qua</strong></span> <span class='ocrx_word' id='word_1_31' title='bbox 1188 505 1265 580; x_wconf 85' lang='lat' dir='ltr'><strong>Rex</strong></span> <span class='ocrx_word' id='word_1_32' title='bbox 1282 505 1421 579; x_wconf 89' lang='lat' dir='ltr'><strong>Galliae</strong></span> <span class='ocrx_word' id='word_1_33' title='bbox 1438 510 1644 583; x_wconf 85' lang='lat' dir='ltr'><strong>Franciscus</strong></span> <span class='ocrx_word' id='word_1_34' title='bbox 1667 514 1711 579; x_wconf 95' lang='lat' dir='ltr'><strong>ad</strong></span> <span class='ocrx_word' id='word_1_35' title='bbox 1735 509 1981 580; x_wconf 84' lang='lat' dir='ltr'><strong>Mediolanum</strong></span> <span class='ocrx_word' id='word_1_36' title='bbox 2003 510 2089 581; x_wconf 90' lang='lat' dir='ltr'><strong>vicit</strong></span> 
     </span>
     <span class='ocr_line' id='line_1_4' title="bbox 67 608 2087 702; baseline 0.002 -25"><span class='ocrx_word' id='word_1_37' title='bbox 67 619 243 701; x_wconf 81' lang='lat' dir='ltr'><strong>quantum</strong></span> <span class='ocrx_word' id='word_1_38' title='bbox 264 608 433 694; x_wconf 92' lang='lat' dir='ltr'><strong>consilio,</strong></span> <span class='ocrx_word' id='word_1_39' title='bbox 455 612 700 702; x_wconf 69' lang='lat' dir='ltr'>magnitudine</span> <span class='ocrx_word' id='word_1_40' title='bbox 720 614 852 698; x_wconf 85' lang='lat' dir='ltr'><strong>animi,</strong></span> <span class='ocrx_word' id='word_1_41' title='bbox 872 624 908 683; x_wconf 88' lang='lat' dir='ltr'><strong>et</strong></span> <span class='ocrx_word' id='word_1_42' title='bbox 931 616 1056 685; x_wconf 91' lang='lat' dir='ltr'><strong>mode·</strong></span> <span class='ocrx_word' id='word_1_43' title='bbox 1104 610 1286 681; x_wconf 89' lang='lat' dir='ltr'><strong>Helvetios</strong></span> <span class='ocrx_word' id='word_1_44' title='bbox 1308 610 1345 679; x_wconf 90' lang='lat' dir='ltr'><strong>in</strong></span> <span class='ocrx_word' id='word_1_45' title='bbox 1368 611 1481 699; x_wconf 90' lang='lat' dir='ltr'><strong>prima</strong></span> <span class='ocrx_word' id='word_1_46' title='bbox 1503 611 1577 681; x_wconf 89' lang='lat' dir='ltr'><strong>acie</strong></span> <span class='ocrx_word' id='word_1_47' title='bbox 1597 612 1731 697; x_wconf 87' lang='lat' dir='ltr'><strong>luerat,</strong></span> <span class='ocrx_word' id='word_1_48' title='bbox 1770 625 1804 682; x_wconf 88' lang='lat' dir='ltr'><strong>et</strong></span> <span class='ocrx_word' id='word_1_49' title='bbox 1827 633 1948 681; x_wconf 88' lang='lat' dir='ltr'><strong>recens</strong></span> <span class='ocrx_word' id='word_1_50' title='bbox 1970 611 2087 681; x_wconf 87' lang='lat' dir='ltr'><strong>luerat</strong></span> 
     </span>
     <span class='ocr_line' id='line_1_5' title="bbox 65 706 2088 807; baseline 0.001 -28"><span class='ocrx_word' id='word_1_51' title='bbox 65 709 209 779; x_wconf 74' lang='lat' dir='ltr'><strong>ratione</strong></span> <span class='ocrx_word' id='word_1_52' title='bbox 230 706 378 783; x_wconf 76' lang='lat' dir='ltr'><strong>baleret.</strong></span> <span class='ocrx_word' id='word_1_53' title='bbox 431 709 526 783; x_wconf 88' lang='lat' dir='ltr'><strong>Vicit</strong></span> <span class='ocrx_word' id='word_1_54' title='bbox 543 715 637 785; x_wconf 92' lang='lat' dir='ltr'><strong>enim</strong></span> <span class='ocrx_word' id='word_1_55' title='bbox 658 738 787 805; x_wconf 90' lang='lat' dir='ltr'><strong>magno</strong></span> <span class='ocrx_word' id='word_1_56' title='bbox 809 714 942 807; x_wconf 92' lang='lat' dir='ltr'><strong>praelio</strong></span> <span class='ocrx_word' id='word_1_57' title='bbox 957 738 1054 784; x_wconf 79' lang='lat' dir='ltr'><strong>exer·</strong></span> <span class='ocrx_word' id='word_1_58' title='bbox 1103 714 1231 781; x_wconf 93' lang='lat' dir='ltr'><strong>ductor</strong></span> <span class='ocrx_word' id='word_1_59' title='bbox 1252 712 1390 802; x_wconf 91' lang='lat' dir='ltr'><strong>paterni</strong></span> <span class='ocrx_word' id='word_1_60' title='bbox 1404 712 1594 797; x_wconf 86' lang='lat' dir='ltr'><strong>exercitus,</strong></span> <span class='ocrx_word' id='word_1_61' title='bbox 1619 727 1654 784; x_wconf 91' lang='lat' dir='ltr'><strong>et</strong></span> <span class='ocrx_word' id='word_1_62' title='bbox 1668 710 1928 784; x_wconf 89' lang='lat' dir='ltr'><strong>Cancellarinm</strong></span> <span class='ocrx_word' id='word_1_63' title='bbox 1941 710 2088 783; x_wconf 85' lang='lat' dir='ltr'><strong>Furstc·</strong></span> 
     </span>
     <span class='ocr_line' id='line_1_6' title="bbox 65 807 2087 907; baseline 0.002 -28"><span class='ocrx_word' id='word_1_64' title='bbox 65 810 184 881; x_wconf 87' lang='lat' dir='ltr'><strong>citum</strong></span> <span class='ocrx_word' id='word_1_65' title='bbox 212 812 367 881; x_wconf 89' lang='lat' dir='ltr'><strong>duorum</strong></span> <span class='ocrx_word' id='word_1_66' title='bbox 397 827 604 902; x_wconf 75' lang='lat' dir='ltr'>agnatorum</span> <span class='ocrx_word' id='word_1_67' title='bbox 625 813 725 887; x_wconf 88' lang='lat' dir='ltr'><strong>Erici</strong></span> <span class='ocrx_word' id='word_1_68' title='bbox 755 830 790 887; x_wconf 90' lang='lat' dir='ltr'><strong>et</strong></span> <span class='ocrx_word' id='word_1_69' title='bbox 812 816 1053 901; x_wconf 89' lang='lat' dir='ltr'><strong>Henrici,.ac</strong></span> <span class='ocrx_word' id='word_1_70' title='bbox 1102 837 1196 886; x_wconf 83' lang='lat' dir='ltr'><strong>rum.</strong></span> <span class='ocrx_word' id='word_1_71' title='bbox 1247 807 1386 881; x_wconf 88' lang='lat' dir='ltr'><strong>Horum</strong></span> <span class='ocrx_word' id='word_1_72' title='bbox 1415 814 1573 883; x_wconf 90' lang='lat' dir='ltr'><strong>consiliis</strong></span> <span class='ocrx_word' id='word_1_73' title='bbox 1594 829 1628 888; x_wconf 88' lang='lat' dir='ltr'><strong>et</strong></span> <span class='ocrx_word' id='word_1_74' title='bbox 1647 816 1715 886; x_wconf 86' lang='lat' dir='ltr'><strong>fide</strong></span> <span class='ocrx_word' id='word_1_75' title='bbox 1737 816 1894 907; x_wconf 89' lang='lat' dir='ltr'><strong>primum</strong></span> <span class='ocrx_word' id='word_1_76' title='bbox 1915 816 2087 884; x_wconf 90' lang='lat' dir='ltr'><strong>etdome·</strong></span> 
     </span>
     <span class='ocr_line' id='line_1_7' title="bbox 62 904 2087 1009; baseline 0 -28"><span class='ocrx_word' id='word_1_77' title='bbox 62 904 217 983; x_wconf 86' lang='lat' dir='ltr'><strong>Erieum</strong></span> <span class='ocrx_word' id='word_1_78' title='bbox 239 912 314 983; x_wconf 85' lang='lat' dir='ltr'><strong>acie</strong></span> <span class='ocrx_word' id='word_1_79' title='bbox 336 928 494 1005; x_wconf 92' lang='lat' dir='ltr'><strong>captum,</strong></span> <span class='ocrx_word' id='word_1_80' title='bbox 519 940 600 988; x_wconf 91' lang='lat' dir='ltr'><strong>curu</strong></span> <span class='ocrx_word' id='word_1_81' title='bbox 615 940 733 989; x_wconf 91' lang='lat' dir='ltr'><strong>secum</strong></span> <span class='ocrx_word' id='word_1_82' title='bbox 747 916 882 991; x_wconf 89' lang='lat' dir='ltr'><strong>Cellam</strong></span> <span class='ocrx_word' id='word_1_83' title='bbox 898 917 1053 988; x_wconf 83' lang='lat' dir='ltr'><strong>duxisset</strong></span> <span class='ocrx_word' id='word_1_84' title='bbox 1101 915 1189 985; x_wconf 89' lang='lat' dir='ltr'><strong>stica</strong></span> <span class='ocrx_word' id='word_1_85' title='bbox 1208 917 1397 984; x_wconf 89' lang='lat' dir='ltr'><strong>concordia</strong></span> <span class='ocrx_word' id='word_1_86' title='bbox 1412 916 1600 987; x_wconf 89' lang='lat' dir='ltr'><strong>constituta</strong></span> <span class='ocrx_word' id='word_1_87' title='bbox 1616 930 1689 997; x_wconf 88' lang='lat' dir='ltr'><strong>est,</strong></span> <span class='ocrx_word' id='word_1_88' title='bbox 1716 933 1749 989; x_wconf 89' lang='lat' dir='ltr'><strong>et</strong></span> <span class='ocrx_word' id='word_1_89' title='bbox 1773 941 1842 1009; x_wconf 84' lang='lat' dir='ltr'><strong>pax</strong></span> <span class='ocrx_word' id='word_1_90' title='bbox 1863 939 1944 986; x_wconf 91' lang='lat' dir='ltr'><strong>cum</strong></span> <span class='ocrx_word' id='word_1_91' title='bbox 1957 914 2087 985; x_wconf 89' lang='lat' dir='ltr'><strong>vicinis</strong></span> 
     </span>
     <span class='ocr_line' id='line_1_8' title="bbox 63 1006 2087 1112; baseline 0 -29"><span class='ocrx_word' id='word_1_92' title='bbox 63 1006 267 1084; x_wconf 88' lang='lat' dir='ltr'><strong>honorilice</strong></span> <span class='ocrx_word' id='word_1_93' title='bbox 284 1025 491 1103; x_wconf 88' lang='lat' dir='ltr'><strong>tractatum,</strong></span> <span class='ocrx_word' id='word_1_94' title='bbox 518 1033 598 1110; x_wconf 91' lang='lat' dir='ltr'><strong>post</strong></span> <span class='ocrx_word' id='word_1_95' title='bbox 613 1044 742 1111; x_wconf 90' lang='lat' dir='ltr'><strong>paucos</strong></span> <span class='ocrx_word' id='word_1_96' title='bbox 757 1023 832 1091; x_wconf 89' lang='lat' dir='ltr'><strong>dies</strong></span> <span class='ocrx_word' id='word_1_97' title='bbox 854 1042 938 1112; x_wconf 88' lang='lat' dir='ltr'><strong>pace</strong></span> <span class='ocrx_word' id='word_1_98' title='bbox 963 1021 1052 1089; x_wconf 84' lang='lat' dir='ltr'><strong>secta</strong></span> <span class='ocrx_word' id='word_1_99' title='bbox 1100 1016 1192 1086; x_wconf 84' lang='lat' dir='ltr'><strong>facta</strong></span> <span class='ocrx_word' id='word_1_100' title='bbox 1213 1026 1281 1100; x_wconf 90' lang='lat' dir='ltr'><strong>est,</strong></span> <span class='ocrx_word' id='word_1_101' title='bbox 1309 1039 1377 1108; x_wconf 90' lang='lat' dir='ltr'><strong>qua</strong></span> <span class='ocrx_word' id='word_1_102' title='bbox 1402 1017 1441 1084; x_wconf 89' lang='lat' dir='ltr'><strong>in</strong></span> <span class='ocrx_word' id='word_1_103' title='bbox 1457 1041 1495 1085; x_wconf 91' lang='lat' dir='ltr'><strong>re</strong></span> <span class='ocrx_word' id='word_1_104' title='bbox 1517 1018 1669 1089; x_wconf 90' lang='lat' dir='ltr'><strong>multum</strong></span> <span class='ocrx_word' id='word_1_105' title='bbox 1694 1020 1835 1089; x_wconf 91' lang='lat' dir='ltr'><strong>adiutus</strong></span> <span class='ocrx_word' id='word_1_106' title='bbox 1854 1032 1906 1089; x_wconf 91' lang='lat' dir='ltr'><strong>est</strong></span> <span class='ocrx_word' id='word_1_107' title='bbox 1927 1016 2087 1088; x_wconf 89' lang='lat' dir='ltr'><strong>consiliis</strong></span> 
     </span>
     <span class='ocr_line' id='line_1_9' title="bbox 63 1112 2086 1214; baseline 0.001 -29"><span class='ocrx_word' id='word_1_108' title='bbox 63 1112 217 1200; x_wconf 83' lang='lat' dir='ltr'><strong>dimisit,</strong></span> <span class='ocrx_word' id='word_1_109' title='bbox 241 1114 348 1210; x_wconf 82' lang='lat' dir='ltr'><strong>quiet</strong></span> <span class='ocrx_word' id='word_1_110' title='bbox 363 1117 438 1209; x_wconf 91' lang='lat' dir='ltr'><strong>ipse</strong></span> <span class='ocrx_word' id='word_1_111' title='bbox 454 1140 573 1208; x_wconf 86' lang='lat' dir='ltr'><strong>parem</strong></span> <span class='ocrx_word' id='word_1_112' title='bbox 589 1122 730 1192; x_wconf 90' lang='lat' dir='ltr'><strong>laudem</strong></span> <span class='ocrx_word' id='word_1_113' title='bbox 744 1122 965 1214; x_wconf 68' lang='lat' dir='ltr'>prudentiae,</span> <span class='ocrx_word' id='word_1_114' title='bbox 978 1121 1063 1199; x_wconf 46' lang='lat' dir='ltr'><strong>sor,</strong></span> <span class='ocrx_word' id='word_1_115' title='bbox 1100 1131 1135 1190; x_wconf 90' lang='lat' dir='ltr'><strong>et</strong></span> <span class='ocrx_word' id='word_1_116' title='bbox 1155 1119 1342 1187; x_wconf 72' lang='lat' dir='ltr'><strong>autoritate</strong></span> <span class='ocrx_word' id='word_1_117' title='bbox 1373 1118 1630 1190; x_wconf 80' lang='lat' dir='ltr'><strong>avunculorum</strong></span> <span class='ocrx_word' id='word_1_118' title='bbox 1655 1118 1829 1190; x_wconf 84' lang='lat' dir='ltr'><strong>Priderici</strong></span> <span class='ocrx_word' id='word_1_119' title='bbox 1854 1117 2029 1190; x_wconf 89' lang='lat' dir='ltr'><strong>Electoris</strong></span> <span class='ocrx_word' id='word_1_120' title='bbox 2051 1129 2086 1188; x_wconf 89' lang='lat' dir='ltr'><strong>et</strong></span> 
     </span>
     <span class='ocr_line' id='line_1_10' title="bbox 62 1213 2087 1315; baseline 0 -26"><span class='ocrx_word' id='word_1_121' title='bbox 62 1215 234 1289; x_wconf 76' lang='lat' dir='ltr'><strong>titudinis</strong></span> <span class='ocrx_word' id='word_1_122' title='bbox 249 1229 285 1287; x_wconf 92' lang='lat' dir='ltr'><strong>et</strong></span> <span class='ocrx_word' id='word_1_123' title='bbox 298 1220 551 1309; x_wconf 82' lang='lat' dir='ltr'><strong>moderationis</strong></span> <span class='ocrx_word' id='word_1_124' title='bbox 566 1222 692 1294; x_wconf 86' lang='lat' dir='ltr'><strong>victori</strong></span> <span class='ocrx_word' id='word_1_125' title='bbox 714 1226 853 1299; x_wconf 82' lang='lat' dir='ltr'><strong>tribuit.</strong></span> <span class='ocrx_word' id='word_1_126' title='bbox 904 1219 961 1293; x_wconf 86' lang='lat' dir='ltr'><strong>Er</strong></span> <span class='ocrx_word' id='word_1_127' title='bbox 985 1217 1052 1293; x_wconf 92' lang='lat' dir='ltr'><strong>boc</strong></span> <span class='ocrx_word' id='word_1_128' title='bbox 1100 1213 1271 1289; x_wconf 91' lang='lat' dir='ltr'><strong>lohannis</strong></span> <span class='ocrx_word' id='word_1_129' title='bbox 1285 1216 1425 1290; x_wconf 88' lang='lat' dir='ltr'><strong>Ducum</strong></span> <span class='ocrx_word' id='word_1_130' title='bbox 1442 1217 1626 1291; x_wconf 75' lang='lat' dir='ltr'><strong>saxoniae.</strong></span> <span class='ocrx_word' id='word_1_131' title='bbox 1677 1218 1839 1315; x_wconf 83' lang='lat' dir='ltr'><strong>Cumque</strong></span> <span class='ocrx_word' id='word_1_132' title='bbox 1861 1221 1964 1292; x_wconf 91' lang='lat' dir='ltr'><strong>initio</strong></span> <span class='ocrx_word' id='word_1_133' title='bbox 1988 1236 2087 1291; x_wconf 88' lang='lat' dir='ltr'><strong>tran-</strong></span> 
     </span>
     <span class='ocr_line' id='line_1_11' title="bbox 64 1316 2087 1421; baseline 0 -32"><span class='ocrx_word' id='word_1_134' title='bbox 64 1329 169 1411; x_wconf 81' lang='lat' dir='ltr'><strong>patre</strong></span> <span class='ocrx_word' id='word_1_135' title='bbox 183 1330 287 1389; x_wconf 88' lang='lat' dir='ltr'><strong>uatus</strong></span> <span class='ocrx_word' id='word_1_136' title='bbox 305 1332 356 1389; x_wconf 89' lang='lat' dir='ltr'><strong>est</strong></span> <span class='ocrx_word' id='word_1_137' title='bbox 370 1316 541 1394; x_wconf 86' lang='lat' dir='ltr'><strong>Ernestus</strong></span> <span class='ocrx_word' id='word_1_138' title='bbox 557 1325 596 1393; x_wconf 92' lang='lat' dir='ltr'><strong>in</strong></span> <span class='ocrx_word' id='word_1_139' title='bbox 611 1328 741 1417; x_wconf 93' lang='lat' dir='ltr'><strong>oppido</strong></span> <span class='ocrx_word' id='word_1_140' title='bbox 760 1325 926 1421; x_wconf 85' lang='lat' dir='ltr'><strong>Ulysses,</strong></span> <span class='ocrx_word' id='word_1_141' title='bbox 951 1325 989 1394; x_wconf 93' lang='lat' dir='ltr'><strong>in</strong></span> <span class='ocrx_word' id='word_1_142' title='bbox 1011 1348 1050 1393; x_wconf 90' lang='lat' dir='ltr'><strong>ea</strong></span> <span class='ocrx_word' id='word_1_143' title='bbox 1099 1319 1256 1415; x_wconf 87' lang='lat' dir='ltr'><strong>quillitas</strong></span> <span class='ocrx_word' id='word_1_144' title='bbox 1272 1335 1452 1414; x_wconf 90' lang='lat' dir='ltr'><strong>utcunque</strong></span> <span class='ocrx_word' id='word_1_145' title='bbox 1467 1323 1657 1393; x_wconf 85' lang='lat' dir='ltr'><strong>constituta</strong></span> <span class='ocrx_word' id='word_1_146' title='bbox 1671 1337 1781 1407; x_wconf 89' lang='lat' dir='ltr'><strong>esset,</strong></span> <span class='ocrx_word' id='word_1_147' title='bbox 1806 1336 1839 1393; x_wconf 91' lang='lat' dir='ltr'><strong>et</strong></span> <span class='ocrx_word' id='word_1_148' title='bbox 1861 1322 1932 1391; x_wconf 92' lang='lat' dir='ltr'><strong>iam</strong></span> <span class='ocrx_word' id='word_1_149' title='bbox 1956 1322 2087 1411; x_wconf 90' lang='lat' dir='ltr'><strong>guber·</strong></span> 
     </span>
     <span class='ocr_line' id='line_1_12' title="bbox 65 1418 2086 1520; baseline 0.001 -31"><span class='ocrx_word' id='word_1_150' title='bbox 65 1420 179 1489; x_wconf 80' lang='lat' dir='ltr'><strong>doum</strong></span> <span class='ocrx_word' id='word_1_151' title='bbox 202 1442 293 1513; x_wconf 90' lang='lat' dir='ltr'><strong>quae</strong></span> <span class='ocrx_word' id='word_1_152' title='bbox 316 1444 413 1491; x_wconf 92' lang='lat' dir='ltr'><strong>nunc</strong></span> <span class='ocrx_word' id='word_1_153' title='bbox 434 1436 484 1495; x_wconf 91' lang='lat' dir='ltr'><strong>est</strong></span> <span class='ocrx_word' id='word_1_154' title='bbox 510 1429 636 1496; x_wconf 93' lang='lat' dir='ltr'><strong>domus</strong></span> <span class='ocrx_word' id='word_1_155' title='bbox 658 1423 814 1513; x_wconf 89' lang='lat' dir='ltr'><strong>scholae,</strong></span> <span class='ocrx_word' id='word_1_156' title='bbox 838 1429 876 1495; x_wconf 92' lang='lat' dir='ltr'><strong>in</strong></span> <span class='ocrx_word' id='word_1_157' title='bbox 898 1451 968 1520; x_wconf 92' lang='lat' dir='ltr'><strong>qua</strong></span> <span class='ocrx_word' id='word_1_158' title='bbox 995 1425 1051 1494; x_wconf 81' lang='lat' dir='ltr'><strong>eir</strong></span> <span class='ocrx_word' id='word_1_159' title='bbox 1098 1423 1197 1495; x_wconf 91' lang='lat' dir='ltr'><strong>natio</strong></span> <span class='ocrx_word' id='word_1_160' title='bbox 1215 1422 1350 1514; x_wconf 86' lang='lat' dir='ltr'><strong>patriae</strong></span> <span class='ocrx_word' id='word_1_161' title='bbox 1371 1424 1571 1495; x_wconf 89' lang='lat' dir='ltr'><strong>ordinanda</strong></span> <span class='ocrx_word' id='word_1_162' title='bbox 1592 1439 1699 1509; x_wconf 87' lang='lat' dir='ltr'><strong>esset,</strong></span> <span class='ocrx_word' id='word_1_163' title='bbox 1732 1424 1905 1516; x_wconf 87' lang='lat' dir='ltr'><strong>sciretque</strong></span> <span class='ocrx_word' id='word_1_164' title='bbox 1917 1419 1998 1492; x_wconf 84' lang='lat' dir='ltr'><strong>Dux</strong></span> <span class='ocrx_word' id='word_1_165' title='bbox 2015 1418 2086 1492; x_wconf 93' lang='lat' dir='ltr'><strong>Er·</strong></span> 
     </span>
     <span class='ocr_line' id='line_1_13' title="bbox 64 1519 2083 1618; baseline 0.001 -27"><span class='ocrx_word' id='word_1_166' title='bbox 64 1519 271 1592; x_wconf 83' lang='lat' dir='ltr'><strong>eruditione</strong></span> <span class='ocrx_word' id='word_1_167' title='bbox 301 1535 335 1592; x_wconf 90' lang='lat' dir='ltr'><strong>et</strong></span> <span class='ocrx_word' id='word_1_168' title='bbox 365 1522 494 1595; x_wconf 90' lang='lat' dir='ltr'><strong>virtute</strong></span> <span class='ocrx_word' id='word_1_169' title='bbox 518 1529 690 1601; x_wconf 83' lang='lat' dir='ltr'><strong>excellens</strong></span> <span class='ocrx_word' id='word_1_170' title='bbox 711 1527 917 1600; x_wconf 89' lang='lat' dir='ltr'><strong>Bernardus</strong></span> <span class='ocrx_word' id='word_1_171' title='bbox 938 1525 1050 1597; x_wconf 89' lang='lat' dir='ltr'><strong>Bom·</strong></span> <span class='ocrx_word' id='word_1_172' title='bbox 1098 1537 1218 1594; x_wconf 86' lang='lat' dir='ltr'><strong>nestus</strong></span> <span class='ocrx_word' id='word_1_173' title='bbox 1233 1521 1393 1618; x_wconf 90' lang='lat' dir='ltr'><strong>Principi</strong></span> <span class='ocrx_word' id='word_1_174' title='bbox 1409 1549 1570 1595; x_wconf 88' lang='lat' dir='ltr'><strong>normam</strong></span> <span class='ocrx_word' id='word_1_175' title='bbox 1586 1526 1851 1616; x_wconf 74' lang='lat' dir='ltr'><strong>gubernationis</strong></span> <span class='ocrx_word' id='word_1_176' title='bbox 1866 1548 1938 1595; x_wconf 88' lang='lat' dir='ltr'><strong>esse</strong></span> <span class='ocrx_word' id='word_1_177' title='bbox 1954 1525 2083 1593; x_wconf 89' lang='lat' dir='ltr'><strong>debere</strong></span> 
     </span>
     <span class='ocr_line' id='line_1_14' title="bbox 64 1625 2086 1719; baseline 0 -27"><span class='ocrx_word' id='word_1_178' title='bbox 64 1632 274 1713; x_wconf 68' lang='lat' dir='ltr'><strong>gartnmus,</strong></span> <span class='ocrx_word' id='word_1_179' title='bbox 305 1625 409 1699; x_wconf 79' lang='lat' dir='ltr'><strong>docet</strong></span> <span class='ocrx_word' id='word_1_180' title='bbox 435 1626 593 1718; x_wconf 91' lang='lat' dir='ltr'><strong>linguam</strong></span> <span class='ocrx_word' id='word_1_181' title='bbox 616 1629 781 1702; x_wconf 85' lang='lat' dir='ltr'><strong>Latinam</strong></span> <span class='ocrx_word' id='word_1_182' title='bbox 809 1646 844 1703; x_wconf 91' lang='lat' dir='ltr'><strong>et</strong></span> <span class='ocrx_word' id='word_1_183' title='bbox 867 1629 1051 1715; x_wconf 85' lang='lat' dir='ltr'><strong>Graecam,</strong></span> <span class='ocrx_word' id='word_1_184' title='bbox 1097 1640 1273 1719; x_wconf 90' lang='lat' dir='ltr'><strong>utranque</strong></span> <span class='ocrx_word' id='word_1_185' title='bbox 1296 1628 1452 1717; x_wconf 84' lang='lat' dir='ltr'><strong>decalogi</strong></span> <span class='ocrx_word' id='word_1_186' title='bbox 1476 1628 1653 1712; x_wconf 89' lang='lat' dir='ltr'><strong>tabulam,</strong></span> <span class='ocrx_word' id='word_1_187' title='bbox 1680 1639 1714 1698; x_wconf 91' lang='lat' dir='ltr'><strong>et</strong></span> <span class='ocrx_word' id='word_1_188' title='bbox 1737 1627 1892 1719; x_wconf 90' lang='lat' dir='ltr'><strong>primum</strong></span> <span class='ocrx_word' id='word_1_189' title='bbox 1909 1648 2086 1719; x_wconf 90' lang='lat' dir='ltr'><strong>quaeren-</strong></span> 
     </span>
     <span class='ocr_line' id='line_1_15' title="bbox 60 1722 2084 1820; baseline 0.001 -25"><span class='ocrx_word' id='word_1_190' title='bbox 60 1736 98 1795; x_wconf 88' lang='lat' dir='ltr'><strong>et</strong></span> <span class='ocrx_word' id='word_1_191' title='bbox 117 1722 319 1795; x_wconf 76' lang='lat' dir='ltr'><strong>doctrinam</strong></span> <span class='ocrx_word' id='word_1_192' title='bbox 340 1722 535 1811; x_wconf 79' lang='lat' dir='ltr'><strong>Ecclesiae,</strong></span> <span class='ocrx_word' id='word_1_193' title='bbox 567 1732 667 1802; x_wconf 88' lang='lat' dir='ltr'><strong>cuius</strong></span> <span class='ocrx_word' id='word_1_194' title='bbox 697 1735 834 1805; x_wconf 87' lang='lat' dir='ltr'><strong>labores</strong></span> <span class='ocrx_word' id='word_1_195' title='bbox 863 1732 985 1802; x_wconf 90' lang='lat' dir='ltr'><strong>multis</strong></span> <span class='ocrx_word' id='word_1_196' title='bbox 1011 1731 1049 1799; x_wconf 90' lang='lat' dir='ltr'><strong>in</strong></span> <span class='ocrx_word' id='word_1_197' title='bbox 1098 1730 1184 1807; x_wconf 88' lang='lat' dir='ltr'><strong>dum</strong></span> <span class='ocrx_word' id='word_1_198' title='bbox 1208 1750 1281 1797; x_wconf 89' lang='lat' dir='ltr'><strong>esse</strong></span> <span class='ocrx_word' id='word_1_199' title='bbox 1301 1751 1449 1817; x_wconf 87' lang='lat' dir='ltr'><strong>regnum</strong></span> <span class='ocrx_word' id='word_1_200' title='bbox 1475 1730 1560 1814; x_wconf 89' lang='lat' dir='ltr'><strong>Dei,</strong></span> <span class='ocrx_word' id='word_1_201' title='bbox 1584 1730 1652 1800; x_wconf 84' lang='lat' dir='ltr'><strong>luit</strong></span> <span class='ocrx_word' id='word_1_202' title='bbox 1682 1724 1768 1799; x_wconf 91' lang='lat' dir='ltr'><strong>baec</strong></span> <span class='ocrx_word' id='word_1_203' title='bbox 1785 1729 1996 1820; x_wconf 89' lang='lat' dir='ltr'><strong>primacura</strong></span> <span class='ocrx_word' id='word_1_204' title='bbox 2013 1722 2084 1797; x_wconf 88' lang='lat' dir='ltr'><strong>Ec·</strong></span> 
     </span>
     <span class='ocr_line' id='line_1_16' title="bbox 58 1828 2085 1925; baseline 0 -30"><span class='ocrx_word' id='word_1_205' title='bbox 58 1846 192 1916; x_wconf 79' lang='lat' dir='ltr'><strong>magns</strong></span> <span class='ocrx_word' id='word_1_206' title='bbox 205 1839 305 1919; x_wconf 89' lang='lat' dir='ltr'><strong>parte</strong></span> <span class='ocrx_word' id='word_1_207' title='bbox 324 1844 483 1919; x_wconf 85' lang='lat' dir='ltr'><strong>prosunt.</strong></span> <span class='ocrx_word' id='word_1_208' title='bbox 523 1829 571 1903; x_wconf 91' lang='lat' dir='ltr'><strong>Et</strong></span> <span class='ocrx_word' id='word_1_209' title='bbox 586 1834 759 1907; x_wconf 84' lang='lat' dir='ltr'><strong>divinitus</strong></span> <span class='ocrx_word' id='word_1_210' title='bbox 775 1836 824 1907; x_wconf 89' lang='lat' dir='ltr'><strong>ita</strong></span> <span class='ocrx_word' id='word_1_211' title='bbox 841 1836 1050 1917; x_wconf 82' lang='lat' dir='ltr'><strong>factumest,</strong></span> <span class='ocrx_word' id='word_1_212' title='bbox 1099 1829 1220 1900; x_wconf 77' lang='lat' dir='ltr'><strong>clasiae</strong></span> <span class='ocrx_word' id='word_1_213' title='bbox 1236 1843 1329 1899; x_wconf 89' lang='lat' dir='ltr'><strong>recte</strong></span> <span class='ocrx_word' id='word_1_214' title='bbox 1346 1832 1596 1917; x_wconf 88' lang='lat' dir='ltr'><strong>constituendi,</strong></span> <span class='ocrx_word' id='word_1_215' title='bbox 1614 1855 1705 1925; x_wconf 89' lang='lat' dir='ltr'><strong>quae</strong></span> <span class='ocrx_word' id='word_1_216' title='bbox 1723 1831 1815 1903; x_wconf 90' lang='lat' dir='ltr'><strong>etde</strong></span> <span class='ocrx_word' id='word_1_217' title='bbox 1831 1828 1993 1900; x_wconf 90' lang='lat' dir='ltr'><strong>doctrina</strong></span> <span class='ocrx_word' id='word_1_218' title='bbox 2010 1829 2085 1898; x_wconf 90' lang='lat' dir='ltr'><strong>dis·</strong></span> 
     </span>
     <span class='ocr_line' id='line_1_17' title="bbox 59 1926 2084 2020; baseline 0.001 -23"><span class='ocrx_word' id='word_1_219' title='bbox 59 1938 101 1997; x_wconf 90' lang='lat' dir='ltr'><strong>ut</strong></span> <span class='ocrx_word' id='word_1_220' title='bbox 124 1926 207 1998; x_wconf 87' lang='lat' dir='ltr'><strong>eius</strong></span> <span class='ocrx_word' id='word_1_221' title='bbox 228 1927 404 2020; x_wconf 87' lang='lat' dir='ltr'><strong>Principis</strong></span> <span class='ocrx_word' id='word_1_222' title='bbox 434 1933 532 2002; x_wconf 90' lang='lat' dir='ltr'><strong>locus</strong></span> <span class='ocrx_word' id='word_1_223' title='bbox 553 1937 683 2007; x_wconf 88' lang='lat' dir='ltr'><strong>natalis</strong></span> <span class='ocrx_word' id='word_1_224' title='bbox 704 1938 904 2008; x_wconf 90' lang='lat' dir='ltr'><strong>studiorum</strong></span> <span class='ocrx_word' id='word_1_225' title='bbox 926 1949 961 2005; x_wconf 90' lang='lat' dir='ltr'><strong>et</strong></span> <span class='ocrx_word' id='word_1_226' title='bbox 984 1936 1049 2004; x_wconf 90' lang='lat' dir='ltr'><strong>do·</strong></span> <span class='ocrx_word' id='word_1_227' title='bbox 1097 1932 1315 2016; x_wconf 78' lang='lat' dir='ltr'><strong>sentiebant,</strong></span> <span class='ocrx_word' id='word_1_228' title='bbox 1342 1947 1376 2003; x_wconf 89' lang='lat' dir='ltr'><strong>ct</strong></span> <span class='ocrx_word' id='word_1_229' title='bbox 1397 1933 1483 2003; x_wconf 91' lang='lat' dir='ltr'><strong>belli</strong></span> <span class='ocrx_word' id='word_1_230' title='bbox 1503 1934 1763 2005; x_wconf 73' lang='lat' dir='ltr'><strong>calamitatibus</strong></span> <span class='ocrx_word' id='word_1_231' title='bbox 1787 1933 1954 2002; x_wconf 89' lang='lat' dir='ltr'><strong>adllectac</strong></span> <span class='ocrx_word' id='word_1_232' title='bbox 1972 1942 2084 2004; x_wconf 87' lang='lat' dir='ltr'><strong>erant.</strong></span> 
     </span>
     <span class='ocr_line' id='line_1_18' title="bbox 59 2028 2084 2135; baseline 0 -36"><span class='ocrx_word' id='word_1_233' title='bbox 59 2028 199 2099; x_wconf 64' lang='lat' dir='ltr'><strong>urinae</strong></span> <span class='ocrx_word' id='word_1_234' title='bbox 211 2030 434 2101; x_wconf 89' lang='lat' dir='ltr'><strong>domicilium</strong></span> <span class='ocrx_word' id='word_1_235' title='bbox 450 2034 562 2106; x_wconf 85' lang='lat' dir='ltr'><strong>lactus</strong></span> <span class='ocrx_word' id='word_1_236' title='bbox 579 2039 637 2123; x_wconf 89' lang='lat' dir='ltr'><strong>sit,</strong></span> <span class='ocrx_word' id='word_1_237' title='bbox 652 2040 714 2135; x_wconf 91' lang='lat' dir='ltr'><strong>qui</strong></span> <span class='ocrx_word' id='word_1_238' title='bbox 731 2041 848 2111; x_wconf 92' lang='lat' dir='ltr'><strong>studia</strong></span> <span class='ocrx_word' id='word_1_239' title='bbox 864 2040 1048 2108; x_wconf 88' lang='lat' dir='ltr'><strong>literarum</strong></span> <span class='ocrx_word' id='word_1_240' title='bbox 1098 2032 1222 2126; x_wconf 90' lang='lat' dir='ltr'><strong>ltaque</strong></span> <span class='ocrx_word' id='word_1_241' title='bbox 1238 2033 1443 2122; x_wconf 90' lang='lat' dir='ltr'><strong>gravissima</strong></span> <span class='ocrx_word' id='word_1_242' title='bbox 1458 2035 1713 2105; x_wconf 87' lang='lat' dir='ltr'><strong>deliberatione</strong></span> <span class='ocrx_word' id='word_1_243' title='bbox 1733 2035 1894 2106; x_wconf 89' lang='lat' dir='ltr'><strong>omnium</strong></span> <span class='ocrx_word' id='word_1_244' title='bbox 1916 2032 2084 2102; x_wconf 89' lang='lat' dir='ltr'><strong>ordinum</strong></span> 
     </span>
     <span class='ocr_line' id='line_1_19' title="bbox 59 2124 2084 2228; baseline 0 -27"><span class='ocrx_word' id='word_1_245' title='bbox 59 2124 337 2201; x_wconf 85' lang='lat' dir='ltr'><strong>ctEcclesissin</strong></span> <span class='ocrx_word' id='word_1_246' title='bbox 361 2136 473 2224; x_wconf 85' lang='lat' dir='ltr'><strong>patria</strong></span> <span class='ocrx_word' id='word_1_247' title='bbox 490 2139 805 2228; x_wconf 82' lang='lat' dir='ltr'><strong>primusrestituit·</strong></span> <span class='ocrx_word' id='word_1_248' title='bbox 831 2139 1049 2211; x_wconf 85' lang='lat' dir='ltr'><strong>Adolescen-</strong></span> <span class='ocrx_word' id='word_1_249' title='bbox 1098 2138 1279 2205; x_wconf 90' lang='lat' dir='ltr'><strong>decretum</strong></span> <span class='ocrx_word' id='word_1_250' title='bbox 1297 2148 1370 2220; x_wconf 81' lang='lat' dir='ltr'><strong>est,</strong></span> <span class='ocrx_word' id='word_1_251' title='bbox 1405 2150 1445 2206; x_wconf 87' lang='lat' dir='ltr'><strong>ut</strong></span> <span class='ocrx_word' id='word_1_252' title='bbox 1469 2160 1555 2225; x_wconf 90' lang='lat' dir='ltr'><strong>pura</strong></span> <span class='ocrx_word' id='word_1_253' title='bbox 1575 2133 1762 2227; x_wconf 82' lang='lat' dir='ltr'><strong>Evangelii</strong></span> <span class='ocrx_word' id='word_1_254' title='bbox 1784 2135 1966 2206; x_wconf 90' lang='lat' dir='ltr'><strong>doctrinae</strong></span> <span class='ocrx_word' id='word_1_255' title='bbox 1987 2135 2084 2202; x_wconf 88' lang='lat' dir='ltr'><strong>iuxta</strong></span> 
     </span>
     <span class='ocr_line' id='line_1_20' title="bbox 59 2229 2082 2329; baseline 0.001 -28"><span class='ocrx_word' id='word_1_256' title='bbox 59 2243 113 2301; x_wconf 89' lang='lat' dir='ltr'><strong>tes</strong></span> <span class='ocrx_word' id='word_1_257' title='bbox 130 2230 261 2309; x_wconf 83' lang='lat' dir='ltr'><strong>fratres</strong></span> <span class='ocrx_word' id='word_1_258' title='bbox 284 2229 468 2305; x_wconf 86' lang='lat' dir='ltr'><strong>Othonem</strong></span> <span class='ocrx_word' id='word_1_259' title='bbox 499 2254 535 2310; x_wconf 89' lang='lat' dir='ltr'><strong>ct</strong></span> <span class='ocrx_word' id='word_1_260' title='bbox 558 2237 747 2315; x_wconf 87' lang='lat' dir='ltr'><strong>Ernestum</strong></span> <span class='ocrx_word' id='word_1_261' title='bbox 770 2240 852 2313; x_wconf 85' lang='lat' dir='ltr'><strong>Dux</strong></span> <span class='ocrx_word' id='word_1_262' title='bbox 877 2241 1049 2313; x_wconf 82' lang='lat' dir='ltr'><strong>Saxoniae</strong></span> <span class='ocrx_word' id='word_1_263' title='bbox 1097 2230 1247 2308; x_wconf 88' lang='lat' dir='ltr'><strong>Lutheri</strong></span> <span class='ocrx_word' id='word_1_264' title='bbox 1278 2238 1429 2328; x_wconf 90' lang='lat' dir='ltr'><strong>scripta,</strong></span> <span class='ocrx_word' id='word_1_265' title='bbox 1463 2238 1540 2307; x_wconf 89' lang='lat' dir='ltr'><strong>sine</strong></span> <span class='ocrx_word' id='word_1_266' title='bbox 1569 2238 1789 2308; x_wconf 78' lang='lat' dir='ltr'><strong>dissensione</strong></span> <span class='ocrx_word' id='word_1_267' title='bbox 1812 2249 2082 2329; x_wconf 85' lang='lat' dir='ltr'><strong>proponeretur,</strong></span> 
     </span>
     <span class='ocr_line' id='line_1_21' title="bbox 59 2328 2084 2433; baseline 0 -30"><span class='ocrx_word' id='word_1_268' title='bbox 59 2328 265 2405; x_wconf 65' lang='lat' dir='ltr'><strong>fridericus</strong></span> <span class='ocrx_word' id='word_1_269' title='bbox 294 2330 459 2423; x_wconf 83' lang='lat' dir='ltr'><strong>Elector,</strong></span> <span class='ocrx_word' id='word_1_270' title='bbox 499 2345 715 2424; x_wconf 86' lang='lat' dir='ltr'><strong>avunculus,</strong></span> <span class='ocrx_word' id='word_1_271' title='bbox 747 2342 1050 2414; x_wconf 87' lang='lat' dir='ltr'><strong>crudiri.cu&#39;ravit</strong></span> <span class='ocrx_word' id='word_1_272' title='bbox 1098 2352 1133 2408; x_wconf 91' lang='lat' dir='ltr'><strong>ct</strong></span> <span class='ocrx_word' id='word_1_273' title='bbox 1147 2351 1186 2407; x_wconf 89' lang='lat' dir='ltr'><strong>ut</strong></span> <span class='ocrx_word' id='word_1_274' title='bbox 1203 2333 1380 2408; x_wconf 90' lang='lat' dir='ltr'><strong>Ecclesiae</strong></span> <span class='ocrx_word' id='word_1_275' title='bbox 1395 2339 1670 2431; x_wconf 86' lang='lat' dir='ltr'><strong>inspicerentur,</strong></span> <span class='ocrx_word' id='word_1_276' title='bbox 1697 2352 1950 2433; x_wconf 90' lang='lat' dir='ltr'><strong>quaererentur</strong></span> <span class='ocrx_word' id='word_1_277' title='bbox 1961 2336 2084 2406; x_wconf 90' lang='lat' dir='ltr'><strong>idonei</strong></span> 
     </span>
     <span class='ocr_line' id='line_1_22' title="bbox 61 2430 2082 2538; baseline 0.001 -35"><span class='ocrx_word' id='word_1_278' title='bbox 61 2434 101 2503; x_wconf 90' lang='lat' dir='ltr'><strong>in</strong></span> <span class='ocrx_word' id='word_1_279' title='bbox 114 2430 307 2506; x_wconf 76' lang='lat' dir='ltr'><strong>Academia</strong></span> <span class='ocrx_word' id='word_1_280' title='bbox 329 2436 614 2531; x_wconf 88' lang='lat' dir='ltr'><strong>Wittcbergensi</strong></span> <span class='ocrx_word' id='word_1_281' title='bbox 636 2471 655 2516; x_wconf 92' lang='lat' dir='ltr'><strong>a</strong></span> <span class='ocrx_word' id='word_1_282' title='bbox 679 2444 834 2537; x_wconf 88' lang='lat' dir='ltr'><strong>Georgio</strong></span> <span class='ocrx_word' id='word_1_283' title='bbox 851 2444 1049 2538; x_wconf 89' lang='lat' dir='ltr'><strong>Spalatino,</strong></span> <span class='ocrx_word' id='word_1_284' title='bbox 1098 2438 1273 2524; x_wconf 85' lang='lat' dir='ltr'><strong>Pastores,</strong></span> <span class='ocrx_word' id='word_1_285' title='bbox 1287 2440 1457 2510; x_wconf 89' lang='lat' dir='ltr'><strong>darentur</strong></span> <span class='ocrx_word' id='word_1_286' title='bbox 1472 2441 1660 2530; x_wconf 90' lang='lat' dir='ltr'><strong>stipendia,</strong></span> <span class='ocrx_word' id='word_1_287' title='bbox 1682 2440 1898 2510; x_wconf 86' lang='lat' dir='ltr'><strong>sarcirentur</strong></span> <span class='ocrx_word' id='word_1_288' title='bbox 1911 2437 2082 2521; x_wconf 88' lang='lat' dir='ltr'><strong>aedificia,</strong></span> 
     </span>
     <span class='ocr_line' id='line_1_23' title="bbox 58 2533 2082 2641; baseline 0.001 -37"><span class='ocrx_word' id='word_1_289' title='bbox 58 2533 121 2629; x_wconf 93' lang='lat' dir='ltr'><strong>qni</strong></span> <span class='ocrx_word' id='word_1_290' title='bbox 136 2549 172 2605; x_wconf 86' lang='lat' dir='ltr'><strong>et</strong></span> <span class='ocrx_word' id='word_1_291' title='bbox 187 2536 298 2608; x_wconf 84' lang='lat' dir='ltr'><strong>latine</strong></span> <span class='ocrx_word' id='word_1_292' title='bbox 313 2540 465 2611; x_wconf 88' lang='lat' dir='ltr'><strong>disertus</strong></span> <span class='ocrx_word' id='word_1_293' title='bbox 481 2557 576 2625; x_wconf 84' lang='lat' dir='ltr'><strong>eret,</strong></span> <span class='ocrx_word' id='word_1_294' title='bbox 603 2563 635 2618; x_wconf 91' lang='lat' dir='ltr'><strong>et</strong></span> <span class='ocrx_word' id='word_1_295' title='bbox 653 2571 789 2618; x_wconf 91' lang='lat' dir='ltr'><strong>summa</strong></span> <span class='ocrx_word' id='word_1_296' title='bbox 805 2549 874 2617; x_wconf 87' lang='lat' dir='ltr'><strong>lide</strong></span> <span class='ocrx_word' id='word_1_297' title='bbox 890 2546 1048 2636; x_wconf 90' lang='lat' dir='ltr'><strong>discipu·</strong></span> <span class='ocrx_word' id='word_1_298' title='bbox 1097 2542 1250 2634; x_wconf 92' lang='lat' dir='ltr'><strong>populus</strong></span> <span class='ocrx_word' id='word_1_299' title='bbox 1270 2542 1315 2610; x_wconf 95' lang='lat' dir='ltr'><strong>ad</strong></span> <span class='ocrx_word' id='word_1_300' title='bbox 1338 2535 1543 2634; x_wconf 82' lang='grc' dir='ltr'><em>κατήχησιν</em></span> <span class='ocrx_word' id='word_1_301' title='bbox 1569 2555 1602 2612; x_wconf 89' lang='lat' dir='ltr'><strong>et</strong></span> <span class='ocrx_word' id='word_1_302' title='bbox 1633 2543 1677 2611; x_wconf 90' lang='lat' dir='ltr'><strong>ad</strong></span> <span class='ocrx_word' id='word_1_303' title='bbox 1707 2541 1932 2641; x_wconf 78' lang='lat' dir='ltr'><strong>disciplinam</strong></span> <span class='ocrx_word' id='word_1_304' title='bbox 1954 2541 2082 2608; x_wconf 89' lang='lat' dir='ltr'><strong>adsue·</strong></span> 
     </span>
     <span class='ocr_line' id='line_1_24' title="bbox 58 2637 2085 2741; baseline 0.001 -36"><span class='ocrx_word' id='word_1_305' title='bbox 58 2637 112 2707; x_wconf 93' lang='lat' dir='ltr'><strong>los</strong></span> <span class='ocrx_word' id='word_1_306' title='bbox 135 2638 283 2710; x_wconf 79' lang='lat' dir='ltr'><strong>erudiit.</strong></span> <span class='ocrx_word' id='word_1_307' title='bbox 333 2637 494 2737; x_wconf 84' lang='lat' dir='ltr'><strong>Cumque</strong></span> <span class='ocrx_word' id='word_1_308' title='bbox 525 2648 658 2720; x_wconf 87' lang='lat' dir='ltr'><strong>valeret</strong></span> <span class='ocrx_word' id='word_1_309' title='bbox 691 2651 837 2741; x_wconf 91' lang='lat' dir='ltr'><strong>ingenio</strong></span> <span class='ocrx_word' id='word_1_310' title='bbox 863 2646 1049 2731; x_wconf 88' lang='lat' dir='ltr'><strong>Ernestus,</strong></span> <span class='ocrx_word' id='word_1_311' title='bbox 1098 2644 1216 2729; x_wconf 87' lang='lat' dir='ltr'><strong>lieret,</strong></span> <span class='ocrx_word' id='word_1_312' title='bbox 1242 2655 1276 2715; x_wconf 91' lang='lat' dir='ltr'><strong>et</strong></span> <span class='ocrx_word' id='word_1_313' title='bbox 1296 2644 1336 2710; x_wconf 92' lang='lat' dir='ltr'><strong>in</strong></span> <span class='ocrx_word' id='word_1_314' title='bbox 1362 2645 1503 2735; x_wconf 91' lang='lat' dir='ltr'><strong>oppidis</strong></span> <span class='ocrx_word' id='word_1_315' title='bbox 1524 2643 1641 2715; x_wconf 87' lang='lat' dir='ltr'><strong>studia</strong></span> <span class='ocrx_word' id='word_1_316' title='bbox 1656 2643 1839 2714; x_wconf 90' lang='lat' dir='ltr'><strong>literarum</strong></span> <span class='ocrx_word' id='word_1_317' title='bbox 1855 2641 2085 2712; x_wconf 88' lang='lat' dir='ltr'><strong>institueren-</strong></span> 
     </span>
     <span class='ocr_line' id='line_1_25' title="bbox 60 2738 2084 2837; baseline 0.001 -30"><span class='ocrx_word' id='word_1_318' title='bbox 60 2738 221 2827; x_wconf 70' lang='lat' dir='ltr'><strong>liugom</strong></span> <span class='ocrx_word' id='word_1_319' title='bbox 234 2738 399 2823; x_wconf 82' lang='lat' dir='ltr'><strong>Latinam</strong></span> <span class='ocrx_word' id='word_1_320' title='bbox 414 2745 462 2817; x_wconf 88' lang='lat' dir='ltr'><strong>ita</strong></span> <span class='ocrx_word' id='word_1_321' title='bbox 477 2747 614 2837; x_wconf 91' lang='lat' dir='ltr'><strong>didicit,</strong></span> <span class='ocrx_word' id='word_1_322' title='bbox 629 2763 671 2822; x_wconf 93' lang='lat' dir='ltr'><strong>ut</strong></span> <span class='ocrx_word' id='word_1_323' title='bbox 685 2753 858 2823; x_wconf 90' lang='lat' dir='ltr'><strong>sermonis</strong></span> <span class='ocrx_word' id='word_1_324' title='bbox 869 2750 974 2822; x_wconf 92' lang='lat' dir='ltr'><strong>latini</strong></span> <span class='ocrx_word' id='word_1_325' title='bbox 989 2773 1049 2819; x_wconf 92' lang='lat' dir='ltr'><strong>co·</strong></span> <span class='ocrx_word' id='word_1_326' title='bbox 1097 2759 1166 2818; x_wconf 92' lang='lat' dir='ltr'><strong>tur.</strong></span> <span class='ocrx_word' id='word_1_327' title='bbox 1217 2742 1293 2813; x_wconf 88' lang='lat' dir='ltr'><strong>Hae</strong></span> <span class='ocrx_word' id='word_1_328' title='bbox 1308 2769 1363 2814; x_wconf 89' lang='lat' dir='ltr'><strong>res</strong></span> <span class='ocrx_word' id='word_1_329' title='bbox 1378 2745 1547 2817; x_wconf 90' lang='lat' dir='ltr'><strong>salutares</strong></span> <span class='ocrx_word' id='word_1_330' title='bbox 1561 2746 1682 2818; x_wconf 89' lang='lat' dir='ltr'><strong>statim</strong></span> <span class='ocrx_word' id='word_1_331' title='bbox 1698 2745 1802 2815; x_wconf 92' lang='lat' dir='ltr'><strong>initio</strong></span> <span class='ocrx_word' id='word_1_332' title='bbox 1818 2742 2084 2835; x_wconf 90' lang='lat' dir='ltr'><strong>gubernationis</strong></span> 
     </span>
     <span class='ocr_line' id='line_1_26' title="bbox 58 2840 2086 2948; baseline 0 -37"><span class='ocrx_word' id='word_1_333' title='bbox 58 2840 117 2933; x_wconf 83' lang='lat' dir='ltr'><strong>pia</strong></span> <span class='ocrx_word' id='word_1_334' title='bbox 132 2840 170 2911; x_wconf 88' lang='lat' dir='ltr'><strong>ei</strong></span> <span class='ocrx_word' id='word_1_335' title='bbox 184 2864 258 2913; x_wconf 93' lang='lat' dir='ltr'><strong>non</strong></span> <span class='ocrx_word' id='word_1_336' title='bbox 275 2845 421 2931; x_wconf 87' lang='lat' dir='ltr'><strong>deesset,</strong></span> <span class='ocrx_word' id='word_1_337' title='bbox 436 2872 516 2919; x_wconf 89' lang='lat' dir='ltr'><strong>cum</strong></span> <span class='ocrx_word' id='word_1_338' title='bbox 533 2851 571 2919; x_wconf 93' lang='lat' dir='ltr'><strong>in</strong></span> <span class='ocrx_word' id='word_1_339' title='bbox 587 2852 785 2948; x_wconf 78' lang='lat' dir='ltr'><strong>colloquiis,</strong></span> <span class='ocrx_word' id='word_1_340' title='bbox 812 2869 888 2926; x_wconf 93' lang='lat' dir='ltr'><strong>tum</strong></span> <span class='ocrx_word' id='word_1_341' title='bbox 905 2854 943 2921; x_wconf 92' lang='lat' dir='ltr'><strong>in</strong></span> <span class='ocrx_word' id='word_1_342' title='bbox 961 2851 1047 2921; x_wconf 88' lang='lat' dir='ltr'><strong>scri·</strong></span> <span class='ocrx_word' id='word_1_343' title='bbox 1096 2873 1116 2915; x_wconf 87' lang='lat' dir='ltr'><strong>a</strong></span> <span class='ocrx_word' id='word_1_344' title='bbox 1133 2845 1232 2917; x_wconf 90' lang='lat' dir='ltr'><strong>Duce</strong></span> <span class='ocrx_word' id='word_1_345' title='bbox 1245 2841 1397 2918; x_wconf 87' lang='lat' dir='ltr'><strong>Ernesto</strong></span> <span class='ocrx_word' id='word_1_346' title='bbox 1413 2843 1597 2918; x_wconf 86' lang='lat' dir='ltr'><strong>inchoatae</strong></span> <span class='ocrx_word' id='word_1_347' title='bbox 1610 2860 1706 2933; x_wconf 89' lang='lat' dir='ltr'><strong>sunt,</strong></span> <span class='ocrx_word' id='word_1_348' title='bbox 1731 2858 1766 2916; x_wconf 87' lang='lat' dir='ltr'><strong>et</strong></span> <span class='ocrx_word' id='word_1_349' title='bbox 1779 2846 1945 2936; x_wconf 89' lang='lat' dir='ltr'><strong>inspectis</strong></span> <span class='ocrx_word' id='word_1_350' title='bbox 1960 2840 2086 2914; x_wconf 87' lang='lat' dir='ltr'><strong>Eccle-</strong></span> 
     </span>
     <span class='ocr_line' id='line_1_27' title="bbox 55 2942 2084 3040; baseline -0 -25"><span class='ocrx_word' id='word_1_351' title='bbox 55 2942 189 3017; x_wconf 78' lang='lat' dir='ltr'><strong>bcudu.</strong></span> <span class='ocrx_word' id='word_1_352' title='bbox 242 2942 398 3017; x_wconf 86' lang='lat' dir='ltr'><strong>Auditor</strong></span> <span class='ocrx_word' id='word_1_353' title='bbox 412 2951 517 3020; x_wconf 89' lang='lat' dir='ltr'><strong>etiam</strong></span> <span class='ocrx_word' id='word_1_354' title='bbox 534 2954 603 3023; x_wconf 82' lang='lat' dir='ltr'><strong>fuit</strong></span> <span class='ocrx_word' id='word_1_355' title='bbox 622 2953 868 3027; x_wconf 82' lang='lat' dir='ltr'><strong>iurisconsulti</strong></span> <span class='ocrx_word' id='word_1_356' title='bbox 885 2954 1049 3027; x_wconf 88' lang='lat' dir='ltr'><strong>Doctoris</strong></span> <span class='ocrx_word' id='word_1_357' title='bbox 1097 2951 1159 3020; x_wconf 91' lang='lat' dir='ltr'><strong>siis</strong></span> <span class='ocrx_word' id='word_1_358' title='bbox 1175 2948 1254 3040; x_wconf 89' lang='lat' dir='ltr'><strong>pius</strong></span> <span class='ocrx_word' id='word_1_359' title='bbox 1269 2972 1462 3019; x_wconf 89' lang='lat' dir='ltr'><strong>consensus</strong></span> <span class='ocrx_word' id='word_1_360' title='bbox 1480 2950 1520 3018; x_wconf 91' lang='lat' dir='ltr'><strong>in</strong></span> <span class='ocrx_word' id='word_1_361' title='bbox 1535 2951 1697 3020; x_wconf 89' lang='lat' dir='ltr'><strong>doctrina</strong></span> <span class='ocrx_word' id='word_1_362' title='bbox 1722 2949 1934 3019; x_wconf 90' lang='lat' dir='ltr'><strong>constitutus</strong></span> <span class='ocrx_word' id='word_1_363' title='bbox 1955 2959 2024 3030; x_wconf 89' lang='lat' dir='ltr'><strong>est,</strong></span> <span class='ocrx_word' id='word_1_364' title='bbox 2049 2956 2084 3015; x_wconf 90' lang='lat' dir='ltr'><strong>et</strong></span> 
     </span>
     <span class='ocr_line' id='line_1_28' title="bbox 10 3040 2084 3150; baseline 0.001 -36"><span class='ocrx_word' id='word_1_365' title='bbox 10 3054 14 3069; x_wconf 83' lang='lat'>&#39;</span> <span class='ocrx_word' id='word_1_366' title='bbox 59 3040 263 3137; x_wconf 86' lang='lat' dir='ltr'><strong>llenningi.</strong></span> <span class='ocrx_word' id='word_1_367' title='bbox 321 3044 394 3118; x_wconf 86' lang='lat' dir='ltr'><strong>Nec</strong></span> <span class='ocrx_word' id='word_1_368' title='bbox 417 3066 535 3142; x_wconf 90' lang='lat' dir='ltr'><strong>postea</strong></span> <span class='ocrx_word' id='word_1_369' title='bbox 558 3055 668 3126; x_wconf 89' lang='lat' dir='ltr'><strong>latine</strong></span> <span class='ocrx_word' id='word_1_370' title='bbox 700 3060 847 3150; x_wconf 87' lang='lat' dir='ltr'><strong>scriptas</strong></span> <span class='ocrx_word' id='word_1_371' title='bbox 869 3052 1048 3146; x_wconf 89' lang='lat' dir='ltr'><strong>historias,</strong></span> <span class='ocrx_word' id='word_1_372' title='bbox 1097 3052 1289 3123; x_wconf 91' lang='lat' dir='ltr'><strong>attributus</strong></span> <span class='ocrx_word' id='word_1_373' title='bbox 1304 3052 1417 3122; x_wconf 88' lang='lat' dir='ltr'><strong>victus</strong></span> <span class='ocrx_word' id='word_1_374' title='bbox 1431 3051 1653 3122; x_wconf 86' lang='lat' dir='ltr'><strong>docentibus.</strong></span> <span class='ocrx_word' id='word_1_375' title='bbox 1704 3048 1867 3143; x_wconf 90' lang='lat' dir='ltr'><strong>Cumque</strong></span> <span class='ocrx_word' id='word_1_376' title='bbox 1889 3050 1994 3118; x_wconf 89' lang='lat' dir='ltr'><strong>sciret</strong></span> <span class='ocrx_word' id='word_1_377' title='bbox 2008 3070 2084 3117; x_wconf 91' lang='lat' dir='ltr'><strong>non</strong></span> 
     </span>
     <span class='ocr_line' id='line_1_29' title="bbox 62 3145 2084 3247; baseline -0.001 -28"><span class='ocrx_word' id='word_1_378' title='bbox 62 3146 226 3219; x_wconf 81' lang='lat' dir='ltr'><strong>etlibros</strong></span> <span class='ocrx_word' id='word_1_379' title='bbox 247 3145 475 3241; x_wconf 90' lang='lat' dir='ltr'><strong>propheticos</strong></span> <span class='ocrx_word' id='word_1_380' title='bbox 498 3169 532 3225; x_wconf 89' lang='lat' dir='ltr'><strong>et</strong></span> <span class='ocrx_word' id='word_1_381' title='bbox 549 3160 781 3247; x_wconf 89' lang='lat' dir='ltr'><strong>apostolicos,</strong></span> <span class='ocrx_word' id='word_1_382' title='bbox 806 3175 840 3231; x_wconf 91' lang='lat' dir='ltr'><strong>ct</strong></span> <span class='ocrx_word' id='word_1_383' title='bbox 860 3159 929 3230; x_wconf 85' lang='lat' dir='ltr'><strong>alia</strong></span> <span class='ocrx_word' id='word_1_384' title='bbox 945 3157 1047 3228; x_wconf 89' lang='lat' dir='ltr'><strong>utilia</strong></span> <span class='ocrx_word' id='word_1_385' title='bbox 1098 3155 1183 3224; x_wconf 90' lang='lat' dir='ltr'><strong>satis</strong></span> <span class='ocrx_word' id='word_1_386' title='bbox 1203 3176 1276 3222; x_wconf 90' lang='lat' dir='ltr'><strong>esse</strong></span> <span class='ocrx_word' id='word_1_387' title='bbox 1298 3148 1363 3222; x_wconf 90' lang='lat' dir='ltr'><strong>has</strong></span> <span class='ocrx_word' id='word_1_388' title='bbox 1387 3166 1501 3224; x_wconf 88' lang='lat' dir='ltr'><strong>tantas</strong></span> <span class='ocrx_word' id='word_1_389' title='bbox 1523 3178 1580 3223; x_wconf 90' lang='lat' dir='ltr'><strong>res</strong></span> <span class='ocrx_word' id='word_1_390' title='bbox 1609 3147 1795 3237; x_wconf 89' lang='lat' dir='ltr'><strong>inchoare,</strong></span> <span class='ocrx_word' id='word_1_391' title='bbox 1829 3154 1889 3220; x_wconf 91' lang='lat' dir='ltr'><strong>sed</strong></span> <span class='ocrx_word' id='word_1_392' title='bbox 1921 3162 2084 3241; x_wconf 90' lang='lat' dir='ltr'><strong>oportere</strong></span> 
     </span>
     <span class='ocr_line' id='line_1_30' title="bbox 61 3247 2086 3349; baseline -0 -32"><span class='ocrx_word' id='word_1_393' title='bbox 61 3264 294 3320; x_wconf 85' lang='lat' dir='ltr'><strong>monumenta</strong></span> <span class='ocrx_word' id='word_1_394' title='bbox 317 3253 432 3343; x_wconf 88' lang='lat' dir='ltr'><strong>legere</strong></span> <span class='ocrx_word' id='word_1_395' title='bbox 457 3257 573 3328; x_wconf 88' lang='lat' dir='ltr'><strong>desiit.</strong></span> <span class='ocrx_word' id='word_1_396' title='bbox 627 3260 777 3349; x_wconf 87' lang='lat' dir='ltr'><strong>Quoties</strong></span> <span class='ocrx_word' id='word_1_397' title='bbox 800 3262 867 3332; x_wconf 91' lang='lat' dir='ltr'><strong>iter</strong></span> <span class='ocrx_word' id='word_1_398' title='bbox 888 3260 1048 3342; x_wconf 83' lang='lat' dir='ltr'><strong>iaciebat,</strong></span> <span class='ocrx_word' id='word_1_399' title='bbox 1098 3268 1303 3349; x_wconf 90' lang='lat' dir='ltr'><strong>perpetuam</strong></span> <span class='ocrx_word' id='word_1_400' title='bbox 1324 3277 1396 3323; x_wconf 91' lang='lat' dir='ltr'><strong>esse</strong></span> <span class='ocrx_word' id='word_1_401' title='bbox 1418 3255 1638 3343; x_wconf 87' lang='lat' dir='ltr'><strong>diligentiam</strong></span> <span class='ocrx_word' id='word_1_402' title='bbox 1662 3266 1755 3324; x_wconf 86' lang='lat' dir='ltr'><strong>recte</strong></span> <span class='ocrx_word' id='word_1_403' title='bbox 1779 3247 1944 3321; x_wconf 90' lang='lat' dir='ltr'><strong>inchoata</strong></span> <span class='ocrx_word' id='word_1_404' title='bbox 1959 3249 2086 3320; x_wconf 90' lang='lat' dir='ltr'><strong>tuendi</strong></span> 
     </span>
     <span class='ocr_line' id='line_1_31' title="bbox 58 3346 2084 3448; baseline -0 -29"><span class='ocrx_word' id='word_1_405' title='bbox 58 3350 232 3421; x_wconf 73' lang='lat' dir='ltr'><strong>sarcinam</strong></span> <span class='ocrx_word' id='word_1_406' title='bbox 257 3366 434 3425; x_wconf 88' lang='lat' dir='ltr'><strong>certorum</strong></span> <span class='ocrx_word' id='word_1_407' title='bbox 455 3359 630 3429; x_wconf 91' lang='lat' dir='ltr'><strong>librorum</strong></span> <span class='ocrx_word' id='word_1_408' title='bbox 661 3386 779 3433; x_wconf 90' lang='lat' dir='ltr'><strong>secum</strong></span> <span class='ocrx_word' id='word_1_409' title='bbox 805 3358 974 3444; x_wconf 88' lang='lat' dir='ltr'><strong>vehebat,</strong></span> <span class='ocrx_word' id='word_1_410' title='bbox 1007 3372 1046 3429; x_wconf 90' lang='lat' dir='ltr'><strong>ut</strong></span> <span class='ocrx_word' id='word_1_411' title='bbox 1099 3370 1132 3429; x_wconf 90' lang='lat' dir='ltr'><strong>et</strong></span> <span class='ocrx_word' id='word_1_412' title='bbox 1155 3355 1350 3440; x_wconf 88' lang='lat' dir='ltr'><strong>sarciendi,</strong></span> <span class='ocrx_word' id='word_1_413' title='bbox 1390 3369 1509 3446; x_wconf 91' lang='lat' dir='ltr'><strong>postea</strong></span> <span class='ocrx_word' id='word_1_414' title='bbox 1539 3355 1731 3448; x_wconf 87' lang='lat' dir='ltr'><strong>quotannis</strong></span> <span class='ocrx_word' id='word_1_415' title='bbox 1760 3351 1887 3444; x_wconf 90' lang='lat' dir='ltr'><strong>inspici</strong></span> <span class='ocrx_word' id='word_1_416' title='bbox 1908 3346 2084 3421; x_wconf 87' lang='lat' dir='ltr'><strong>Ecclesias</strong></span> 
     </span>
     <span class='ocr_line' id='line_1_32' title="bbox 57 3448 2084 3551; baseline 0.001 -30"><span class='ocrx_word' id='word_1_417' title='bbox 57 3452 187 3524; x_wconf 85' lang='lat' dir='ltr'><strong>multos</strong></span> <span class='ocrx_word' id='word_1_418' title='bbox 221 3454 353 3525; x_wconf 87' lang='lat' dir='ltr'><strong>vidisse</strong></span> <span class='ocrx_word' id='word_1_419' title='bbox 368 3458 454 3532; x_wconf 86' lang='lat' dir='ltr'><strong>scio.</strong></span> <span class='ocrx_word' id='word_1_420' title='bbox 518 3448 703 3551; x_wconf 78' lang='lat' dir='ltr'><strong>Egressus</strong></span> <span class='ocrx_word' id='word_1_421' title='bbox 737 3489 777 3535; x_wconf 84' lang='lat' dir='ltr'><strong>ex</strong></span> <span class='ocrx_word' id='word_1_422' title='bbox 811 3460 1048 3535; x_wconf 87' lang='lat' dir='ltr'><strong>adolescentia</strong></span> <span class='ocrx_word' id='word_1_423' title='bbox 1099 3457 1254 3542; x_wconf 89' lang='lat' dir='ltr'><strong>curavit,</strong></span> <span class='ocrx_word' id='word_1_424' title='bbox 1281 3470 1314 3526; x_wconf 90' lang='lat' dir='ltr'><strong>et</strong></span> <span class='ocrx_word' id='word_1_425' title='bbox 1329 3458 1470 3538; x_wconf 88' lang='lat' dir='ltr'><strong>sarciri,</strong></span> <span class='ocrx_word' id='word_1_426' title='bbox 1495 3457 1559 3527; x_wconf 90' lang='lat' dir='ltr'><strong>ubi</strong></span> <span class='ocrx_word' id='word_1_427' title='bbox 1574 3456 1709 3549; x_wconf 90' lang='lat' dir='ltr'><strong>aliquid</strong></span> <span class='ocrx_word' id='word_1_428' title='bbox 1725 3456 1973 3525; x_wconf 82' lang='lat' dir='ltr'><strong>labefactatum</strong></span> <span class='ocrx_word' id='word_1_429' title='bbox 1998 3465 2084 3525; x_wconf 88' lang='lat' dir='ltr'><strong>erat.</strong></span> 
     </span>
     <span class='ocr_line' id='line_1_33' title="bbox 55 3552 2086 3656; baseline -0.001 -29"><span class='ocrx_word' id='word_1_430' title='bbox 55 3552 137 3627; x_wconf 83' lang='lat' dir='ltr'><strong>visit</strong></span> <span class='ocrx_word' id='word_1_431' title='bbox 164 3552 355 3643; x_wconf 79' lang='lat' dir='ltr'><strong>Luteciae,</strong></span> <span class='ocrx_word' id='word_1_432' title='bbox 380 3560 445 3629; x_wconf 93' lang='lat' dir='ltr'><strong>ubi</strong></span> <span class='ocrx_word' id='word_1_433' title='bbox 469 3562 632 3635; x_wconf 88' lang='lat' dir='ltr'><strong>simulet</strong></span> <span class='ocrx_word' id='word_1_434' title='bbox 659 3565 696 3634; x_wconf 93' lang='lat' dir='ltr'><strong>in</strong></span> <span class='ocrx_word' id='word_1_435' title='bbox 714 3564 842 3638; x_wconf 87' lang='lat' dir='ltr'><strong>Latina</strong></span> <span class='ocrx_word' id='word_1_436' title='bbox 865 3566 987 3656; x_wconf 91' lang='lat' dir='ltr'><strong>lingua</strong></span> <span class='ocrx_word' id='word_1_437' title='bbox 1003 3587 1048 3644; x_wconf 76' lang='lat' dir='ltr'><strong>,se</strong></span> <span class='ocrx_word' id='word_1_438' title='bbox 1100 3563 1181 3653; x_wconf 86' lang='lat' dir='ltr'><strong>Qua</strong></span> <span class='ocrx_word' id='word_1_439' title='bbox 1206 3561 1244 3628; x_wconf 92' lang='lat' dir='ltr'><strong>in</strong></span> <span class='ocrx_word' id='word_1_440' title='bbox 1269 3583 1307 3629; x_wconf 91' lang='lat' dir='ltr'><strong>re</strong></span> <span class='ocrx_word' id='word_1_441' title='bbox 1329 3554 1397 3629; x_wconf 91' lang='lat' dir='ltr'><strong>hoc</strong></span> <span class='ocrx_word' id='word_1_442' title='bbox 1423 3560 1499 3628; x_wconf 91' lang='lat' dir='ltr'><strong>eius</strong></span> <span class='ocrx_word' id='word_1_443' title='bbox 1520 3559 1709 3630; x_wconf 88' lang='lat' dir='ltr'><strong>consilium</strong></span> <span class='ocrx_word' id='word_1_444' title='bbox 1731 3556 1909 3645; x_wconf 84' lang='lat' dir='ltr'><strong>singulare</strong></span> <span class='ocrx_word' id='word_1_445' title='bbox 1932 3554 2019 3640; x_wconf 85' lang='lat' dir='ltr'><strong>luit,</strong></span> <span class='ocrx_word' id='word_1_446' title='bbox 2051 3568 2086 3624; x_wconf 91' lang='lat' dir='ltr'><strong>et</strong></span> 
     </span>
     <span class='ocr_line' id='line_1_34' title="bbox 55 3656 2085 3755; baseline -0.003 -25"><span class='ocrx_word' id='word_1_447' title='bbox 55 3656 232 3743; x_wconf 76' lang='lat' dir='ltr'><strong>entenic,</strong></span> <span class='ocrx_word' id='word_1_448' title='bbox 255 3670 290 3729; x_wconf 89' lang='lat' dir='ltr'><strong>et</strong></span> <span class='ocrx_word' id='word_1_449' title='bbox 311 3656 487 3735; x_wconf 82' lang='lat' dir='ltr'><strong>Gallicam</strong></span> <span class='ocrx_word' id='word_1_450' title='bbox 510 3666 656 3755; x_wconf 90' lang='lat' dir='ltr'><strong>didicit,</strong></span> <span class='ocrx_word' id='word_1_451' title='bbox 679 3683 713 3740; x_wconf 90' lang='lat' dir='ltr'><strong>ct</strong></span> <span class='ocrx_word' id='word_1_452' title='bbox 737 3669 901 3739; x_wconf 92' lang='lat' dir='ltr'><strong>ordinem</strong></span> <span class='ocrx_word' id='word_1_453' title='bbox 923 3666 1046 3738; x_wconf 90' lang='lat' dir='ltr'><strong>iudicii</strong></span> <span class='ocrx_word' id='word_1_454' title='bbox 1099 3658 1316 3754; x_wconf 81' lang='grc' dir='ltr'><strong><em>πολίτευμα,</em></strong></span> <span class='ocrx_word' id='word_1_455' title='bbox 1333 3661 1581 3751; x_wconf 84' lang='lat' dir='ltr'><strong>dignissimum</strong></span> <span class='ocrx_word' id='word_1_456' title='bbox 1595 3656 1798 3731; x_wconf 89' lang='lat' dir='ltr'><strong>Christiano</strong></span> <span class='ocrx_word' id='word_1_457' title='bbox 1812 3656 1989 3747; x_wconf 89' lang='lat' dir='ltr'><strong>Principe,</strong></span> <span class='ocrx_word' id='word_1_458' title='bbox 2004 3680 2085 3727; x_wconf 89' lang='lat' dir='ltr'><strong>curn</strong></span> 
     </span>
     <span class='ocr_line' id='line_1_35' title="bbox 53 3758 2085 3854; baseline 0 -26"><span class='ocrx_word' id='word_1_459' title='bbox 53 3758 161 3849; x_wconf 85' lang='lat' dir='ltr'><strong>regii,</strong></span> <span class='ocrx_word' id='word_1_460' title='bbox 184 3782 261 3853; x_wconf 90' lang='lat' dir='ltr'><strong>quo</strong></span> <span class='ocrx_word' id='word_1_461' title='bbox 285 3762 428 3835; x_wconf 88' lang='lat' dir='ltr'><strong>nullum</strong></span> <span class='ocrx_word' id='word_1_462' title='bbox 450 3780 501 3836; x_wconf 89' lang='lat' dir='ltr'><strong>est</strong></span> <span class='ocrx_word' id='word_1_463' title='bbox 518 3768 645 3838; x_wconf 88' lang='lat' dir='ltr'><strong>melius</strong></span> <span class='ocrx_word' id='word_1_464' title='bbox 668 3773 901 3842; x_wconf 89' lang='lat' dir='ltr'><strong>constitutum</strong></span> <span class='ocrx_word' id='word_1_465' title='bbox 917 3769 955 3838; x_wconf 91' lang='lat' dir='ltr'><strong>in</strong></span> <span class='ocrx_word' id='word_1_466' title='bbox 972 3780 1047 3838; x_wconf 90' lang='lat' dir='ltr'><strong>toto</strong></span> <span class='ocrx_word' id='word_1_467' title='bbox 1100 3767 1204 3838; x_wconf 88' lang='lat' dir='ltr'><strong>sciret</strong></span> <span class='ocrx_word' id='word_1_468' title='bbox 1225 3763 1386 3837; x_wconf 87' lang='lat' dir='ltr'><strong>Pastores</strong></span> <span class='ocrx_word' id='word_1_469' title='bbox 1410 3786 1511 3854; x_wconf 89' lang='lat' dir='ltr'><strong>saepe</strong></span> <span class='ocrx_word' id='word_1_470' title='bbox 1536 3763 1667 3853; x_wconf 89' lang='lat' dir='ltr'><strong>negligi</strong></span> <span class='ocrx_word' id='word_1_471' title='bbox 1694 3786 1713 3832; x_wconf 91' lang='lat' dir='ltr'><strong>a</strong></span> <span class='ocrx_word' id='word_1_472' title='bbox 1742 3759 1988 3854; x_wconf 87' lang='lat' dir='ltr'><strong>questoribus,</strong></span> <span class='ocrx_word' id='word_1_473' title='bbox 2016 3758 2085 3829; x_wconf 85' lang='lat' dir='ltr'><strong>&#39;aut</strong></span> 
     </span>
     <span class='ocr_line' id='line_1_36' title="bbox 57 3855 2087 3959; baseline -0.01 -12"><span class='ocrx_word' id='word_1_474' title='bbox 57 3879 184 3947; x_wconf 55' lang='lat' dir='ltr'><strong>&amp;uere</strong></span> <span class='ocrx_word' id='word_1_475' title='bbox 213 3855 395 3950; x_wconf 87' lang='lat' dir='ltr'><strong>humano,</strong></span> <span class='ocrx_word' id='word_1_476' title='bbox 432 3867 623 3959; x_wconf 87' lang='lat' dir='ltr'><strong>diligenter</strong></span> <span class='ocrx_word' id='word_1_477' title='bbox 652 3874 900 3948; x_wconf 89' lang='lat' dir='ltr'><strong>consideravit.</strong></span> <span class='ocrx_word' id='word_1_478' title='bbox 951 3869 1049 3941; x_wconf 89' lang='lat' dir='ltr'><strong>Haec</strong></span> <span class='ocrx_word' id='word_1_479' title='bbox 1100 3869 1207 3940; x_wconf 88' lang='lat' dir='ltr'><strong>etiarn</strong></span> <span class='ocrx_word' id='word_1_480' title='bbox 1235 3890 1362 3957; x_wconf 91' lang='lat' dir='ltr'><strong>parum</strong></span> <span class='ocrx_word' id='word_1_481' title='bbox 1386 3866 1576 3935; x_wconf 90' lang='lat' dir='ltr'><strong>clementer</strong></span> <span class='ocrx_word' id='word_1_482' title='bbox 1599 3864 1761 3947; x_wconf 89' lang='lat' dir='ltr'><strong>tractari,</strong></span> <span class='ocrx_word' id='word_1_483' title='bbox 1786 3862 1940 3932; x_wconf 90' lang='lat' dir='ltr'><strong>edictum</strong></span> <span class='ocrx_word' id='word_1_484' title='bbox 1965 3860 2087 3951; x_wconf 90' lang='lat' dir='ltr'><strong>publi·</strong></span> 
     </span>
     <span class='ocr_line' id='line_1_37' title="bbox 58 3960 2086 4065; baseline 0.001 -37"><span class='ocrx_word' id='word_1_485' title='bbox 58 3960 232 4053; x_wconf 80' lang='lat' dir='ltr'><strong>tyrocinia</strong></span> <span class='ocrx_word' id='word_1_486' title='bbox 245 3987 327 4034; x_wconf 88' lang='lat' dir='ltr'><strong>cum</strong></span> <span class='ocrx_word' id='word_1_487' title='bbox 343 3961 546 4055; x_wconf 89' lang='lat' dir='ltr'><strong>habuisset,</strong></span> <span class='ocrx_word' id='word_1_488' title='bbox 572 3973 677 4044; x_wconf 89' lang='lat' dir='ltr'><strong>rediit</strong></span> <span class='ocrx_word' id='word_1_489' title='bbox 701 3976 738 4042; x_wconf 92' lang='lat' dir='ltr'><strong>in</strong></span> <span class='ocrx_word' id='word_1_490' title='bbox 764 3976 924 4065; x_wconf 89' lang='lat' dir='ltr'><strong>patriam,</strong></span> <span class='ocrx_word' id='word_1_491' title='bbox 951 3975 1048 4042; x_wconf 92' lang='lat' dir='ltr'><strong>unde</strong></span> <span class='ocrx_word' id='word_1_492' title='bbox 1100 3994 1180 4042; x_wconf 89' lang='lat' dir='ltr'><strong>cum</strong></span> <span class='ocrx_word' id='word_1_493' title='bbox 1195 3969 1327 4052; x_wconf 89' lang='lat' dir='ltr'><strong>edidit,</strong></span> <span class='ocrx_word' id='word_1_494' title='bbox 1351 3992 1422 4061; x_wconf 87' lang='lat' dir='ltr'><strong>quo</strong></span> <span class='ocrx_word' id='word_1_495' title='bbox 1439 3967 1635 4058; x_wconf 87' lang='lat' dir='ltr'><strong>praecepit,</strong></span> <span class='ocrx_word' id='word_1_496' title='bbox 1660 3981 1700 4037; x_wconf 94' lang='lat' dir='ltr'><strong>ut</strong></span> <span class='ocrx_word' id='word_1_497' title='bbox 1718 3963 1878 4033; x_wconf 88' lang='lat' dir='ltr'><strong>Pastores</strong></span> <span class='ocrx_word' id='word_1_498' title='bbox 1900 3984 1980 4032; x_wconf 89' lang='lat' dir='ltr'><strong>suas</strong></span> <span class='ocrx_word' id='word_1_499' title='bbox 1998 3984 2086 4054; x_wconf 87' lang='lat' dir='ltr'><strong>que·</strong></span> 
     </span>
     <span class='ocr_line' id='line_1_38' title="bbox 56 4063 2087 4156; baseline -0.002 -20"><span class='ocrx_word' id='word_1_500' title='bbox 56 4083 139 4131; x_wconf 78' lang='lat' dir='ltr'><strong>tum</strong></span> <span class='ocrx_word' id='word_1_501' title='bbox 168 4076 268 4155; x_wconf 84' lang='lat' dir='ltr'><strong>pater</strong></span> <span class='ocrx_word' id='word_1_502' title='bbox 297 4067 454 4155; x_wconf 88' lang='lat' dir='ltr'><strong>abesset,</strong></span> <span class='ocrx_word' id='word_1_503' title='bbox 488 4096 533 4143; x_wconf 89' lang='lat' dir='ltr'><strong>ne</strong></span> <span class='ocrx_word' id='word_1_504' title='bbox 560 4097 652 4144; x_wconf 91' lang='lat' dir='ltr'><strong>nova</strong></span> <span class='ocrx_word' id='word_1_505' title='bbox 683 4077 776 4146; x_wconf 89' lang='lat' dir='ltr'><strong>bella</strong></span> <span class='ocrx_word' id='word_1_506' title='bbox 809 4086 1048 4156; x_wconf 88' lang='lat' dir='ltr'><strong>moverentur,</strong></span> <span class='ocrx_word' id='word_1_507' title='bbox 1099 4073 1190 4145; x_wconf 88' lang='lat' dir='ltr'><strong>relas</strong></span> <span class='ocrx_word' id='word_1_508' title='bbox 1205 4071 1399 4155; x_wconf 81' lang='lat' dir='ltr'><strong>deferrent,</strong></span> <span class='ocrx_word' id='word_1_509' title='bbox 1424 4092 1498 4139; x_wconf 93' lang='lat' dir='ltr'><strong>non</strong></span> <span class='ocrx_word' id='word_1_510' title='bbox 1514 4070 1557 4137; x_wconf 92' lang='lat' dir='ltr'><strong>ad</strong></span> <span class='ocrx_word' id='word_1_511' title='bbox 1574 4066 1807 4155; x_wconf 87' lang='lat' dir='ltr'><strong>Quaestores,</strong></span> <span class='ocrx_word' id='word_1_512' title='bbox 1840 4065 1901 4131; x_wconf 91' lang='lat' dir='ltr'><strong>sed</strong></span> <span class='ocrx_word' id='word_1_513' title='bbox 1927 4076 2019 4131; x_wconf 86' lang='lat' dir='ltr'><strong>recta</strong></span> <span class='ocrx_word' id='word_1_514' title='bbox 2040 4063 2087 4131; x_wconf 91' lang='lat' dir='ltr'><strong>ad</strong></span> 
     </span>
     <span class='ocr_line' id='line_1_39' title="bbox 54 4158 2088 4270; baseline -0.002 -34"><span class='ocrx_word' id='word_1_515' title='bbox 54 4165 290 4238; x_wconf 75' lang='lat' dir='ltr'><strong>medentibus</strong></span> <span class='ocrx_word' id='word_1_516' title='bbox 304 4170 424 4240; x_wconf 84' lang='lat' dir='ltr'><strong>amicis</strong></span> <span class='ocrx_word' id='word_1_517' title='bbox 440 4186 474 4243; x_wconf 88' lang='lat' dir='ltr'><strong>et</strong></span> <span class='ocrx_word' id='word_1_518' title='bbox 490 4174 673 4247; x_wconf 87' lang='lat' dir='ltr'><strong>voluntate</strong></span> <span class='ocrx_word' id='word_1_519' title='bbox 687 4180 797 4270; x_wconf 88' lang='lat' dir='ltr'><strong>patris</strong></span> <span class='ocrx_word' id='word_1_520' title='bbox 819 4176 1048 4266; x_wconf 91' lang='lat' dir='ltr'><strong>gubernatio·</strong></span> <span class='ocrx_word' id='word_1_521' title='bbox 1100 4172 1324 4263; x_wconf 89' lang='lat' dir='ltr'><strong>Principem,</strong></span> <span class='ocrx_word' id='word_1_522' title='bbox 1350 4186 1384 4242; x_wconf 89' lang='lat' dir='ltr'><strong>ct</strong></span> <span class='ocrx_word' id='word_1_523' title='bbox 1406 4169 1561 4240; x_wconf 90' lang='lat' dir='ltr'><strong>ostendit</strong></span> <span class='ocrx_word' id='word_1_524' title='bbox 1585 4169 1654 4237; x_wconf 92' lang='lat' dir='ltr'><strong>sibi</strong></span> <span class='ocrx_word' id='word_1_525' title='bbox 1677 4189 1781 4237; x_wconf 91' lang='lat' dir='ltr'><strong>curae</strong></span> <span class='ocrx_word' id='word_1_526' title='bbox 1805 4165 1900 4244; x_wconf 85' lang='lat' dir='ltr'><strong>sore,</strong></span> <span class='ocrx_word' id='word_1_527' title='bbox 1927 4158 1972 4232; x_wconf 84' lang='lat' dir='ltr'><strong>rie</strong></span> <span class='ocrx_word' id='word_1_528' title='bbox 1996 4164 2088 4233; x_wconf 88' lang='lat' dir='ltr'><strong>iusta</strong></span> 
     </span>
     <span class='ocr_line' id='line_1_40' title="bbox 56 4263 2088 4372; baseline -0 -36"><span class='ocrx_word' id='word_1_529' title='bbox 56 4288 137 4337; x_wconf 80' lang='lat' dir='ltr'><strong>nem</strong></span> <span class='ocrx_word' id='word_1_530' title='bbox 150 4269 300 4361; x_wconf 82' lang='lat' dir='ltr'><strong>accepit,</strong></span> <span class='ocrx_word' id='word_1_531' title='bbox 314 4269 354 4339; x_wconf 93' lang='lat' dir='ltr'><strong>in</strong></span> <span class='ocrx_word' id='word_1_532' title='bbox 369 4296 439 4367; x_wconf 92' lang='lat' dir='ltr'><strong>qua</strong></span> <span class='ocrx_word' id='word_1_533' title='bbox 454 4275 598 4347; x_wconf 87' lang='lat' dir='ltr'><strong>suerunt</strong></span> <span class='ocrx_word' id='word_1_534' title='bbox 613 4277 714 4350; x_wconf 88' lang='lat' dir='ltr'><strong>initia</strong></span> <span class='ocrx_word' id='word_1_535' title='bbox 730 4280 942 4361; x_wconf 85' lang='lat' dir='ltr'><strong>difficiliora,</strong></span> <span class='ocrx_word' id='word_1_536' title='bbox 964 4277 1047 4372; x_wconf 91' lang='lat' dir='ltr'><strong>quia</strong></span> <span class='ocrx_word' id='word_1_537' title='bbox 1099 4276 1256 4347; x_wconf 86' lang='lat' dir='ltr'><strong>defensio</strong></span> <span class='ocrx_word' id='word_1_538' title='bbox 1272 4276 1404 4343; x_wconf 89' lang='lat' dir='ltr'><strong>deesset</strong></span> <span class='ocrx_word' id='word_1_539' title='bbox 1414 4270 1627 4343; x_wconf 78' lang='lat' dir='ltr'><strong>Pectoribus.</strong></span> <span class='ocrx_word' id='word_1_540' title='bbox 1656 4268 1825 4340; x_wconf 89' lang='lat' dir='ltr'><strong>Secutum</strong></span> <span class='ocrx_word' id='word_1_541' title='bbox 1840 4279 1890 4334; x_wconf 87' lang='lat' dir='ltr'><strong>cst</strong></span> <span class='ocrx_word' id='word_1_542' title='bbox 1904 4263 2088 4357; x_wconf 88' lang='lat' dir='ltr'><strong>aliquanto</strong></span> 
     </span>
     <span class='ocr_line' id='line_1_41' title="bbox 54 4368 2084 4472; baseline -0.004 -30"><span class='ocrx_word' id='word_1_543' title='bbox 54 4374 530 4464; x_wconf 61' lang='lat' dir='ltr'><strong>mariambulum,</strong></span> <span class='ocrx_word' id='word_1_544' title='bbox 557 4404 631 4449; x_wconf 92' lang='lat' dir='ltr'><strong>non</strong></span> <span class='ocrx_word' id='word_1_545' title='bbox 652 4383 766 4453; x_wconf 91' lang='lat' dir='ltr'><strong>solum</strong></span> <span class='ocrx_word' id='word_1_546' title='bbox 791 4383 927 4452; x_wconf 86' lang='lat' dir='ltr'><strong>reditus</strong></span> <span class='ocrx_word' id='word_1_547' title='bbox 948 4393 1048 4451; x_wconf 91' lang='lat' dir='ltr'><strong>erant</strong></span> <span class='ocrx_word' id='word_1_548' title='bbox 1100 4391 1179 4472; x_wconf 91' lang='lat' dir='ltr'><strong>post</strong></span> <span class='ocrx_word' id='word_1_549' title='bbox 1210 4372 1297 4445; x_wconf 93' lang='lat' dir='ltr'><strong>haec</strong></span> <span class='ocrx_word' id='word_1_550' title='bbox 1328 4376 1451 4457; x_wconf 90' lang='lat' dir='ltr'><strong>initia,</strong></span> <span class='ocrx_word' id='word_1_551' title='bbox 1492 4387 1632 4463; x_wconf 90' lang='lat' dir='ltr'><strong>tempus</strong></span> <span class='ocrx_word' id='word_1_552' title='bbox 1653 4368 1852 4460; x_wconf 86' lang='lat' dir='ltr'><strong>Augustani</strong></span> <span class='ocrx_word' id='word_1_553' title='bbox 1876 4382 2084 4450; x_wconf 87' lang='lat' dir='ltr'><strong>conventus,</strong></span> 
     </span>
     <span class='ocr_line' id='line_1_42' title="bbox 55 4469 2087 4574; baseline -0.003 -32"><span class='ocrx_word' id='word_1_554' title='bbox 55 4471 293 4561; x_wconf 62' lang='lat' dir='ltr'><strong>somniares,</strong></span> <span class='ocrx_word' id='word_1_555' title='bbox 307 4476 368 4543; x_wconf 87' lang='lat' dir='ltr'><strong>secl</strong></span> <span class='ocrx_word' id='word_1_556' title='bbox 387 4479 492 4548; x_wconf 89' lang='lat' dir='ltr'><strong>etiam</strong></span> <span class='ocrx_word' id='word_1_557' title='bbox 509 4480 546 4550; x_wconf 93' lang='lat' dir='ltr'><strong>in</strong></span> <span class='ocrx_word' id='word_1_558' title='bbox 564 4483 686 4555; x_wconf 87' lang='lat' dir='ltr'><strong>multis</strong></span> <span class='ocrx_word' id='word_1_559' title='bbox 701 4486 896 4556; x_wconf 86' lang='lat' dir='ltr'><strong>reverentia</strong></span> <span class='ocrx_word' id='word_1_560' title='bbox 914 4487 1048 4572; x_wconf 86' lang='lat' dir='ltr'><strong>legum,</strong></span> <span class='ocrx_word' id='word_1_561' title='bbox 1099 4481 1163 4574; x_wconf 92' lang='lat' dir='ltr'><strong>qui</strong></span> <span class='ocrx_word' id='word_1_562' title='bbox 1185 4479 1254 4549; x_wconf 85' lang='lat' dir='ltr'><strong>luit</strong></span> <span class='ocrx_word' id='word_1_563' title='bbox 1273 4501 1369 4547; x_wconf 91' lang='lat' dir='ltr'><strong>anuo</strong></span> <span class='ocrx_word' id='word_1_564' title='bbox 1394 4474 1605 4558; x_wconf 85' lang='lat' dir='ltr'><strong>millesimo,</strong></span> <span class='ocrx_word' id='word_1_565' title='bbox 1639 4469 1948 4567; x_wconf 88' lang='lat' dir='ltr'><strong>quingentesimo,</strong></span> <span class='ocrx_word' id='word_1_566' title='bbox 1979 4470 2087 4540; x_wconf 90' lang='lat' dir='ltr'><strong>trice·</strong></span> 
     </span>
     <span class='ocr_line' id='line_1_43' title="bbox 55 4568 2090 4674; baseline -0.002 -33"><span class='ocrx_word' id='word_1_567' title='bbox 55 4568 295 4661; x_wconf 84' lang='lat' dir='ltr'><strong>iudiciorum,</strong></span> <span class='ocrx_word' id='word_1_568' title='bbox 321 4590 356 4647; x_wconf 90' lang='lat' dir='ltr'><strong>et</strong></span> <span class='ocrx_word' id='word_1_569' title='bbox 368 4579 578 4673; x_wconf 90' lang='lat' dir='ltr'><strong>disciplinae</strong></span> <span class='ocrx_word' id='word_1_570' title='bbox 592 4586 798 4658; x_wconf 89' lang='lat' dir='ltr'><strong>labefactata</strong></span> <span class='ocrx_word' id='word_1_571' title='bbox 813 4600 900 4656; x_wconf 87' lang='lat' dir='ltr'><strong>erat.</strong></span> <span class='ocrx_word' id='word_1_572' title='bbox 952 4584 1047 4674; x_wconf 80' lang='lat' dir='ltr'><strong>Quia</strong></span> <span class='ocrx_word' id='word_1_573' title='bbox 1097 4585 1207 4666; x_wconf 92' lang='lat' dir='ltr'><strong>simo,</strong></span> <span class='ocrx_word' id='word_1_574' title='bbox 1232 4581 1271 4649; x_wconf 93' lang='lat' dir='ltr'><strong>in</strong></span> <span class='ocrx_word' id='word_1_575' title='bbox 1292 4605 1363 4674; x_wconf 92' lang='lat' dir='ltr'><strong>quo</strong></span> <span class='ocrx_word' id='word_1_576' title='bbox 1389 4601 1469 4647; x_wconf 86' lang='lat' dir='ltr'><strong>curn</strong></span> <span class='ocrx_word' id='word_1_577' title='bbox 1484 4574 1634 4647; x_wconf 87' lang='lat' dir='ltr'><strong>Carolus</strong></span> <span class='ocrx_word' id='word_1_578' title='bbox 1657 4574 1852 4666; x_wconf 85' lang='lat' dir='ltr'><strong>lmperator</strong></span> <span class='ocrx_word' id='word_1_579' title='bbox 1866 4570 1955 4639; x_wconf 90' lang='lat' dir='ltr'><strong>scire</strong></span> <span class='ocrx_word' id='word_1_580' title='bbox 1972 4570 2090 4653; x_wconf 89' lang='lat' dir='ltr'><strong>vellet,</strong></span> 
     </span>
     <span class='ocr_line' id='line_1_44' title="bbox 56 4666 2089 4785; baseline -0.004 -40"><span class='ocrx_word' id='word_1_581' title='bbox 56 4694 137 4745; x_wconf 78' lang='lat' dir='ltr'><strong>vesu</strong></span> <span class='ocrx_word' id='word_1_582' title='bbox 151 4672 240 4747; x_wconf 81' lang='lat' dir='ltr'><strong>Dux</strong></span> <span class='ocrx_word' id='word_1_583' title='bbox 257 4672 431 4751; x_wconf 82' lang='lat' dir='ltr'><strong>Ernestus</strong></span> <span class='ocrx_word' id='word_1_584' title='bbox 452 4676 559 4756; x_wconf 84' lang='lat' dir='ltr'><strong>norat</strong></span> <span class='ocrx_word' id='word_1_585' title='bbox 590 4682 685 4758; x_wconf 93' lang='lat' dir='ltr'><strong>hunc</strong></span> <span class='ocrx_word' id='word_1_586' title='bbox 699 4690 883 4785; x_wconf 67' lang='lat' dir='ltr'><strong>opdinem,</strong></span> <span class='ocrx_word' id='word_1_587' title='bbox 908 4700 947 4757; x_wconf 90' lang='lat' dir='ltr'><strong>ut</strong></span> <span class='ocrx_word' id='word_1_588' title='bbox 961 4687 1046 4756; x_wconf 88' lang='lat' dir='ltr'><strong>certi</strong></span> <span class='ocrx_word' id='word_1_589' title='bbox 1097 4686 1280 4778; x_wconf 91' lang='lat' dir='ltr'><strong>quodnam</strong></span> <span class='ocrx_word' id='word_1_590' title='bbox 1304 4706 1379 4751; x_wconf 89' lang='lat' dir='ltr'><strong>esse</strong></span> <span class='ocrx_word' id='word_1_591' title='bbox 1404 4690 1518 4750; x_wconf 90' lang='lat' dir='ltr'><strong>totum</strong></span> <span class='ocrx_word' id='word_1_592' title='bbox 1542 4678 1727 4749; x_wconf 89' lang='lat' dir='ltr'><strong>doctrinae</strong></span> <span class='ocrx_word' id='word_1_593' title='bbox 1751 4694 1879 4760; x_wconf 91' lang='lat' dir='ltr'><strong>corpus</strong></span> <span class='ocrx_word' id='word_1_594' title='bbox 1900 4671 1938 4738; x_wconf 87' lang='lat' dir='ltr'><strong>in</strong></span> <span class='ocrx_word' id='word_1_595' title='bbox 1962 4666 2089 4739; x_wconf 89' lang='lat' dir='ltr'><strong>Eccle-</strong></span> 
     </span>
     <span class='ocr_line' id='line_1_45' title="bbox 10 4772 2089 4880; baseline -0.007 -29"><span class='ocrx_word' id='word_1_596' title='bbox 10 4862 12 4869; x_wconf 29' lang='grc' dir='ltr'>Ι</span> <span class='ocrx_word' id='word_1_597' title='bbox 57 4772 128 4849; x_wconf 74' lang='lat' dir='ltr'><strong>tint</strong></span> <span class='ocrx_word' id='word_1_598' title='bbox 147 4779 425 4868; x_wconf 81' lang='lat' dir='ltr'><strong>gubernatores,</strong></span> <span class='ocrx_word' id='word_1_599' title='bbox 450 4782 518 4855; x_wconf 89' lang='lat' dir='ltr'><strong>Dei</strong></span> <span class='ocrx_word' id='word_1_600' title='bbox 541 4813 630 4880; x_wconf 94' lang='lat' dir='ltr'><strong>opus</strong></span> <span class='ocrx_word' id='word_1_601' title='bbox 649 4814 740 4872; x_wconf 90' lang='lat' dir='ltr'><strong>esse,</strong></span> <span class='ocrx_word' id='word_1_602' title='bbox 766 4803 801 4860; x_wconf 90' lang='lat' dir='ltr'><strong>ct</strong></span> <span class='ocrx_word' id='word_1_603' title='bbox 817 4813 853 4858; x_wconf 89' lang='lat' dir='ltr'><strong>se</strong></span> <span class='ocrx_word' id='word_1_604' title='bbox 869 4789 968 4858; x_wconf 88' lang='lat' dir='ltr'><strong>nulla</strong></span> <span class='ocrx_word' id='word_1_605' title='bbox 984 4813 1046 4857; x_wconf 88' lang='lat' dir='ltr'><strong>cu·</strong></span> <span class='ocrx_word' id='word_1_606' title='bbox 1097 4789 1160 4857; x_wconf 91' lang='lat' dir='ltr'><strong>siis</strong></span> <span class='ocrx_word' id='word_1_607' title='bbox 1182 4785 1334 4868; x_wconf 89' lang='lat' dir='ltr'><strong>nostris,</strong></span> <span class='ocrx_word' id='word_1_608' title='bbox 1367 4796 1407 4853; x_wconf 93' lang='lat' dir='ltr'><strong>ut</strong></span> <span class='ocrx_word' id='word_1_609' title='bbox 1428 4781 1559 4875; x_wconf 90' lang='lat' dir='ltr'><strong>quibus</strong></span> <span class='ocrx_word' id='word_1_610' title='bbox 1579 4780 1623 4849; x_wconf 92' lang='lat' dir='ltr'><strong>de</strong></span> <span class='ocrx_word' id='word_1_611' title='bbox 1652 4780 1757 4847; x_wconf 90' lang='lat' dir='ltr'><strong>rebus</strong></span> <span class='ocrx_word' id='word_1_612' title='bbox 1787 4772 1958 4844; x_wconf 88' lang='lat' dir='ltr'><strong>dissensio</strong></span> <span class='ocrx_word' id='word_1_613' title='bbox 1991 4784 2089 4853; x_wconf 87' lang='lat' dir='ltr'><strong>esset,</strong></span> 
     </span>
     <span class='ocr_line' id='line_1_46' title="bbox 57 4870 2089 4985; baseline -0.006 -33"><span class='ocrx_word' id='word_1_614' title='bbox 57 4874 202 4985; x_wconf 64' lang='lat' dir='ltr'><strong>viditate</strong></span> <span class='ocrx_word' id='word_1_615' title='bbox 224 4881 425 4953; x_wconf 87' lang='lat' dir='ltr'><strong>dillicilimo</strong></span> <span class='ocrx_word' id='word_1_616' title='bbox 442 4901 600 4979; x_wconf 92' lang='lat' dir='ltr'><strong>tempore</strong></span> <span class='ocrx_word' id='word_1_617' title='bbox 627 4895 672 4963; x_wconf 87' lang='lat' dir='ltr'><strong>ad</strong></span> <span class='ocrx_word' id='word_1_618' title='bbox 685 4894 874 4983; x_wconf 87' lang='lat' dir='ltr'><strong>regendam</strong></span> <span class='ocrx_word' id='word_1_619' title='bbox 895 4892 1046 4983; x_wconf 89' lang='lat' dir='ltr'><strong>patriam</strong></span> <span class='ocrx_word' id='word_1_620' title='bbox 1097 4889 1351 4970; x_wconf 90' lang='lat' dir='ltr'><strong>consideraret,</strong></span> <span class='ocrx_word' id='word_1_621' title='bbox 1366 4883 1538 4955; x_wconf 82' lang='lat' dir='ltr'><strong>consessio</strong></span> <span class='ocrx_word' id='word_1_622' title='bbox 1555 4880 1737 4952; x_wconf 90' lang='lat' dir='ltr'><strong>doctrinae</strong></span> <span class='ocrx_word' id='word_1_623' title='bbox 1755 4870 1911 4945; x_wconf 80' lang='lat' dir='ltr'><strong>exhibita</strong></span> <span class='ocrx_word' id='word_1_624' title='bbox 1931 4886 1983 4942; x_wconf 88' lang='lat' dir='ltr'><strong>cst</strong></span> <span class='ocrx_word' id='word_1_625' title='bbox 1998 4895 2089 4965; x_wconf 88' lang='lat' dir='ltr'><strong>quae</strong></span> 
     </span>
     <span class='ocr_line' id='line_1_47' title="bbox 59 4974 2089 5086; baseline -0.005 -35"><span class='ocrx_word' id='word_1_626' title='bbox 59 4980 258 5067; x_wconf 68' lang='lat' dir='ltr'><strong>mine,</strong></span> <span class='ocrx_word' id='word_1_627' title='bbox 281 4980 398 5055; x_wconf 89' lang='lat' dir='ltr'><strong>Deum</strong></span> <span class='ocrx_word' id='word_1_628' title='bbox 415 4989 622 5078; x_wconf 80' lang='lat' dir='ltr'><strong>invocabat,</strong></span> <span class='ocrx_word' id='word_1_629' title='bbox 647 5018 687 5064; x_wconf 89' lang='lat' dir='ltr'><strong>ac</strong></span> <span class='ocrx_word' id='word_1_630' title='bbox 700 4997 841 5086; x_wconf 88' lang='lat' dir='ltr'><strong>petebat</strong></span> <span class='ocrx_word' id='word_1_631' title='bbox 857 4995 902 5064; x_wconf 92' lang='lat' dir='ltr'><strong>ab</strong></span> <span class='ocrx_word' id='word_1_632' title='bbox 916 5018 958 5063; x_wconf 90' lang='lat' dir='ltr'><strong>eo</strong></span> <span class='ocrx_word' id='word_1_633' title='bbox 973 4993 1045 5082; x_wconf 89' lang='lat' dir='ltr'><strong>regi</strong></span> <span class='ocrx_word' id='word_1_634' title='bbox 1096 5004 1201 5066; x_wconf 82' lang='lat' dir='ltr'><strong>extat,</strong></span> <span class='ocrx_word' id='word_1_635' title='bbox 1253 4986 1296 5057; x_wconf 92' lang='lat' dir='ltr'><strong>ln</strong></span> <span class='ocrx_word' id='word_1_636' title='bbox 1311 4982 1377 5059; x_wconf 91' lang='lat' dir='ltr'><strong>hac</strong></span> <span class='ocrx_word' id='word_1_637' title='bbox 1401 4984 1621 5057; x_wconf 83' lang='lat' dir='ltr'><strong>confessione</strong></span> <span class='ocrx_word' id='word_1_638' title='bbox 1647 5005 1711 5051; x_wconf 89' lang='lat' dir='ltr'><strong>nec</strong></span> <span class='ocrx_word' id='word_1_639' title='bbox 1730 4977 1826 5061; x_wconf 88' lang='lat' dir='ltr'><strong>odia,</strong></span> <span class='ocrx_word' id='word_1_640' title='bbox 1851 4998 1915 5044; x_wconf 92' lang='lat' dir='ltr'><strong>nec</strong></span> <span class='ocrx_word' id='word_1_641' title='bbox 1933 4974 2089 5067; x_wconf 90' lang='lat' dir='ltr'><strong>pericula</strong></span> 
     </span>
     <span class='ocr_line' id='line_1_48' title="bbox 63 5075 2090 5183; baseline -0.005 -32"><span class='ocrx_word' id='word_1_642' title='bbox 63 5092 93 5151; x_wconf 84' lang='lat' dir='ltr'><strong>et</strong></span> <span class='ocrx_word' id='word_1_643' title='bbox 109 5080 230 5155; x_wconf 72' lang='lat' dir='ltr'><strong>iuvari</strong></span> <span class='ocrx_word' id='word_1_644' title='bbox 252 5108 377 5157; x_wconf 90' lang='lat' dir='ltr'><strong>omnes</strong></span> <span class='ocrx_word' id='word_1_645' title='bbox 400 5091 683 5169; x_wconf 87' lang='lat' dir='ltr'><strong>deliberationes.</strong></span> <span class='ocrx_word' id='word_1_646' title='bbox 735 5095 789 5168; x_wconf 90' lang='lat' dir='ltr'><strong>Ac</strong></span> <span class='ocrx_word' id='word_1_647' title='bbox 815 5119 869 5166; x_wconf 93' lang='lat' dir='ltr'><strong>res</strong></span> <span class='ocrx_word' id='word_1_648' title='bbox 891 5097 1047 5169; x_wconf 88' lang='lat' dir='ltr'><strong>ostendit</strong></span> <span class='ocrx_word' id='word_1_649' title='bbox 1095 5091 1243 5183; x_wconf 83' lang='lat' dir='ltr'><strong>defugit,</strong></span> <span class='ocrx_word' id='word_1_650' title='bbox 1268 5090 1330 5161; x_wconf 89' lang='lat' dir='ltr'><strong>sed</strong></span> <span class='ocrx_word' id='word_1_651' title='bbox 1346 5101 1550 5160; x_wconf 89' lang='lat' dir='ltr'><strong>constanter</strong></span> <span class='ocrx_word' id='word_1_652' title='bbox 1565 5097 1599 5155; x_wconf 90' lang='lat' dir='ltr'><strong>ct</strong></span> <span class='ocrx_word' id='word_1_653' title='bbox 1615 5082 1773 5153; x_wconf 86' lang='lat' dir='ltr'><strong>nominis</strong></span> <span class='ocrx_word' id='word_1_654' title='bbox 1789 5078 1842 5149; x_wconf 88' lang='lat' dir='ltr'><strong>sui</strong></span> <span class='ocrx_word' id='word_1_655' title='bbox 1856 5075 2090 5167; x_wconf 89' lang='lat' dir='ltr'><strong>subscriptio-</strong></span> 
     </span>
     <span class='ocr_line' id='line_1_49' title="bbox 33 5176 2091 5313; baseline -0.002 -62"><span class='ocrx_word' id='word_1_656' title='bbox 33 5178 219 5257; x_wconf 70' lang='lat' dir='ltr'><strong>&#39;tibrum</strong></span> <span class='ocrx_word' id='word_1_657' title='bbox 232 5188 398 5259; x_wconf 77' lang='lat' dir='ltr'><strong>adfuisse.</strong></span> <span class='ocrx_word' id='word_1_658' title='bbox 450 5190 1047 5313; x_wconf 49' lang='lat' dir='ltr'><strong>Initioenimconsilioruffsocios</strong></span> <span class='ocrx_word' id='word_1_659' title='bbox 1095 5220 1141 5266; x_wconf 90' lang='lat' dir='ltr'><strong>ne</strong></span> <span class='ocrx_word' id='word_1_660' title='bbox 1163 5193 1320 5264; x_wconf 88' lang='lat' dir='ltr'><strong>ostendit</strong></span> <span class='ocrx_word' id='word_1_661' title='bbox 1349 5214 1387 5261; x_wconf 91' lang='lat' dir='ltr'><strong>se</strong></span> <span class='ocrx_word' id='word_1_662' title='bbox 1415 5192 1454 5260; x_wconf 92' lang='lat' dir='ltr'><strong>id</strong></span> <span class='ocrx_word' id='word_1_663' title='bbox 1484 5186 1668 5259; x_wconf 86' lang='lat' dir='ltr'><strong>doctrinae</strong></span> <span class='ocrx_word' id='word_1_664' title='bbox 1697 5204 1808 5274; x_wconf 90' lang='lat' dir='ltr'><strong>genus</strong></span> <span class='ocrx_word' id='word_1_665' title='bbox 1837 5176 2020 5268; x_wconf 77' lang='lat' dir='ltr'><strong>amplecti,</strong></span> <span class='ocrx_word' id='word_1_666' title='bbox 2054 5190 2091 5246; x_wconf 89' lang='lat' dir='ltr'><strong>et</strong></span> 
     </span>
     <span class='ocr_line' id='line_1_50' title="bbox 65 5275 2091 5393; baseline -0.004 -42"><span class='ocrx_word' id='word_1_667' title='bbox 65 5282 141 5357; x_wconf 76' lang='lat' dir='ltr'><strong>rates</strong></span> <span class='ocrx_word' id='word_1_668' title='bbox 156 5288 255 5358; x_wconf 82' lang='lat' dir='ltr'><strong>viros</strong></span> <span class='ocrx_word' id='word_1_669' title='bbox 270 5290 303 5359; x_wconf 90' lang='lat' dir='ltr'><strong>ei</strong></span> <span class='ocrx_word' id='word_1_670' title='bbox 316 5293 497 5376; x_wconf 83' lang='lat' dir='ltr'><strong>adiunxit,</strong></span> <span class='ocrx_word' id='word_1_671' title='bbox 525 5299 635 5391; x_wconf 90' lang='lat' dir='ltr'><strong>quiet</strong></span> <span class='ocrx_word' id='word_1_672' title='bbox 656 5302 827 5393; x_wconf 89' lang='lat' dir='ltr'><strong>sapientia</strong></span> <span class='ocrx_word' id='word_1_673' title='bbox 851 5313 886 5372; x_wconf 87' lang='lat' dir='ltr'><strong>ct</strong></span> <span class='ocrx_word' id='word_1_674' title='bbox 907 5300 1044 5371; x_wconf 89' lang='lat' dir='ltr'><strong>autori·</strong></span> <span class='ocrx_word' id='word_1_675' title='bbox 1094 5319 1272 5390; x_wconf 89' lang='lat' dir='ltr'><strong>nusquam</strong></span> <span class='ocrx_word' id='word_1_676' title='bbox 1287 5294 1436 5387; x_wconf 84' lang='lat' dir='ltr'><strong>optimo</strong></span> <span class='ocrx_word' id='word_1_677' title='bbox 1460 5289 1622 5380; x_wconf 91' lang='lat' dir='ltr'><strong>Principi</strong></span> <span class='ocrx_word' id='word_1_678' title='bbox 1644 5284 1736 5357; x_wconf 89' lang='lat' dir='ltr'><strong>Duci</strong></span> <span class='ocrx_word' id='word_1_679' title='bbox 1760 5276 1913 5352; x_wconf 90' lang='lat' dir='ltr'><strong>lobanni</strong></span> <span class='ocrx_word' id='word_1_680' title='bbox 1931 5275 2091 5349; x_wconf 90' lang='lat' dir='ltr'><strong>Electori</strong></span> 
     </span>
    </p>
   </div>
   <div class='ocr_carea' id='block_1_3' title="bbox 10 5376 2090 5495">
    <p class='ocr_par' dir='ltr' id='par_1_3' title="bbox 10 5376 2090 5495">
     <span class='ocr_line' id='line_1_51' title="bbox 10 5376 2090 5495; baseline -0.009 -30"><span class='ocrx_word' id='word_1_681' title='bbox 10 5428 28 5469; x_wconf 70' lang='lat' dir='ltr'><strong>e</strong></span> <span class='ocrx_word' id='word_1_682' title='bbox 67 5392 126 5457; x_wconf 67' lang='grc' dir='ltr'><strong>Νι</strong></span> <span class='ocrx_word' id='word_1_683' title='bbox 149 5390 411 5467; x_wconf 74' lang='lat' dir='ltr'><strong>antecellebaut</strong></span> <span class='ocrx_word' id='word_1_684' title='bbox 433 5394 629 5473; x_wconf 86' lang='lat' dir='ltr'><strong>Ascanium</strong></span> <span class='ocrx_word' id='word_1_685' title='bbox 655 5401 839 5475; x_wconf 88' lang='lat' dir='ltr'><strong>Cramium</strong></span> <span class='ocrx_word' id='word_1_686' title='bbox 871 5401 1046 5495; x_wconf 88' lang='lat' dir='ltr'><strong>peritissi-</strong></span> <span class='ocrx_word' id='word_1_687' title='bbox 1094 5399 1228 5486; x_wconf 88' lang='lat' dir='ltr'><strong>defuit,</strong></span> <span class='ocrx_word' id='word_1_688' title='bbox 1254 5420 1327 5492; x_wconf 91' lang='lat' dir='ltr'><strong>quo</strong></span> <span class='ocrx_word' id='word_1_689' title='bbox 1350 5409 1508 5488; x_wconf 90' lang='lat' dir='ltr'><strong>tempore</strong></span> <span class='ocrx_word' id='word_1_690' title='bbox 1531 5391 1663 5463; x_wconf 83' lang='lat' dir='ltr'><strong>sciurus</strong></span> <span class='ocrx_word' id='word_1_691' title='bbox 1682 5401 1717 5460; x_wconf 89' lang='lat' dir='ltr'><strong>et</strong></span> <span class='ocrx_word' id='word_1_692' title='bbox 1729 5382 1913 5475; x_wconf 87' lang='lat' dir='ltr'><strong>Principes</strong></span> <span class='ocrx_word' id='word_1_693' title='bbox 1930 5381 2027 5476; x_wconf 88' lang='lat' dir='ltr'><strong>ipsos</strong></span> <span class='ocrx_word' id='word_1_694' title='bbox 2049 5376 2090 5447; x_wconf 89' lang='lat' dir='ltr'><strong>in</strong></span> 
     </span>
    </p>
   </div>
   <div class='ocr_carea' id='block_1_4' title="bbox 0 0 2344 6037">
    <p class='ocr_par' dir='ltr' id='par_1_4' title="bbox 0 0 2344 6037">
     <span class='ocr_line' id='line_1_52' title="bbox 0 0 2344 6037; baseline 0 0"><span class='ocrx_word' id='word_1_695' title='bbox 0 0 2344 6037; x_wconf 95' lang='lat' dir='ltr'><strong> </strong></span> 
     </span>
    </p>
   </div>
  </div>
 </body>
</html>
