4680 6038
171 216 251 301 666

169 405 207 463 et
222 390 312 462 alios
327 392 373 462 ad
389 386 557 464 timorem
573 385 661 478 Dei,
686 391 732 463 ad
745 384 851 463 fidem
867 407 902 466 et
915 392 1166 488 celebrandum

170 494 290 568 Deum
306 494 448 566 invitas.

276 597 339 670 26.
379 595 516 687 Quinta
538 590 832 669 commonefactio
855 611 923 670 est:
970 597 1024 670 Ne
1051 593 1166 669 honos

170 694 250 771 Deo
272 699 417 791 proprie
439 702 655 772 conveniens
679 699 859 772 tribuatur
877 700 944 771 ulli
965 701 1036 784 rei,
1076 723 1166 795 qnae

171 824 249 873 non
264 798 439 884 estDeus,
462 804 559 875 iuxta
573 804 682 874 illud:
706 800 790 873 Non
805 798 953 874 habebis
967 800 1063 874 Deos
1078 803 1167 873 alie-

169 926 249 976 nos.
301 901 410 976 Item:
429 902 753 977 DominumDeum
766 919 868 978 tuum
885 905 1060 990 adorabis,
1084 904 1166 978 etei

169 1007 240 1076 soli
268 1007 407 1080 servies.
476 1006 623 1081 Tribuit
648 1020 767 1079 autem
799 1008 978 1081 invocatio
1009 1007 1164 1080 absentis

168 1109 468 1202 omnipotentiam
481 1109 545 1196 iis,
570 1113 632 1205 qui
647 1112 871 1185 invocantur.

276 1210 399 1300 Quare
415 1208 580 1283 homines
594 1213 728 1285 mortui
750 1234 976 1308 nequaquam
998 1224 1082 1284 sunt
1105 1211 1164 1280 in-

171 1315 339 1387 vocandi.

275 1415 338 1492 27.
372 1416 527 1489 Memini
548 1416 802 1493 Reverendum
824 1414 870 1489 D.
889 1411 1088 1489 Lutherum
1107 1417 1165 1486 di-

172 1540 267 1590 cere:
295 1519 335 1590 si
357 1522 457 1593 nulla
482 1522 552 1594 alia
575 1546 679 1595 causa
700 1534 790 1594 esset
811 1520 998 1591 execrandi
1020 1521 1162 1590 invoca·

170 1620 307 1692 tionem
322 1636 565 1712 mortuorum,
592 1622 685 1697 hanc
704 1648 813 1697 unam
835 1623 920 1694 satis
944 1646 1107 1714 magnam
1131 1634 1165 1693 et

171 1746 315 1814 gravem
329 1749 472 1798 causam
487 1751 581 1816 esse,
607 1752 670 1799 cur
683 1729 763 1820 piae
773 1739 913 1797 mentes
928 1726 1033 1796 valde
1048 1725 1165 1795 odisse

176 1839 213 1896 et
235 1826 401 1898 detestari
424 1853 504 1899 eum
528 1832 639 1902 ritum
655 1832 825 1914 debeant,
851 1829 947 1922 quod
963 1827 1165 1898 obscuravit

173 1944 421 2019 argumentum
452 1933 497 2000 de
521 1931 675 2021 Messias
698 1933 887 2003 divinitate
911 1952 1012 2021 saepe
1034 1929 1166 2020 ropeti-

173 2042 251 2100 tum
275 2032 313 2101 in
339 2027 540 2123 Prophetis.
606 2032 698 2105 Cum
722 2035 847 2104 iubent
867 2031 1036 2100 Messiam
1060 2032 1166 2100 invo-

174 2153 272 2216 care,
315 2134 515 2223 significant
536 2135 818 2227 omnipotentem
841 2146 876 2201 et
902 2146 1029 2203 natura
1049 2129 1165 2204 Deum

168 2253 256 2305 esse.

277 2340 341 2411 28.
375 2335 565 2410 Horrenda
589 2341 718 2410 scelera
741 2350 846 2423 sunt,
869 2337 1062 2430 pugnantia
1086 2360 1166 2407 cum

166 2438 290 2528 primo
306 2454 514 2531 praecepto,
537 2443 669 2531 fingere
686 2440 847 2525 numina,
874 2462 965 2532 quae
980 2462 1055 2509 non
1071 2453 1166 2531 sunt,

168 2539 228 2608 vel
246 2533 375 2610 habere
397 2542 599 2632 epicuraeas
615 2542 817 2635 opiniones,
843 2543 899 2612 vel
914 2541 953 2609 in
969 2564 1054 2610 vero
1070 2541 1164 2613 culta

171 2652 317 2712 externo
333 2641 409 2712 veri
422 2639 508 2730 Dei,
534 2646 635 2716 utin
660 2642 887 2714 invocatione
910 2643 986 2714 veri
1000 2641 1087 2729 Dei,
1109 2667 1167 2714 re-

172 2742 288 2813 tinere
302 2743 559 2820 diffidentiam
584 2744 682 2835 Quid
699 2745 809 2838 petis,
834 2770 915 2816 cum
930 2743 1027 2817 Deus
1041 2758 1075 2815 te
1091 2769 1166 2814 non

170 2844 337 2937 recipiat,
362 2859 396 2917 te
412 2871 486 2917 non
509 2849 699 2920 exaudiat?
722 2848 778 2916 vel
807 2848 940 2939 lingere
962 2848 1078 2919 cultus
1098 2872 1167 2916 no·-

168 2968 255 3033 sos,
279 2948 417 3018 etiarnsi
432 2949 585 3022 intentio
605 2964 675 3036 est,
698 2949 790 3019 velle
810 2974 891 3020 vere
903 2946 980 3020 Deo
997 2951 1084 3022 tales
1098 2945 1167 3020 ho-

131 3092 142 3119 .
170 3071 279 3120 nores
296 3049 464 3123 tribuere.
515 3048 564 3124 Et
581 3053 696 3123 maior
719 3052 880 3143 impietas
902 3067 970 3132 est,
999 3076 1078 3122 curn
1102 3054 1167 3121 ad-

171 3152 274 3223 ditur
292 3154 474 3244 persuasio
498 3155 543 3225 de
565 3156 695 3227 merito
717 3166 779 3223 aut
801 3153 1019 3244 placatione,
1049 3168 1089 3223 ut
1105 3153 1167 3223 lu-

169 3253 253 3323 daei
287 3256 518 3326 cumulabant
550 3254 738 3336 sacrificia,
786 3256 988 3325 condebant
1019 3255 1166 3328 excelsa·

169 3354 234 3428 Sic
255 3369 336 3427 vota
360 3354 619 3429 monachorum
641 3357 855 3442 factasunt,
881 3358 939 3426 vel
961 3381 1042 3425 cum
1067 3356 1166 3445 signa

168 3471 363 3530 vertuntur
379 3461 419 3529 in
432 3457 545 3548 Deos,
570 3473 611 3530 ut
624 3457 751 3531 Persae
768 3459 885 3548 ignem
910 3457 1073 3530 sacrificii
1097 3460 1168 3528 fin·

171 3562 306 3651 gabant
319 3585 392 3632 csse
407 3562 525 3653 ipsum
543 3560 672 3633 Deum.
854 3638 858 3647 ¹

275 3666 339 3739 29.
373 3661 559 3735 Caeterum
582 3667 728 3755 prodest
742 3662 964 3734 narrationes
980 3686 1060 3730 vere
1079 3661 1167 3730 scri-

818 213 1083 295 PlllLlPPl
1115 208 1569 298 MELANTHONIS.

2128 238 2211 322 666

1218 412 1342 481 eorum
1365 389 1406 463 in
1426 412 1490 462 sua
1514 391 1665 486 quisque
1686 398 1890 485 vocatione,
1927 416 1962 477 et
1986 404 2026 476 in
2047 415 2212 501 regendis

1218 493 1392 569 moribus.
1441 492 1626 565 Laudatur
1647 508 1682 569 et
1703 498 1743 570 in
1766 501 1853 594 ipsis
1874 498 1961 579 haec
1982 532 2086 595 cura,
2111 520 2210 609 quod

1218 618 1294 666 non
1314 597 1476 668 furenter
1498 597 1701 672 effuderunt
1724 604 1818 675 dona
1840 601 1929 694 Dei,
1966 614 2027 682 sed
2049 611 2126 685 Deo
2148 641 2209 691 eos

1218 697 1432 788 gubernanti
1450 701 1589 770 adsensi
1603 716 1705 790 sunt,
1725 718 1760 777 et
1781 721 1951 802 tanquam
1975 715 2209 811 obsequentes

1218 802 1369 892 remiges
1384 802 1506 873 labore
1521 825 1585 873 suo
1596 828 1781 893 cursuma
1796 806 1873 882 Deo
1897 811 2084 890 incitatum
2106 822 2208 893 adiu-

1216 918 1357 978 verunt.
1413 905 1494 1001 Θεῷ
1510 897 1614 988 δόξα.

1217 1135 1376 1233 (LXII.)
1408 1142 1520 1213 Alia
1555 1139 1847 1235 disputatio:
1878 1149 1926 1222 de
1951 1156 2139 1250 Ecclesia,
2168 1172 2208 1234 et

1213 1248 1372 1339 propria
1406 1245 1601 1317 Ecclesiae
1636 1243 1832 1338 doctrina,
1873 1256 2125 1349 respondente
2154 1266 2208 1339 M.

1216 1342 1655 1441 lobannedurifcbro
1675 1352 1945 1430 Vectialcvien.
1971 1361 2078 1434 Anno
2095 1362 2205 1440 1550.

1215 1449 1278 1522 die
1307 1447 1368 1525 19.
1393 1454 1495 1522 lusci.
1556 1453 1689 1536 (Prodtit
1717 1461 1761 1522 stc
1791 1464 1951 1548 innupta:
2003 1466 2206 1555 „Disputatio

1215 1556 1354 1643 Magistri
1366 1554 1512 1623 Iohannis
1526 1556 1686 1622 Aurifabri
1700 1558 1942 1631 Vratislariensis
1966 1569 2003 1631 de
2025 1568 2159 1637 Ecclesia
2179 1591 2209 1640 et

1216 1665 1339 1746 proprie
1359 1660 1509 1726 Ecclesiae
1530 1663 1677 1727 doctrina.
1718 1662 1927 1752 Witebergae.
1960 1667 2011 1736 Ex
2032 1675 2110 1740 ollio.
2135 1673 2206 1746 lob.

1471 1763 1569 1833 Lusa
1583 1763 1628 1833 M.
1644 1763 1685 1830 D.
1700 1762 1761 1832 L.’'
1796 1771 1818 1833 2
1833 1776 1880 1855 pl.
1907 1772 1953 1853 8.)

1216 1911 1442 2000 Testimonia
1472 1929 1516 1998 de
1541 1925 1619 1999 Deo
1649 1930 1762 2002 multa
1790 1943 1826 2004 et
1853 1934 2008 2009 illustria
2039 1941 2208 2035 impressa

1218 2046 1302 2104 sunt
1331 2044 1366 2102 et
1394 2026 1584 2102 hominum
1609 2031 1788 2102 mentibus
1812 2047 1847 2106 et
1867 2038 2024 2133 reliquae
2048 2060 2209 2132 naturae,

1218 2156 1310 2228 quae
1333 2134 1558 2203 considerare
1580 2131 1669 2202 utile
1693 2145 1755 2203 est.
1806 2130 1877 2207 Sed
1901 2162 1968 2209 nos
1989 2141 2027 2211 in
2050 2140 2209 2219 Ecclesia

1220 2236 1415 2326 singulares
1429 2233 1680 2327 patefactiones
1691 2230 1760 2304 Dei
1776 2235 1998 2327 intueamur,
2030 2258 2065 2315 et
2086 2271 2208 2321 causas

1219 2338 1501 2418 consideremus,
1542 2359 1607 2406 cur
1634 2357 1673 2405 se
1695 2332 1794 2410 Deus
1813 2330 1972 2413 humano
1993 2349 2115 2435 generi
2139 2351 2209 2421 cle-

1219 2440 1436 2510 mentissime
1450 2437 1673 2531 patefecerit,
1696 2450 1731 2509 et
1752 2462 1859 2535 quam
1880 2445 2081 2518 doctrinam
2097 2454 2209 2522 tradi-

1218 2541 1327 2628 derit,
1352 2540 1534 2635 quomodo
1547 2534 1742 2610 Ecclesiam
1758 2563 1779 2611 a
1797 2545 1942 2615 caeteris
1963 2549 2128 2637 gentibus
2155 2576 2210 2625 se·

1219 2657 1358 2735 greget,
1387 2656 1422 2713 et
1437 2665 1528 2736 quae
1542 2640 1712 2713 beneficia
1732 2645 1877 2736 propria
1892 2643 2071 2721 Ecclesiae
2088 2654 2207 2730 donet.

1320 2749 1358 2819 2.
1396 2742 1486 2815 Vult
1506 2742 1601 2815 Deus
1623 2765 1660 2812 sc
1686 2745 1849 2834 agnosci,
1882 2750 1961 2821 vult
1983 2767 2109 2824 notum
2137 2780 2210 2828 esse

1218 2848 1352 2934 tilium,
1387 2846 1465 2917 vult
1484 2844 1637 2936 intelligi
1651 2867 1762 2936 genus
1776 2843 1974 2923 humanum
1991 2877 2066 2925 non
2080 2856 2210 2932 frustra

1218 2951 1403 3023 conditum
1420 2971 1511 3035 esse,
1536 2972 1602 3017 nec
1620 2960 1759 3018 tantum
1774 2950 1820 3019 ad
1834 2946 1898 3023 has
1917 2955 2078 3028 miserias
2100 2962 2211 3048 nasci,

1218 3053 1279 3124 sed
1295 3049 1415 3139 colligi
1428 3046 1624 3120 Ecclesiam
1640 3049 1698 3119 cui
1714 3050 1752 3119 in
1770 3051 1871 3124 omni
1887 3058 2092 3130 aeternitate
2114 3087 2212 3132 corn-

1219 3153 1376 3223 municet
1417 3173 1516 3220 suam
1550 3150 1758 3224 bonitatam.
1829 3151 1984 3248 ldeoque
2010 3161 2211 3233 doctrinam

1219 3277 1327 3350 quam
1351 3251 1521 3334 tradidit,
1561 3251 1640 3321 vult
1663 3252 1825 3323 exaudiri
1849 3278 1871 3327 a
1892 3268 1967 3329 toto
1992 3280 2121 3349 genere
2142 3259 2212 3337 hu·

1223 3380 1342 3429 mano.

1323 3461 1358 3532 6.
1416 3454 1564 3548 Semper
1598 3455 1708 3546 igitur
1739 3468 1928 3552 postquam
1965 3466 2095 3558 recepti
2130 3482 2213 3541 sunt

1220 3557 1397 3633 Adamas
1413 3556 1534 3642 Hera,
1553 3557 1643 3642 fuit,
1670 3571 1740 3642 est,
1765 3571 1801 3629 et
1824 3561 1893 3633 erit
1914 3563 2035 3659 aliqua
2058 3567 2211 3640 visibilis

1220 3660 1397 3747 Ecclesia't
1428 3660 1595 3731 distincta
1615 3682 1635 3729 a
1659 3660 1796 3754 reliqua
1820 3662 2051 3737 multitudine
2074 3672 2213 3761 generis

172 3780 252 3857 ptas
273 3768 318 3835 de
340 3768 489 3851 sanctis,
526 3767 728 3860 etquidem
761 3766 966 3838 continuam
990 3760 1168 3833 Ecclesiae
1220 3760 1390 3847 humant,
1429 3784 1516 3833 voce
1537 3758 1726 3850 Evangelii
1747 3776 1783 3833 et
1806 3761 2061 3852 Sacramentis,
2098 3775 2213 3845 conti-

170 3864 360 3939 ltistoriam
376 3869 546 3939 omnibus
561 3885 682 3940 notam
701 3891 793 3952 esse,
820 3882 854 3937 et
873 3891 976 3959 saepe
994 3866 1168 3934 multum·
1221 3890 1310 3936 nens
1324 3880 1461 3936 coetum
1478 3876 1570 3935 recte
1587 3863 1797 3935 sentientem
1811 3878 1845 3935 et
1860 3882 1952 3939 recte
1976 3871 2212 3956 invocantem,

170 3995 244 4065 que
260 3971 418 4063 cogitari.
470 3970 632 4042 Primum
649 3984 689 4041 ut
707 3971 903 4050 discamus,
931 3969 1110 4062 quomodo
1128 3991 1164 4036 se
1221 3969 1309 4038 alias
1322 3967 1512 4051 maiorem,
1535 3964 1622 4034 alias
1636 3965 1826 4036 minorem.
1878 3964 1979 4040 Sicut
1997 3970 2035 4039 in
2052 3976 2212 4066 symbolo

169 4068 270 4145 Deos
285 4073 499 4165 patefecerit,
521 4086 556 4144 et
573 4096 636 4164 per
650 4094 740 4165 quos
755 4071 942 4142 tradiderit
955 4069 1169 4155 doctrinam,
1222 4070 1438 4140 affirmamus
1460 4090 1527 4137 nos
1550 4067 1714 4152 credere,
1741 4088 1814 4136 esse
1839 4081 1996 4141 sanctam
2018 4067 2233 4169 Ecclesiam·

170 4189 210 4271 et
227 4198 319 4271 quae
335 4174 514 4262 doctrina,
541 4200 611 4270 quo
630 4174 776 4258 ordine,
802 4174 933 4266 quibus
955 4170 1170 4244 testimoniis
1222 4168 1446 4244 catholicam.
1828 4187 1831 4193 ’
2047 4186 2052 4195 ·

169 4278 305 4351 tradita
320 4277 378 4349 sit.
419 4273 560 4348 Deinde
583 4289 623 4347 ut
646 4274 777 4367 gratias
792 4297 936 4366 agamus
951 4273 1047 4359 Deo,
1072 4274 1170 4366 quod
1323 4270 1359 4343 4.
1392 4270 1465 4341 Nec
1481 4270 1709 4361 cogitandum
1724 4284 1787 4358 est,
1799 4266 1995 4344 Ecclesiam
2009 4296 2082 4347 esse
2096 4277 2214 4348 ideam

168 4402 210 4451 se
244 4379 428 4475 patefecit,
464 4382 560 4473 quod
592 4389 764 4473 perpetuo
795 4377 931 4468 colligit
961 4372 1171 4463 Ecclesiam,
1222 4375 1462 4460 Platonicam,
1488 4373 1527 4442 id
1549 4387 1619 4458 est,
1645 4385 1805 4457 coetum,
1832 4374 1897 4468 qui
1913 4397 2088 4470 nusquam
2105 4381 2217 4462 cerni,

171 4483 275 4578 quod
317 4481 481 4553 excitavit
515 4482 678 4553 doctores
714 4495 748 4550 ct
781 4482 944 4551 custodes
976 4477 1171 4565 doctrinae,
1223 4491 1258 4550 et
1276 4500 1453 4570 nusquam
1475 4473 1595 4546 audiri
1621 4475 1744 4566 possit.
1808 4472 2038 4570 Conspicitur
2056 4480 2157 4550 enim
2183 4496 2218 4565 et

172 4586 275 4681 quod
297 4604 397 4654 suam
421 4584 654 4675 praesentiam
675 4581 714 4650 in
736 4576 895 4651 Ecclesia
921 4580 1078 4654 ostendit
1100 4580 1167 4649 mi·
1224 4580 1341 4652 audiri
1363 4577 1600 4648 ministerium
1615 4589 1772 4671 oportet,
1797 4590 1834 4651 et
1847 4578 2006 4649 exaudiri
2023 4581 2218 4654 confessio*
2279 4646 2286 4657 .

173 4687 300 4758 randis
314 4684 607 4773 liberationibus,
631 4684 729 4779 quod
746 4682 1040 4776 pulcerrimarum
1056 4682 1171 4753 virtu·
1223 4704 1325 4768 nem,
1349 4682 1440 4751 sicut
1453 4677 1481 4774 ¹)
1496 4679 1666 4771 scriptum
1682 4690 1753 4750 est:
1777 4675 1823 4750 ln
1838 4702 1980 4751 omnem
1997 4684 2128 4753 terram
2142 4683 2218 4755 exi-

173 4806 254 4863 tum
282 4788 442 4879 exempla
473 4787 513 4856 in
541 4787 670 4858 sanctis
700 4786 898 4881 proposuit.
964 4782 1171 4854 Videndum
1225 4784 1276 4854 vit
1292 4806 1400 4853 sonus
1419 4804 1555 4857 eorum.
2101 4816 2114 4873 ,-

175 4892 286 4966 etiam
309 4889 397 4987 quid
423 4888 574 4985 quisque
594 4888 774 4975 docuerit,
814 4888 995 4983 quomodo
1023 4886 1173 4958 invoca·
1328 4880 1363 4954 5.
1395 4878 1443 4954 Et
1464 4906 1604 4975 semper
1624 4883 1722 4956 Dens
1747 4883 1942 4975 segregavit
1955 4878 2149 4957 Ecclesiam
2172 4890 2218 4959 ab
2253 4922 2258 4929 x

174 4996 278 5067 tione
298 5015 361 5065 sua
386 5004 421 5061 et
443 4988 663 5063 confessione
684 4994 750 5061 nos
774 4992 970 5063 confirmet.
1020 4985 1092 5059 Pro
1115 4981 1174 5058 his
1226 4986 1307 5058 aliis
1327 4980 1536 5056 bominibus
1560 4986 1723 5056 doctrina
1747 4984 1791 5055 de
1814 4986 1964 5058 essentia
1980 4983 2068 5075 Dei,
2093 4991 2138 5058 de
2161 5010 2219 5083 ref

176 5098 284 5168 donis
305 5092 383 5168 Deo
408 5095 565 5184 agendae
588 5108 674 5166 sunt
692 5093 842 5185 gratiae,
879 5105 916 5163 et
936 5091 1174 5186 petenduma
1226 5088 1407 5178 demtione
1433 5088 1571 5177 generis
1596 5083 1764 5172 humani,
1805 5098 1842 5156 et
1871 5110 1954 5158 vera
1982 5088 2220 5162 invocationes

175 5195 277 5285 Deo,
301 5210 342 5269 ut
356 5219 422 5268 nos
436 5218 579 5290 quoque
591 5195 641 5265 sic
662 5207 761 5284 regat
781 5207 817 5268 et
838 5194 953 5281 iuvet,
984 5206 1021 5264 et
1042 5194 1174 5263 confir-
1227 5188 1318 5263 ltem
1333 5188 1573 5262 sacramentis
1588 5186 1870 5279 significantibus
1885 5189 2066 5261 decretum
2080 5192 2220 5273 redem-

175 5313 326 5373 mentur
340 5300 380 5370 in
395 5298 500 5370 nobis
513 5296 637 5386 fides,
660 5295 769 5388 Spes,
792 5297 999 5381 tolerantia,
1025 5295 1174 5366 illorum
1321 5306 1324 5312 ·
1939 5348 1943 5355 .

178 5403 345 5476 deonna
369 5416 406 5474 et
433 5398 614 5496 exemplis.
679 5396 867 5473 Imitemur
892 5410 929 5473 et
952 5396 1175 5491 diligentiam
1263 5422 1289 5491 ι)
1308 5421 1391 5482 reue
1404 5416 1506 5479 ,suu
1522 5414 1741 5568 mmm
1760 5412 1827 5489 sa,
1842 5406 1984 5476 nasute
