4680 6038
37 195 42 202 ·
150 187 235 268 sss.
891 173 1409 277 u1srnrau10uus
2103 180 2176 256 coo

152 356 459 445 iurisdictionem,
484 355 576 428 sicut
596 348 785 454 artificium
806 352 949 424 texendi
972 350 1013 421 in
1027 348 1140 424 Paulo
1294 351 1454 427 Fortuna
1470 364 1505 427 ct
1518 372 1618 425 casus
1632 364 1715 425 sunt
1728 344 1868 425 caussae
1880 347 2176 449 propinquaapcc

150 454 229 541 nou
243 461 425 559 pugnabat
440 482 521 531 cum
537 452 761 549 Apostolatu.
1193 455 1366 529 accidens.
1418 454 1492 527 Nec
1512 468 1563 526 est
1576 455 1810 546 repugnantia
1825 453 1881 549 *),
1906 457 2024 527 eidem
2039 453 2174 527 eventu

251 558 303 637 Et
325 586 405 634 cum
425 560 529 635 faciet
548 552 718 652 Episcopi
740 553 874 650 officia,
900 551 1036 626 scilicet
1059 576 1141 625 cum
1194 560 1351 631 tribuere
1366 580 1504 629 caussas
1520 557 1783 651 providentiam
1800 571 1835 630 ct
1848 558 2046 631 ronanam.

177 669 212 741 ’c
240 664 395 763 docebit¹
410 660 603 758 populum,
636 659 705 731 erit
724 681 807 730 vere
829 670 865 732 ct
884 651 1085 749 Episcopus
1107 667 1142 725 et
1295 659 1400 732 Luna
1414 660 1548 730 vicenis
1562 659 1689 731 diebus
1703 652 1925 755 septenisque
1940 672 1977 731 ct
1992 653 2178 730 tertiadici

184 771 334 862 rinceps.
1193 774 1294 853 parte
1313 761 1449 855 peragit
1470 784 1612 832 cursum
1633 784 1756 847 suum,
1781 774 1953 834 ettamen
1969 754 2178 832 atriccaima

255 867 309 944 Ac
325 863 495 959 Episcopi
519 879 551 937 et
570 858 767 958 presbytcri
789 872 873 931 sunt
887 855 1143 931 usufructuarii
1194 864 1291 950 lucc,
1321 878 1363 936 nt
1387 863 1506 957 inquit
1526 861 1687 950 Plinius,
1712 884 1836 936 cursus
1856 864 1903 934 ad
1927 862 2075 934 midan
2094 858 2177 931 vices

152 975 195 1047 in
213 969 292 1059 his,
323 991 413 1065 quae
434 970 480 1039 ab
501 963 660 1038 Ecclesia
679 962 877 1055 accipiunt,
908 986 983 1033 non
1005 972 1143 1033 tantum
1195 965 1277 1040 exit.

151 1074 304 1150 usuarii.
508 1132 511 1137 .
1297 1064 1457 1137 Tametsi
1479 1064 1565 1135 luna
1586 1064 1961 1158 aequaliter-movetur
1976 1065 2020 1136 in
2036 1086 2103 1137 suo
2116 1060 2176 1134 cir·

115 1179 118 1184 '
258 1172 366 1263 Quod
388 1183 502 1242 textus
517 1165 619 1239 dicit:
642 1164 760 1258 Reges
776 1163 935 1257 gentium
951 1163 1144 1234 dominan-
1194 1168 1295 1253 culo,
1319 1181 1436 1240 tamen
1459 1167 1693 1261 inaequaliter
1715 1167 1848 1239 acoitu
1861 1167 2101 1259 conspicitur,
2119 1163 2176 1235 ali·

153 1295 214 1354 tur
234 1298 378 1358 eorum,
402 1295 467 1343 vos
487 1284 605 1342 autem
622 1292 697 1339 non
714 1270 783 1350 sic,
808 1267 893 1337 facit
908 1279 1031 1337 contra
1045 1264 1144 1335 aliud
1196 1271 1340 1365 quando
1362 1270 1459 1339 enim
1481 1268 1673 1339 novissima
1691 1282 1725 1339 et
1743 1269 1857 1362 prima
1874 1271 2001 1339 codem
2018 1268 2099 1353 die,
2118 1265 2178 1337 ali-

78 1426 90 1451 ,
154 1401 266 1473 genus
297 1372 577 1467 Episcoporum,
615 1373 713 1464 quod
745 1383 927 1462 praetextu
956 1363 1145 1457 Evangelii
1196 1373 1340 1466 quando
1374 1373 1507 1454 altero,
1545 1370 1738 1463 aliquando
1777 1394 1861 1440 vero
1892 1369 1999 1441 tertio
2029 1368 2178 1463 primum

154 1480 382 1561 dominatur,
407 1490 442 1547 et
463 1496 574 1544 novas
595 1470 689 1562 leges
709 1470 796 1551 fert,
822 1484 857 1540 et
879 1468 1030 1540 urbibus
1051 1467 1145 1538 eiicil
1196 1494 1330 1565 egressa
1346 1497 1387 1543 cx
1405 1467 1515 1543 radiis
1529 1471 1705 1542 solaribus
1720 1472 1878 1562 conspici
1894 1483 2026 1564 potest.

156 1584 271 1667 cives,
315 1577 379 1671 qui
413 1577 544 1647 nolunt
581 1572 764 1643 doctrinae
796 1594 879 1643 suae
911 1570 1143 1641 subscribere·
1298 1574 1462 1665 Singulis·
1479 1574 1661 1643 mensibus
1676 1573 1763 1643 luna
1777 1572 2012 1664 coniungitur
2025 1586 2062 1645 ct
2075 1595 2180 1666 oppo-

155 1681 241 1757 Non
279 1692 394 1761 vetat,
433 1697 636 1770 quenquam
673 1697 832 1743 exercere
863 1672 1145 1744 iurisdictionem
1195 1676 1297 1749 nitur
1324 1677 1412 1763 soli,
1452 1699 1527 1746 non
1557 1689 1674 1746 tamen
1704 1673 1856 1765 singulis
1885 1673 2074 1746 mansibus
2098 1672 2180 1747 fiunt

155 1806 248 1883 quac
261 1783 340 1852 iure
357 1774 517 1849 humano
534 1776 573 1848 in
589 1775 742 1868 propriis
756 1775 860 1845 honis
875 1773 1035 1863 contigit.
1196 1778 1353 1872 eclipses.

184 1874 187 1881 ’
260 1876 423 1952 Omnino
444 1892 528 1950 sunt
550 1877 751 1948 abducendi
769 1877 880 1946 animi
896 1871 1083 1948 hominum
1100 1874 1146 1945 ab
1296 1876 1388 1951 Cum
1402 1902 1529 1972 corpus
1543 1879 1657 1947 solare
1671 1877 1784 1948 maius
1798 1877 1844 1949 sit
1857 1899 1964 1973 quam
1978 1876 2070 1950 luna
2082 1875 2179 1951 suisa

158 1985 233 2057 illis
258 1981 528 2074 superstitiosis,
560 1977 722 2049 fanaticis
746 1992 781 2050 ct
800 1975 979 2049 seditiosis
1002 1977 1145 2069 opinio·
1196 1980 1326 2051 millies
1354 1981 1544 2052 sexcenties
1567 1994 1601 2049 et
1626 1979 1874 2072 quadragesies
1896 1994 2045 2073 quater,
2078 1990 2180 2071 potes

156 2089 284 2170 nibus,
317 2107 407 2177 quae
436 2081 583 2151 laedunt
604 2078 811 2169 dignitatem
831 2105 951 2151 rerum
973 2079 1146 2160 civilium,
1197 2097 1316 2153 tamen
1339 2083 1458 2153 totalis
1480 2080 1620 2171 eclipsis
1644 2080 1728 2149 solis
1748 2081 1926 2164 accidere,
1958 2101 2052 2175 quae
2072 2092 2181 2150 umas

156 2212 198 2261 ac
224 2189 363 2275 fingunt
393 2184 552 2274 inopiam
587 2197 648 2253 aut
675 2181 827 2252 similem
859 2178 1078 2277 hypocrisim
1107 2180 1146 2248 in
1197 2197 1342 2277 propter
1361 2197 1521 2275 aspectus
1536 2180 1777 2253 diversitatem
1794 2205 1871 2252 non
1884 2180 2100 2253 universalis
2114 2180 2181 2251 cxi·

154 2284 353 2377 Evangelio
370 2285 508 2356 consuli
523 2297 584 2355 aut
599 2282 754 2376 praecipi
766 2299 933 2380 tanquam
945 2306 1034 2376 opus
1044 2280 1147 2353 iusti·
1197 2301 1288 2359 stcre
1303 2299 1418 2380 potest
1432 2284 1523 2355 sicut
1537 2283 1577 2352 iu
1592 2283 1689 2358 luna.

155 2389 285 2471 ficana,
311 2401 372 2459 aut
390 2388 498 2478 magis
512 2385 716 2460 iustificans.

258 2486 554 2561 lmoChristiano
575 2486 658 2559 licet
681 2486 735 2557 uti
757 2483 910 2577 politicis
933 2488 1037 2557 rebus
1057 2485 1148 2555 sicut
1389 2519 1495 2616 (IX)
1537 2525 1681 2595 cam
1738 2519 1815 2612 (De
1834 2531 1899 2594 “u
1945 2523 1999 2615 ο)

157 2591 257 2676 cibo,
284 2604 391 2682 potu,
415 2592 515 2673 aiire,
540 2587 694 2671 artibus,
719 2581 1010 2669 architectonica,
1033 2585 1149 2656 medi·
1185 2667 1188 2671 ¹
1437 2575 1542 2719 (61)Ρο
1563 2629 1656 2694 Bau·
1680 2573 1719 2693 ’Τ
1735 2626 1793 2695 ffl·
1815 2654 1847 2713 P·
1863 2545 1978 2712 3²15).

158 2693 251 2763 cina.
310 2688 364 2761 lta
387 2689 469 2761 licet
492 2704 612 2778 gerere
636 2687 877 2775 magistratus,
909 2712 963 2757 res
988 2687 1150 2779 proprias
1687 2702 1690 2709 '

160 2793 304 2876 tedere,
329 2814 487 2860 exercere
509 2789 660 2873 iudicia,
685 2789 762 2857 iure
779 2787 913 2858 bellare
928 2812 967 2859 ac
983 2789 1150 2873 militare,
1198 2775 1336 2861 Filiam
1350 2785 1478 2873 Martis
1495 2784 1670 2881 Alcippen
1686 2783 1912 2858 Alirrichous
1933 2809 2002 2880 per
2020 2784 2095 2856 vim
2117 2800 2184 2861 stu·

159 2893 366 2964 defensione
387 2892 612 2981 magistratus
636 2889 688 2958 uti
711 2889 748 2956 in
773 2889 916 2959 iudiciis
937 2914 978 2959 ac
999 2889 1151 2979 litigare,
1200 2892 1328 2984 pravit.
1378 2887 1470 2960 Cum
1492 2905 1611 2960 autem
1633 2887 1734 2959 Mars
1755 2889 1945 2960 occidisset
1966 2889 2180 2961 iuven-in

157 2994 207 3065 sic
232 3010 350 3068 tamen
373 2991 673 3088 quemadmodum
697 2986 829 3059 Paulus
854 2992 921 3078 ait,
950 3004 991 3062 ut
1013 2996 1150 3064 mundo
1198 3006 1321 3084 stupro
1337 2986 1619 3081 deprehensum,
1643 3005 1783 3061 accusat
1796 3014 1877 3060 cnm
1890 2987 2180 3082 Neptunuspata

158 3109 299 3181 utatur,
324 3119 398 3165 non
414 3096 592 3165 abutatur.
1202 3086 1426 3177 Alirrochoi,
1451 3093 1565 3186 deque
1587 3116 1628 3160 eo
1650 3091 1864 3184 supplicium
1887 3091 1967 3181 lege
1986 3092 2084 3165 sumi
2096 3090 2183 3187 petil.

261 3192 314 3266 Ac
335 3196 489 3270 iudicem
511 3188 747 3264 christianum
762 3204 902 3285 oportet
917 3191 971 3266 uti
986 3215 1152 3285 praesen·
1199 3192 1263 3264 Dii
1284 3194 1459 3265 iudicium
1480 3195 1520 3262 in
1537 3189 1723 3284 Areopago
1749 3206 2005 3281 exercuerunt,
2029 3206 2067 3267 ct
2084 3214 2183 3265 reco-

159 3297 254 3370 tibus
272 3297 409 3386 legibus
427 3311 532 3392 atquc
549 3295 734 3368 institutis.
787 3293 859 3365 Nec
875 3295 976 3364 debet
993 3294 1151 3366 iudicare
1199 3297 1297 3388 gnita
1312 3291 1464 3366 Martem
1481 3295 1724 3370 absolverunt.

159 3403 418 3471 controversias
442 3423 483 3468 cx
496 3393 666 3466 Mosaicis
681 3394 832 3484 legibus.
880 3394 972 3464 Nam
987 3392 1152 3487 Evangc-
1301 3395 1376 3467 Nos
1391 3396 1615 3467 defendimus
1631 3409 1724 3467 recte
1738 3390 1935 3468 iudicatum
1955 3393 2164 3472 exsecutis

159 3498 248 3569 lium
279 3516 434 3574 nonest
463 3495 630 3570 seditiosa
662 3494 845 3578 doctrina,
880 3519 945 3567 uec
975 3497 1071 3570 tollit
1095 3521 1152 3569 rcs
1303 3494 1463 3568 Atticum
1485 3498 1572 3582 fuit,
1596 3519 1671 3567 non
1694 3520 1881 3568 romanum
1903 3499 1950 3568 dc
1972 3515 2102 3593 stupro
2120 3500 2182 3569 sins

158 3600 331 3690 politicas.
1199 3600 1238 3670 vi
1259 3600 1351 3670 sacto
1369 3595 1465 3691 (aut)
1484 3600 1613 3669 ducere
1635 3612 1696 3670 aut
1718 3600 1837 3669 dotem
1860 3599 1968 3686 dare,
1994 3600 2178 3672 Mosaica·

689 3769 697 3786 ,
1200 3701 1288 3787 fuit,
1313 3702 1442 3771 ducere
1463 3713 1498 3771 ct
1514 3702 1649 3773 dotare.
1699 3697 1885 3770 Romanae
1899 3700 1997 3791 leges
2015 3697 2179 3774 hurmio

557 3767 616 3838 9⁶
643 3763 757 3838 Inde·
1201 3803 1362 3874 iudicant
1380 3804 1424 3871 de
1441 3813 1575 3894 stupro.
1628 3799 1704 3871 Nec
1717 3800 1756 3871 id
1771 3800 1923 3893 impium
1941 3804 2060 3880 dictu
2108 3801 2180 3874 tta·

263 3895 343 3971 Etsi
357 3896 420 3967 iris
436 3895 533 3967 velut
548 3897 731 3988 speculum
746 3895 864 3969 reddit
873 3897 1008 3986 lumen,
1032 3912 1152 3971 tamen
1201 3904 1327 3998 politia
1344 3900 1502 3974 Mosaica
1523 3897 1640 3971 nihilo
1661 3903 1742 3993 plus
1761 3903 1807 3972 ad
1830 3902 2120 3978 iustificationcm
2134 3926 2183 3975 co·

160 4026 237 4073 non
259 4014 375 4094 potest
397 3997 585 4088 imaginem
607 3997 693 4068 solis
710 4001 879 4087 reddere,
904 3999 995 4072 sicut
1011 4003 1152 4093 specula
1202 4029 1278 4077 ram
1294 4000 1371 4074 Deo
1386 4003 1492 4087 sacit,
1516 4026 1623 4097 quam
1638 4002 1763 4094 politia
1777 4000 1957 4078 Romana.

160 4104 342 4175 distinctas
376 4101 547 4191 imagines
575 4099 744 4176 reddunt.
807 4094 857 4172 Et
878 4123 999 4174 caussa
1021 4104 1154 4197 figurae
1303 4099 1448 4176 Etcum
1464 4101 1563 4176 Deus
1577 4104 1991 4197 attemperaveritlcgcm
2008 4105 2184 4179 monim

162 4202 269 4274 Iridis
285 4219 336 4277 cst
350 4203 463 4293 figura
479 4198 601 4278 uubis.
1203 4205 1259 4277 illi
1279 4205 1394 4298 genti,
1425 4205 1575 4297 reperiri
1596 4218 1745 4298 possunt
1765 4205 1886 4299 aliqua
1909 4206 2101 4295 instituta,
2122 4205 2185 4283 li*

1202 4331 1329 4379 manac
1341 4305 1495 4399 reipubl.
1509 4306 1658 4378 meliora
1673 4307 1715 4379 in
1729 4329 1856 4399 genere
1871 4331 1980 4402 quam
1998 4307 2168 4383 Iudaicas·

306 4432 454 4541 (ΠΗ)
494 4437 555 4511 ⁰⁰
574 4444 721 4514 ‘’W‘’
738 4458 809 4534 μ’
829 4434 1013 4515 mm.
1203 4405 1439 4581 tissimi
1457 4406 1642 4582 titt?
1653 4406 2023 4582 li⁸ttl¹s⁸‘'‘⁶⁰⁸
2044 4413 2187 4599 ”tt-”2

161 4581 380 4679 Aristoteles
394 4611 488 4671 rcctc
502 4597 672 4673 discernit
685 4623 825 4675 caussas
839 4615 1003 4698 persect
1016 4625 1156 4679 caussas
1204 4610 1328 4683 lumen
1341 4530 1673 4704 {maritantem
1816 4535 1835 4582 c
1880 4535 2030 4607 ’qm

160 4728 227 4798 per
240 4701 415 4777 accident·
1305 4709 1404 4783 lllud
1424 4735 1510 4783 vcro
1532 4726 1585 4784 cst
1607 4710 1836 4799 seditiosum,
1858 4713 2189 4814 quodquidam·-

262 4800 410 4877 Clarum
439 4813 492 4875 cst
522 4800 621 4873 enim
644 4801 780 4876 iudicio
805 4803 958 4882 rationis
981 4804 1157 4900 plurimos
1205 4811 1303 4886 docti
1329 4811 1508 4902 mutiunt,
1549 4806 1771 4889 Christianos
1802 4828 1967 4910 oportere
1999 4820 2059 4892 uti
2087 4817 2191 4895 ud

161 4918 310 4981 eventus
337 4926 413 4976 non
435 4898 569 4976 habere
592 4927 732 4976 caussas
750 4928 815 4998 per
836 4929 885 4980 se.
951 4906 1100 4984 Clarum
1122 4924 1158 4985 et
1205 4914 1355 5009 legibus.

159 5005 230 5081 hoc
252 5019 325 5092 cst,
347 5004 628 5096 contingentiam
647 5018 811 5099 oportere
829 5008 935 5101 poni,
960 5013 1027 5085 etsi
1041 5036 1158 5113 usquc
1307 5016 1350 5092 si
1366 5031 1490 5113 raptus
1507 5029 1542 5091 et
1556 5029 1719 5113 stuprum
1733 5017 1772 5092 vi
1784 5019 1918 5094 factum
1931 5023 2038 5115 paria
2050 5021 2192 5099 crimina

160 5108 444 5203 providentiam,
469 5129 587 5202 neque
602 5108 714 5179 satum
729 5106 899 5181 tollimus.
1180 5158 1184 5165 ·
1207 5131 1311 5205 suut,
1334 5120 1418 5214 quia
1436 5134 1628 5214 utrumque
1648 5119 1724 5213 lega
1742 5117 1835 5195 lulis
1851 5124 2121 5216 pronunciatur
2132 5146 2192 5199 au

262 5206 494 5281 Providentia
516 5222 568 5280 est
590 5230 711 5280 caussa
735 5232 800 5301 per
814 5233 862 5286 se.
911 5208 978 5287 Est
993 5216 1156 5291 attatum

165 5330 286 5383 cauam
299 5333 435 5405 perse,
456 5309 520 5383 sed
535 5333 602 5384 nec
615 5308 819 5406 propinqua
833 5335 899 5387 uec
912 5316 1041 5391 totalis
1243 5350 1272 5420 a)
1290 5349 1323 5409 ιη
1345 5358 1433 5410 mne
1452 5354 1632 5427 mma,
1654 5354 1815 5412 annae.
