4680 6038
69 194 143 272 ιιι
462 192 736 274 uucntnu
768 192 1120 299 mscmuuvu
1152 190 1356 272 aucun
1387 196 1581 278 aonsv.
1613 226 1698 284 nc
2023 227 2096 303 aso
2141 189 2172 231 ·’

66 368 152 439 lant.
211 365 310 441 Haec
331 370 505 442 sententia
524 370 564 440 in
584 369 714 440 animis
735 369 966 441 mediocrium
990 365 1057 441 bo·
1107 379 1214 441 tuunt
1235 369 1285 438 eis
1307 393 1455 463 regnum
1477 390 1572 449 extra
1594 373 1841 474 Evangelinm.
1902 390 2092 490 Praecepta

65 469 206 541 minum
221 472 560 544 lirmiormurusest
575 472 819 564 imperiorum,
836 497 941 566 qnam
958 495 1056 542 exer-
1107 485 1190 542 sunt
1217 484 1251 542 et
1279 475 1552 566 consolationes,
1583 480 1726 571 iubent,
1757 502 1798 559 ut
1823 517 1943 564 vocem
1972 521 1992 567 a
2014 495 2091 572 Deo

64 572 157 643 citus
180 587 216 644 et
236 598 354 661 arma,
386 599 476 668 quae
498 571 694 669 Dionysius
722 590 822 666 pater
849 574 1057 645 nominabat
1105 573 1270 643 traditam
1284 577 1488 664 audiamus,
1513 595 1548 654 et
1570 584 1758 662 adfirmant
1777 588 1890 664 Deum
1913 620 1997 668 voce
2023 602 2091 672 do·

64 671 308 747 Adamantius
323 677 422 768 regni
437 677 623 770 praesidia.
673 677 797 766 Longe
808 677 890 770 plus
904 690 974 762 est,
998 676 1056 745 di·
1105 675 1259 745 centium
1279 692 1372 749 certo
1388 681 1559 752 efficacem
1581 687 1674 772 sore,
1699 692 1848 782 perinde
1867 720 1907 767 ac
1924 700 1955 767 si
1971 702 2089 789 palam

64 776 149 847 sius
165 799 253 847 voce
268 791 405 848 mentes
422 779 581 852 retineri.
1105 799 1170 845 nos
1186 778 1259 868 ipse
1274 779 1526 872 alloqueretur.
1578 785 1667 860 Vult
1691 806 1724 862 te
1746 807 1898 866 statuere
1910 795 2024 888 Deus,
2051 828 2088 875 ιι

165 874 291 970 cogita
307 895 425 951 autem
440 879 705 952 fontesPanlini
722 880 826 952 dicti:
850 878 929 950 Vox
943 880 1054 970 magi-
1103 879 1224 948 adesse
1245 880 1297 951 tui
1320 884 1469 972 pastoris
1494 888 1589 973 voci,
1625 914 1665 961 ac
1686 896 1860 968 efficacem
1881 923 1972 988 esse,
1999 918 2033 975 et
2053 919 2089 976 te

63 986 195 1053 stratus
212 995 265 1054 est
279 981 433 1074 primum
452 983 508 1053 lex
530 996 695 1069 naturae,
716 1007 806 1077 quae
826 995 878 1053 est
896 983 975 1072 ipsa
997 982 1053 1052 lex
1104 980 1231 1051 debere
1261 976 1343 1052 huic
1373 985 1451 1055 voci
1479 992 1662 1083 assentiri,
1690 996 1760 1066 'nec
1787 1001 1968 1090 dubitare,
1998 1007 2088 1100 quin

60 1076 142 1154 Dei.
196 1077 264 1155 Est
278 1097 394 1155 autem
410 1084 568 1156 iustitiae
581 1085 652 1155 Dei
667 1086 795 1177 punire
809 1098 951 1155 ruentes
967 1108 1053 1154 con·
1104 1077 1188 1153 haec
1212 1108 1292 1153 vere
1312 1084 1357 1153 sit
1375 1087 1540 1159 voluntas
1553 1088 1638 1178 Dei,
1670 1120 1760 1189 quae
1786 1101 1852 1171 tibi
1874 1107 2089 1197 proponitur

61 1195 232 1254 masuam
251 1185 382 1277 legem,
408 1202 449 1260 ut
464 1186 525 1256 illa
542 1210 624 1257 vere
640 1188 823 1260 dicontur:
849 1182 946 1257 Deus
961 1186 1052 1276 ignis
1102 1184 1256 1256 ministri
1283 1185 1417 1277 lingua.
1484 1187 1587 1263 Hanc
1610 1200 1839 1272 necessariam
1864 1217 1899 1274 et
1922 1208 2087 1279 dulcissi-

61 1306 278 1357 consumens
291 1302 356 1362 est.
394 1284 476 1359 Scio
486 1285 640 1359 Domine
657 1292 753 1383 quod
769 1311 843 1359 nou
858 1286 971 1380 parcis
987 1289 1059 1359 ιιι·1
1101 1310 1195 1355 mam
1218 1288 1493 1359 consolationem
1513 1295 1671 1369 obruunt
1692 1298 1882 1374 Pontifices
1908 1308 2112 1382 translatis'

60 1385 261 1483 linquenti,
285 1403 323 1460 et
343 1388 426 1460 illae
447 1414 550 1460 voces
564 1387 744 1477 ethnicae,
770 1413 858 1486 quas
869 1391 1050 1480 experien·
1101 1387 1172 1457 illia
1203 1390 1415 1462 testimoniis
1445 1395 1488 1461 ad
1515 1416 1596 1466 suas
1627 1400 1855 1492 traditiones,
1890 1408 2087 1502 inquibus

60 1484 112 1558 tis
131 1491 397 1582 comprobavit,
429 1488 501 1586 ἔχει
520 1486 612 1574 θεὸς
638 1488 786 1566 ἔκδικον
802 1490 925 1585 ὄμμα,
960 1487 1052 1573 θεὸς
1100 1489 1198 1559 aliud
1215 1513 1326 1579 genus
1341 1494 1867 1583 doctrinaecomminiscuntur.

60 1583 140 1663 olda
160 1585 339 1680 δικάζειν.
393 1591 498 1667 ltem:
533 1591 579 1666 οὐ
594 1590 669 1694 γὰρ
683 1592 830 1689 σχέτλια
851 1593 944 1693 ἔργα
964 1589 1051 1666 θεοὶ
1202 1591 1374 1681 Magnum
1395 1609 1448 1668 ιιι
1467 1613 1583 1669 autem
1606 1596 1713 1674 cbaos
1742 1608 2004 1698 pontificiarum
2034 1616 2087 1686 le-

33 1684 228 1789 μάκαρες
250 1692 429 1791 φιλέουσι.
479 1692 619 1767 Deinde
640 1698 791 1768 armavit
808 1697 904 1768 Deus
924 1708 1049 1767 etma-
1099 1713 1199 1780 gum,
1224 1695 1314 1763 aliae
1330 1696 1446 1786 palam
1462 1698 1588 1771 iubent
1605 1703 1700 1776 idola
1717 1709 1799 1794 coli,
1823 1725 1863 1780 ut
1877 1736 1970 1804 quae
1983 1707 2115 1808 prac.'

60 1793 248 1884 situatum
273 1810 443 1889 potestate
465 1799 621 1868 addendi
642 1801 812 1893 quasdam
834 1800 946 1889 leges,
973 1822 1048 1868 non
1100 1794 1235 1884 cipiunt
1259 1798 1304 1865 de
1326 1798 1551 1872 invocatione
1571 1798 1759 1878 hominum
1784 1825 2025 1898 mortuorum,
2051 1831 2087 1890 et

59 1895 207 1989 quidem
224 1912 420 1991 pugnantes
442 1924 523 1971 cum
545 1902 790 1986 naturalibus,
815 1903 874 1972 sed
896 1901 1048 1972 circum·
1099 1909 1311 1983 statuarum,
1337 1912 1373 1969 et
1396 1901 1441 1969 de
1463 1898 1724 2000 ἅρτολατριία,
1751 1911 1840 1982 aliae
1865 1917 2087 2008 praecipiunt

60 1998 229 2071 monam
253 2000 409 2094 aliquam
443 2002 623 2092 probabili
656 2003 794 2073 ratione
826 2002 1045 2073 definientes.
1099 2021 1225 2083 onera,
1264 2024 1353 2092 quae
1373 2001 1450 2071 sine
1473 2020 1614 2095 peccato
1637 2013 1802 2083 sustineri
1826 2039 1900 2085 non
1924 2032 2085 2109 possunt,

59 2094 126 2170 ltu
147 2099 289 2193 legibus
308 2103 414 2174 etiam
434 2100 530 2173 Deos
551 2105 774 2176 autoritatem
797 2104 837 2173 in
857 2098 926 2173 boc
944 2101 1048 2173 Pauli
1098 2111 1138 2168 ut
1161 2100 1216 2169 lex
1232 2103 1286 2169 de
1307 2103 1501 2189 coelibatu,
1534 2108 1624 2177 aliae
1645 2124 1685 2181 ut
1708 2114 1752 2182 de
1779 2113 1883 2201 cibis,
1917 2119 2105 2191 videntur·

59 2200 154 2274 dicto
184 2202 367 2291 attribuit,
407 2219 442 2275 et
471 2207 557 2276 vult<
573 2229 630 2276 eas
651 2207 768 2276 valere
790 2219 938 2297 propter
960 2207 1047 2275 duas
1100 2201 1199 2294 loqui
1231 2204 1276 2271 de
1303 2205 1409 2274 rebus
1432 2230 1582 2298 quarum
1604 2233 1688 2281 usus
1711 2235 1775 2284 suo
1796 2239 1924 2305 genere
1946 2221 2085 2292 medius

61 2326 199 2387 causa,
225 2318 372 2398 propter
392 2307 634 2397 magistratum
654 2307 828 2379 divinitus
842 2307 1045 2376 ordinatum
1099 2317 1168 2384 est,
1195 2305 1254 2372 sed
1273 2318 1391 2374 tamen
1407 2302 1465 2376 his
1477 2308 1605 2380 ritihus
1621 2313 1725 2383 etiam
1742 2339 1878 2388 errores
1899 2320 2004 2392 multi
2020 2324 2085 2391 ad-

60 2417 92 2476 ct
114 2419 294 2477 armatum
316 2421 409 2479 certa
430 2422 616 2501 potestate,
649 2425 683 2480 et
697 2420 851 2501 tpropter
871 2408 1045 2478 rationem
1100 2405 1199 2474 mixti
1220 2421 1316 2476 suut.
1379 2484 1382 2489 ,
2206 2500 2210 2509 Ι

57 2508 290 2597 probabilem.
342 2507 438 2580 Hinc
456 2510 564 2601 igitur
580 2511 721 2594 scimus,
747 2512 850 2604 quale
863 2510 1045 2579 vinculum
1199 2504 1428 2597 Perspicuum
1457 2522 1510 2579 est
1536 2525 1673 2597 autem,
1707 2515 1780 2586 illis
1803 2520 1959 2609 legibus,
1993 2548 2083 2617 quae

58 2609 129 2682 sint
142 2609 312 2705 politicae
323 2609 434 2701 leges,
457 2614 553 2706 quod
576 2613 666 2682 scire
688 2614 728 2681 in
751 2614 823 2681 vita
847 2624 882 2683 ct
903 2625 1047 2701 propter
1098 2609 1281 2678 manifesta
1303 2608 1400 2678 idola
1423 2611 1627 2699 stabiliunt,
1657 2639 1880 2713 nequaquam
1902 2623 2084 2716 obtempe-

60 2709 212 2799 glorian
234 2709 324 2798 Dei,
349 2727 385 2784 ιι
405 2727 552 2808 propter
572 2713 865 2808 tranquillitatem
889 2727 1046 2785 nostram
1099 2711 1250 2778 randum
1275 2733 1359 2780 csse·
1430 2708 1527 2782 Idem
1562 2717 1606 2784 de
1634 2721 1789 2789 secundo
1812 2725 1924 2810 gradu
1947 2727 2084 2818 perspi-

56 2811 285 2885 utilissinsom
301 2827 364 2888 cst.
1099 2835 1203 2881 cuum
1220 2823 1289 2894 est,
1314 2812 1373 2880 sed
1392 2813 1555 2885 detectio
1572 2820 1710 2910 quaerit
1723 2819 1862 2892 Gerson
1881 2821 2082 2915 ἒπιιίκιιας,

156 2911 237 2986 Hac
253 2916 415 2987 doctrina
437 2918 482 2988 de
502 2916 657 3010 politicis
678 2917 817 3007 legibus
837 2915 1046 2998 confirmati,
1098 2936 1163 2982 uec
1176 2925 1293 2982 tamen
1308 2914 1531 2986 conscientiis
1545 2921 1716 2995 medetur.
1751 2920 1931 2997 Lutberus
1945 2920 2086 3016 rectius,

56 3026 176 3109 postes
197 3019 463 3090 consideremus
487 3013 712 3114 κακοζηλίαν
735 3018 966 3111 pontificiam,
1006 3019 1046 3087 in
1098 3015 1178 3108 qui,
1217 3030 1255 3086 ut
1283 3015 1487 3088 Alexander
1508 3015 1686 3090 Gordium
1712 3026 1866 3108 nodum,
1906 3052 1980 3100 uno
2010 3029 2084 3103 ictu

56 3140 122 3211 qua
145 3132 233 3193 suut
255 3120 359 3192 multi
382 3123 463 3192 tetri
481 3144 630 3192 errores.
682 3119 878 3191 Finxerunt
895 3119 1046 3190 Pontifi-
1099 3116 1218 3186 omnia
1238 3117 1376 3186 vincula
1392 3117 1534 3189 illarum
1554 3123 1785 3195 traditionum
1809 3129 1975 3213 dissecat,
2001 3154 2084 3202 cum

57 3242 113 3291 ces·
132 3243 174 3293 se
194 3244 319 3314 regum
341 3223 475 3294 similes
495 3246 588 3308 esse,
627 3237 662 3294 et
684 3226 814 3311 regiam
839 3233 1044 3313 potestatem
1098 3219 1202 3286 docet
1224 3218 1262 3285 in
1280 3213 1477 3306 Evangelio
1499 3214 1592 3291 banc
1615 3223 1814 3296 libertatem
1834 3228 1945 3300 aDeo
1966 3233 2084 3302 sanci·

56 3316 189 3395 babere
202 3324 244 3393 irs
259 3326 457 3395 condendis
471 3326 621 3416 legibus.
656 3320 704 3394 Et
719 3324 863 3417 quidem
879 3321 1045 3392 scelerate
1089 3330 1169 3388 tam
1192 3340 1284 3402 esse,
1310 3341 1375 3386 nec
1396 3321 1526 3391 mutari
1551 3345 1654 3413 posse
1676 3327 1751 3398 ulla
1772 3322 1926 3400 humana
1948 3335 2084 3405 autori-

56 3425 271 3521 detorquent
294 3422 365 3498 huc
391 3428 543 3505 dictum:
579 3424 769 3496 Translato
792 3423 986 3494 sacerdotio
1007 3424 1046 3494 lit
1098 3433 1179 3499 tate,
1204 3418 1386 3525 videlicet,
1409 3444 1455 3490 ne
1470 3423 1678 3494 traditiones
1695 3428 1789 3498 ullae
1804 3433 2005 3504 condantur
2021 3446 2084 3505 aut

53 3525 140 3618 legis
155 3527 356 3601 translatio.
409 3527 592 3599 lursernot
615 3527 725 3618 igitur
746 3527 842 3596 idola
865 3525 955 3609 coli,
988 3523 1046 3592 iu·
1097 3520 1314 3613 recipiantur
1330 3544 1411 3590 cum
1426 3523 1597 3615 opinione
1613 3527 1729 3598 cultus
1744 3544 1805 3601 aut
1820 3534 2048 3605 necessitatis.

53 3628 251 3701 stituerunt
265 3630 355 3702 ritus
370 3631 415 3700 de
430 3630 537 3717 cibis,
563 3630 753 3718 coelibatu,
781 3625 1045 3698 enumeratione
1198 3620 1277 3692 Hoc
1293 3621 1418 3693 divino
1438 3625 1560 3719 clypeo
1577 3628 1737 3700 munitus
1758 3656 1832 3702 uon
1855 3635 1981 3707 metuit
2003 3659 2084 3706 car·

52 3730 290 3814 delictorum,
315 3732 503 3823 epitimiis,
529 3746 563 3804 et
576 3731 655 3801 aliis
670 3730 789 3801 multis
806 3731 922 3800 rebus.
947 3725 1046 3811 ,Ha-
1097 3723 1297 3808 micinam,
1323 3748 1431 3818 quam
1453 3724 1642 3800 Pontifices
1663 3743 1698 3800 et
1720 3730 1893 3806 Monachi
1918 3737 2084 3809 atrociter

52 3854 136 3903 sum
166 3832 287 3923 legum
303 3833 546 3904 *violationem
567 3834 692 3904 dicunt
714 3845 854 3923 peccata
876 3853 969 3915 esse,
1011 3839 1046 3898 et
1097 3826 1325 3898 denunciant.

56 3946 194 4007 ωιιιιιι
212 3929 277 4005 bas
295 3934 390 4026 leges
411 3936 518 4006 luisse
542 3935 783 4005 camificinam
812 3931 1044 4003 conscientia·
1199 3926 1269 3998 Sed
1287 3922 1346 3996 bic
1368 3927 1581 4001 vociferatur
1602 3928 1807 4016 Sadoletns,
1839 3959 1920 4007 cum
1941 3940 2084 4011 fatearis

56 4058 159 4126 rum,
193 4036 289 4131 ¹quae
318 4060 392 4107 nou
420 4038 504 4108 satis
532 4036 684 4108 describi
714 4047 838 4128 potest.
896 4032 950 4104 Ac
971 4054 1044 4102 non
1097 4027 1328 4099 violationem
1371 4029 1488 4119 legum
1521 4032 1746 4123 politicarum
1779 4053 1959 4127 peccatum
1992 4064 2083 4121 exse,

53 4136 174 4209 multo
184 4150 267 4209 ante
282 4134 463 4210 Adrianus
473 4138 657 4222 Pontifex,
682 4135 803 4209 Caroli
820 4134 1046 4227 lmperatoris
1098 4154 1162 4201 cnr
1178 4132 1222 4199 de
1240 4143 1419 4221 pastorum
1431 4133 1610 4204 mandatis
1627 4135 1730 4206 aliter
1753 4137 1888 4207 sentis?
1925 4137 1984 4209 An
2007 4163 2083 4211 non

52 4252 263 4332 praeceptor
284 4241 396 4311 edidit
414 4263 580 4332 magnum
604 4242 789 4323 volumen,
814 4238 945 4331 quibus
967 4237 1046 4306 illas
1098 4232 1295 4302 reverentia
1325 4232 1476 4305 debetur
1496 4229 1672 4306 Ecclesiae
1702 4237 1817 4307 maior
1846 4240 1951 4309 ctiam
1975 4263 2083 4335 quam

55 4340 148 4435 leges
162 4355 355 4432 exasperat.
386 4338 434 4414 Et
448 4343 541 4413 dicta
557 4364 646 4436 quae
661 4339 900 4437 dulcissimam
914 4338 1048 4408 doctri-
1098 4333 1283 4427 imperiis?
1305 4331 1506 4426 Responsio
1521 4334 1623 4405 lirma
1638 4348 1705 4407 est:
1728 4336 1800 4410 Sua
1812 4340 1955 4435 utrique
1965 4343 2112 4432 digni-¹

51 4464 140 4513 nam
155 4455 193 4514 et
207 4443 488 4516 consolationem
509 4445 712 4529 continent,
729 4441 895 4513 transfert
917 4441 963 4509 ad
984 4463 1046 4510 su·
1097 4448 1150 4508 tas
1170 4450 1223 4507 est
1246 4448 1282 4507 ct
1301 4458 1365 4505 sua
1380 4435 1569 4525 autoritas,
1592 4440 1652 4507 sed
1669 4451 1782 4509 metae
1795 4464 1938 4536 qnoque
1951 4466 2085 4534 cogno-

52 4544 304 4637 pentitionem
328 4544 628 4641 ettyrannidem:
662 4542 736 4633 Qui
759 4565 822 4612 vos
845 4542 964 4622 audit,
990 4564 1046 4610 me
1097 4539 1350 4611 scendaesnnt.
1385 4533 1433 4606 Et
1442 4538 1637 4609 necessaria
1651 4539 1823 4631 sapientia
1837 4557 1901 4625 est,
1925 4542 1967 4616 in
1982 4558 2113 4636 utra-⁴

54 4647 170 4720 audit.
220 4642 327 4719 ltem:
360 4643 516 4719 Obedite
532 4646 741 4740 praepositis
756 4643 893 4715 vestris.
1098 4664 1169 4734 que
1183 4662 1329 4709 cernere
1341 4635 1408 4709 Dei
1423 4637 1591 4709 beneficia
1606 4653 1640 4710 et
1656 4641 1875 4714 volontatem
1890 4641 1971 4716 Dei.
2024 4643 2084 4717 Sic

157 4744 338 4820 Pindarus
367 4750 502 4845 inquit:
548 4741 745 4839 εὐώνυμον
781 4739 927 4839 iadicem
960 4737 1047 4838 τρία
1098 4741 1216 4812 micuit
1235 4739 1398 4811 ordinem
1415 4740 1600 4829 politicum
1615 4741 1731 4828 Dens,
1756 4756 1796 4812 ut
1819 4744 1980 4816 adfirmet
2001 4768 2085 4838 pec-

54 4845 146 4922 ineo
161 4846 364 4940 ὒιαρκέσιι.
417 4848 459 4921 ln
484 4853 577 4923 bona
597 4873 701 4919 causa
723 4847 791 4918 tria
817 4846 924 4916 verba
948 4845 1048 4914 sulfi-
1098 4856 1214 4914 catum
1245 4862 1319 4911 esse
1346 4839 1574 4910 violationem
1598 4843 1715 4932 legum
1736 4842 1973 4935 politicarum.
2041 4845 2085 4915 ln

53 4952 168 5024 ciunt.
222 4949 370 5034 Facilis,
396 4954 501 5042 plana
525 4966 561 5023 et
582 4950 765 5045 perspicua
787 4961 839 5020 est
861 4945 1047 5039 explicatio
1097 4941 1257 5016 Ecclesia
1287 4966 1373 5012 vero
1403 4942 1516 5013 sancit
1545 4937 1637 5012 hanc
1663 4943 1882 5032 libertatem,
1918 4970 1964 5017 ue
1989 4946 2084 5019 ullae

55 5053 96 5122 in
112 5051 209 5123 veris
222 5055 345 5124 causis.
377 5051 510 5125 Contra
526 5078 611 5124 vero
624 5048 645 5124 ὁ
660 5048 787 5132 ἄδικος
803 5043 1048 5149 λόγοςνοσιόν
1098 5044 1307 5116 traditiones
1328 5043 1529 5113 condantur
1556 5057 1619 5115 aut
1649 5044 1866 5138 recipiantur
1896 5071 1977 5118 com
2006 5050 2086 5139 opi·

56 5150 222 5250 ἒνᾶυτῷ
233 5147 448 5251 φαρμάκων
461 5151 579 5229 δεῖται
597 5157 739 5251 σοφῶν.
1098 5147 1208 5218 niooe
1227 5144 1344 5216 cultus
1366 5155 1428 5214 aut
1450 5144 1683 5231 necessitatis,
1722 5146 1805 5240 quia
1832 5148 1911 5219 vult
1937 5146 2022 5219 sciri
2045 5147 2085 5217 in

161 5253 376 5328 Brevissima
400 5257 510 5347 igitur
525 5251 611 5327 baec
627 5268 680 5327 est
696 5267 731 5325 et
744 5276 827 5324 vera
846 5245 1048 5342 responsio:
1098 5245 1294 5339 Evangelio
1316 5244 1492 5316 iusticiam
1513 5246 1667 5331 adferri,
1707 5270 1782 5317 non
1809 5248 1990 5321 simulatas
2011 5263 2084 5320 tra-

55 5355 163 5432 ntea
190 5357 254 5429 ills
275 5359 320 5429 de
346 5358 534 5430 audiendis
556 5356 776 5452 pastoribus,
816 5375 894 5430 oon
917 5349 1050 5422 consti-
1099 5348 1241 5442 goedias
1254 5358 1435 5440 gestuum,
1457 5322 1872 5520 ηριόξθιιοθρηοκιίαὲ,
1897 5350 1958 5422 scd
1972 5362 2086 5423 aeter·
