4680 6038
680 700 712 786 l.
777 680 1244 787 cnaonlcoN
1289 682 1689 786 chartula.

1072 916 1285 935 ..nutu—nu·-

169 1034 464 1158 Melanthonem
486 1101 593 1146 rerum
616 1082 656 1146 ab
678 1084 769 1146 initio
784 1044 958 1167 ⁸gestarum
980 1083 1195 1168 cognitionem
1216 1084 1299 1145 satis
1322 1078 1514 1164 profundam
1535 1079 1710 1162 habuisse,
1739 1085 1867 1166 qualern
1889 1084 1984 1156 bomo
2005 1088 2120 1159 doctus
2142 1097 2195 1162 illo

169 1223 315 1291 tompore
338 1203 457 1266 habere
472 1203 587 1284 potuit,
607 1203 731 1285 scripta
752 1203 824 1266 eius
845 1203 968 1265 minora
990 1202 1074 1266 satis
1095 1209 1268 1265 testantur.
1296 1199 1372 1263 Non
1394 1199 1498 1263 solum
1521 1199 1606 1262 enim
1628 1198 1660 1261 in
1684 1201 1831 1282 epistolis
1853 1215 1887 1269 et
1909 1208 1941 1269 in
1963 1208 2090 1275 iudiciis
2113 1217 2194 1299 suis,

168 1339 207 1393 nt
228 1327 329 1390 etiam
350 1323 384 1384 in
406 1319 680 1404 praefationibus,
702 1337 785 1404 quas
807 1321 946 1385 aliorum,
962 1319 1052 1383 libris
1074 1316 1236 1401 praeficit,
1259 1315 1417 1382 abundam
1439 1318 1594 1382 historiae
1616 1319 1755 1401 priorum
1778 1322 1960 1389 seculorum
1978 1301 2195 1413 cognitionem

167 1438 434 1524 conspiciendam
462 1440 627 1523 praebuit,
664 1438 725 1504 scd
753 1439 851 1503 etiam
880 1440 913 1503 in
941 1437 1139 1504 orationihus
1167 1433 1363 1502 academicis
1393 1435 1526 1518 saepius
1555 1437 1710 1502 tractavit
1738 1451 1930 1524 argumenta
1958 1442 2112 1512 historica
2139 1450 2194 1512 iu·

170 1561 258 1645 signi
279 1555 382 1621 modo.

294 1674 403 1738 Unum
431 1691 510 1736 vero
540 1682 664 1737 tanturn
694 1670 793 1736 edidit
821 1674 995 1756 scriptum,
1028 1670 1113 1756 quod
1141 1681 1243 1769 totam
1271 1669 1441 1757 historiam
1471 1670 1720 1751 praeteritorum
1749 1681 1932 1758 temporum
1960 1679 2191 1766 complectitur,

165 1790 319 1856 videlicet
344 1787 527 1856 chronicon
547 1787 686 1855 loannis
710 1787 880 1867 cortona,
910 1789 950 1852 de
972 1808 1034 1871 quo
1058 1808 1143 1852 nunc
1164 1789 1257 1852 nohis
1279 1787 1390 1871 paucis
1413 1784 1640 1868 exponendum
1662 1798 1725 1853 est.

293 1909 345 1971 Do
367 1906 515 1970 Curionis
545 1907 616 1969 vita
643 1917 678 1971 et
705 1907 838 1988 scriptis
867 1916 901 1969 et
930 1908 1116 1970 nominatim
1146 1906 1218 1968 cius
1248 1904 1398 1968 chronica
1425 1905 1571 1968 breviter
1600 1904 1661 1968 sed
1690 1924 1753 1968 non
1782 1906 1902 1990 ubique
1929 1930 2010 1977 vere
2038 1917 2191 1997 exposuit

165 2036 279 2091 auotor
307 2024 437 2108 qnidam
471 2025 502 2085 in
538 2025 616 2106 „tet
644 2020 846 2107 adgaudeat
874 2019 1085 2105 bumltopiti:
1120 2028 1169 2090 ter
1199 2018 1432 2103 dbiiienidtoitrt
1468 2025 1530 2089 uno
1558 2016 1672 2101 diui:
1705 2036 1765 2088 ooo
1799 2022 1901 2106 bald)
1939 2031 2001 2095 aab
2031 2028 2190 2100 bruher.

162 2140 230 2208 le.
249 2142 337 2203 XXI.
369 2140 413 2208 Θ.
433 2141 526 2222 48.”,
562 2139 621 2205 sed
650 2140 783 2203 uberius
810 2150 845 2203 et
873 2140 971 2205 multo
1000 2140 1128 2206 doctius
1159 2133 1515 2206 beiettotetiusio
1538 2135 1890 2221 ltinttt„dllistt11etttttt
1918 2140 2107 2229 literatiftbtn
2130 2149 2190 2224 Str:

164 2258 280 2335 toltt.”
314 2257 374 2336 πί).
388 2258 446 2320 Vh
475 2257 519 2326 Θ.
538 2257 737 2322 tlt-206:
768 2258 870 2341 „ilico
893 2256 1024 2326 batione
1046 2256 1138 2325 babeo
1161 2259 1222 2322 aab
1245 2251 1432 2336 &ddittnst

290 2373 398 2436 Natus
420 2384 474 2437 est
493 2372 638 2439 loannes
661 2370 783 2438 Carion
805 2394 834 2435 a.
852 2374 936 2437 1499
957 2376 990 2436 in
1012 2374 1162 2456 oppidulo
1184 2372 1379 2457 Rietigheim
1400 2373 1434 2435 in
1465 2373 1657 2455 episcopatu
1680 2370 1980 2463 wurceburgensi,
2014 2391 2047 2446 et
2074 2383 2196 2449 literas

159 2484 273 2551 didicit
293 2490 498 2569 potissimum
518 2490 552 2551 in
574 2485 686 2551 schola
708 2486 976 2572 Witebergensi,
1006 2491 1060 2553 ubi
1081 2491 1293 2554 blclanthone
1314 2509 1393 2573 prae
1411 2489 1532 2553 ceteris
1555 2488 1686 2553 doctore
1710 2499 1763 2554 est
1785 2509 1877 2556 usus.
1929 2494 2079 2562 Vocatus
2104 2499 2188 2565 tsaa

159 2605 194 2666 in
216 2605 325 2667 aulam
347 2606 498 2668 loachimi
518 2605 561 2688 h,
582 2605 689 2668 Princ.
712 2605 816 2670 lllect.
838 2606 1020 2697 brandenb.
1043 2618 1080 2671 nt
1100 2607 1357 2672 Mathematicus
1379 2606 1489 2688 aulae,
1509 2606 1693 2690 Principem
1715 2607 1900 2674 Electorem
1922 2601 2047 2699 ipsum,
2074 2627 2185 2681 astro-

159 2721 267 2805 logiae
289 2721 450 2803 deditum,
486 2731 521 2784 ot
550 2721 634 2784 lilios
662 2722 734 2784 eius
762 2720 871 2785 docuit
899 2722 1161 2788 mathematicam
1189 2735 1223 2789 et
1251 2726 1470 2809 astrologiam.
1526 2722 1618 2787 ldem
1645 2744 1747 2801 vero,
1781 2727 1859 2790 vino
1886 2729 2018 2795 nimium
2047 2731 2187 2818 deditus,

160 2835 247 2902 diem
268 2839 333 2902 iam
354 2839 433 2902 obiit
454 2858 483 2902 a
501 2836 601 2922 1538,
628 2850 836 2920 praematura
855 2840 1013 2923 abreptus
1034 2851 1150 2906 morte.
1193 2842 1324 2923 Scripta
1346 2843 1418 2905 eius
1439 2843 1649 2927 astrologica,
1678 2841 1884 2923 potissimum
1905 2848 2075 2934 vaticinia,
2102 2867 2186 2934 quae

161 2952 277 3036 edidit,
304 2956 473 3020 recensuit
495 2955 681 3021 Strohelius
701 2958 764 3022 ll.
811 2957 991 3022 Praeterea
1012 2960 1112 3023 etiam
1132 2959 1403 3040 compendiariam
1423 2977 1532 3022 rerum
1553 2978 1574 3021 a
1595 2958 1715 3024 mundo
1746 2961 1876 3026 condito
1903 2961 2088 3046 historiam,
2125 2983 2185 3030 sc-

159 3067 301 3136 cundum
321 3073 470 3138 Danielis
490 3074 680 3138 vaticinium
701 3073 742 3137 dc
764 3083 901 3156 quatuor
923 3074 1033 3138 mundi
1054 3075 1248 3138 monarchiis
1276 3074 1486 3157 dispositam,
1518 3077 1728 3161 conseripsit,
1762 3073 1952 3159 „thonid”
1979 3081 2184 3164 appellatam,

156 3203 295 3270 eamque
308 3190 526 3274 Melanthoni,
548 3191 753 3273 praeceptori
773 3190 879 3267 misit,
900 3200 936 3256 ut
957 3209 1029 3254 eam
1051 3192 1254 3276 perlegeret,
1274 3191 1400 3274 passim
1421 3188 1626 3272 emendaret,
1648 3210 1785 3275 eamque
1806 3210 1827 3254 a
1848 3196 2052 3279 typographo
2066 3196 2184 3263 Witc-

155 3301 312 3390 bergensi
334 3310 424 3392 typis
452 3308 596 3372 exscribi
624 3315 765 3371 curaret.
819 3307 870 3372 Ile
899 3326 964 3391 qua
989 3327 1026 3371 re
1048 3307 1240 3377 tietmthon
1268 3306 1310 3373 ad
1339 3306 1559 3372 camararium
1588 3308 1679 3391 (Vol.
1694 3309 1734 3371 ll.
1757 3328 1789 3391 p.
1803 3308 1899 3393 scra)
1927 3311 2010 3378 haec
2037 3315 2182 3396 scripsit:

154 3419 305 3502 „Carion
326 3425 417 3489 misit
438 3424 503 3489 huc
520 3421 650 3510 χρονικά
673 3421 882 3507 excudenda,
910 3423 971 3489 sed
992 3443 1034 3490 ea
1053 3424 1146 3510 lege,
1174 3434 1211 3489 ut
1232 3444 1295 3510 ego
1317 3424 1533 3489 emendarem.
1576 3425 1663 3490 Sunt
1684 3425 1787 3491 rnnlta
1806 3427 1931 3510 scripta
1951 3431 2181 3516 negligentius.

151 3538 297 3620 „ltaque
317 3559 380 3625 ego
402 3553 506 3607 totum
524 3560 607 3624 opus
628 3552 761 3623 retexo,
783 3552 818 3605 et
839 3541 968 3625 quidem
989 3542 1189 3627 germanice,
1218 3552 1252 3606 et
1272 3544 1428 3606 constitui
1446 3542 1617 3625 complecti
1638 3544 1832 3628 praecipuas
1852 3547 2052 3611 mutationes
2072 3550 2181 3612 maxi·

152 3674 306 3736 „morum
327 3658 541 3742 imperiorum.
550 3662 567 3688 '’
613 3659 668 3722 nx
688 3660 815 3723 verbis:
847 3678 911 3744 ego
933 3669 1037 3724 totum
1058 3679 1141 3743 opus
1162 3670 1294 3741 retexo,
1325 3662 1498 3724 voluerunt
1520 3659 1649 3743 quidem
1671 3661 1764 3724 multi
1785 3662 1961 3746 coniicare,
1991 3664 2054 3731 hoc
2076 3674 2179 3730 totum

151 3774 311 3855 scriptum
337 3793 402 3839 non
432 3774 561 3859 quidem
581 3774 731 3841 (larionis
758 3776 820 3840 sed
839 3776 1062 3842 blelanthenis
1092 3795 1189 3861 esse,
1217 3795 1314 3859 quam
1344 3776 1472 3858 quidem
1500 3778 1719 3841 coniecturam
1740 3777 1927 3861 Pencerus,
1960 3756 2181 3846 Melanthonis

148 3907 272 3972 gener,
293 3910 354 3955 suo
375 3910 503 3976 quoque
524 3893 730 3958 confirmavit
752 3896 953 3977 testimonio,
974 3897 1027 3977 qui
1048 3897 1079 3959 in
1102 3894 1305 3960 dedicatione
1328 3893 1476 3958 Chronici
1497 3893 1646 3959 Carionis
1668 3892 1748 3957 editi
1769 3912 1798 3957 a.
1820 3894 1903 3959 ¹5⁷2
1924 3894 2007 3958 haec
2029 3900 2176 3981 scripsit:

150 4007 311 4089 „Nomen
334 4007 487 4074 chronici
509 4009 658 4075 Curionis
680 4012 812 4091 retinui,
847 4014 923 4095 quia
950 4022 1077 4076 mutare
1108 4012 1185 4076 illud
1213 4022 1305 4077 autor
1335 4016 1457 4096 primus
1485 4021 1620 4075 sanctae
1647 4011 1837 4093 memoriae,
1871 4010 1954 4074 Phil
1974 4011 2177 4093 Melanthon,

148 4140 273 4206 „socer
294 4143 405 4209 meus,
420 4127 539 4216 noluit.
583 4127 723 4192 Occasio
747 4128 884 4191 nomiuia
905 4129 1002 4194 huius
1021 4128 1096 4193 inde
1119 4132 1245 4212 extitit,
1272 4127 1357 4212 quod
1379 4149 1452 4195 oum
1474 4130 1539 4194 loh.
1563 4128 1681 4192 Carion
1703 4127 1954 4193 mathematicus
1976 4140 2053 4193 ante
2074 4149 2177 4196 annos

141 4241 394 4327 .„quadraginta
414 4245 580 4327 coepisset
608 4257 785 4310 contexere
812 4246 1004 4329 chronicon,
1038 4255 1073 4310 et
1093 4246 1389 4333 recognoscendum
1412 4257 1445 4311 et
1467 4243 1721 4329 emendandum,
1754 4244 1940 4328 priusquam
1962 4247 2073 4329 praelo
2094 4250 2182 4314 sub··

143 4357 346 4444 „iiceretur,
381 4363 526 4426 misisset
547 4361 588 4426 ad
609 4363 690 4428 Phil
712 4363 891 4448 Melanch,
925 4365 994 4446 hic,
1015 4364 1100 4446 quod
1121 4384 1234 4447 parum
1255 4364 1461 4447 probaretur,
1488 4368 1592 4427 totum
1614 4359 1750 4427 adoleuit
1771 4381 1839 4427 unc
1860 4358 1983 4440 litura,
2010 4366 2072 4428 alio
2093 4385 2175 4430 coo·

147 4478 317 4560 ,scripto,
350 4480 403 4540 cui
425 4488 533 4542 tamen
555 4480 705 4544 Carionis
725 4499 843 4543 nomen
866 4483 1030 4563 praefixit:
1066 4480 1127 4545 sed
1149 4490 1183 4543 et
1203 4482 1282 4563 hoc,
1303 4501 1377 4546 cum
1399 4482 1615 4562 retexuisset,
1648 4481 1742 4543 amici
1770 4499 1886 4543 nomen
1913 4489 1949 4543 et
1976 4484 2173 4566 memoriam,

147 4613 197 4676 „a
223 4596 317 4659 cuins
346 4595 528 4677 primordiis
553 4593 683 4683 ἀφορμὴ
713 4599 815 4680 prima
839 4597 990 4662 Chronici
1017 4597 1212 4662 contexendi
1237 4610 1314 4664 nata
1336 4610 1435 4681 atque
1457 4595 1604 4680 proiecta
1622 4607 1730 4682 esset,
1765 4598 1858 4663 titulo
1879 4597 2064 4679 posteritati
2080 4616 2172 4662 com·

146 4710 330 4796 „nondam
351 4712 488 4776 voluit.”

272 4829 408 4896 Minime
429 4848 511 4893 vero
532 4847 648 4893 verum
670 4841 742 4915 est,
777 4831 1022 4897 blelanthonem
1045 4833 1151 4896 omnia
1172 4852 1194 4897 a
1215 4831 1354 4898 carious
1377 4832 1500 4915 scripta
1527 4849 1596 4896 aaa
1623 4825 1730 4894 lituro
1757 4825 1928 4911 delevisse,
1961 4830 2026 4893 imo
2054 4832 2171 4925 rerba:

146 4945 251 5009 taum
272 4962 356 5028 opns
377 4955 508 5026 retexo,
536 4955 662 5011 tantum
679 4946 840 5029 indicant,
867 4948 1110 5014 Melanthonem
1132 4969 1248 5014 omnes
1268 4950 1339 5013 libri
1362 4959 1475 5033 partes
1497 4947 1700 5013 emendasse.
1755 4945 1832 5010 Non
1858 4945 1945 5008 enim
1972 4943 2084 5009 emnia
2112 4947 2172 5011 sed

146 5069 274 5126 tantum
294 5058 428 5146 „multu
449 5063 673 5148 negligentius
695 5068 843 5147 seripta'’
864 5067 985 5148 reperit
1006 5077 1041 5131 et
1061 5069 1217 5133 retexuit.
1259 5066 1349 5131 ldem
1369 5065 1561 5130 blelanthon
1583 5067 1656 5148 ipse
1677 5073 1823 5129 testatus
1845 5063 1953 5126 estin
1973 5062 2109 5145 epistola
2130 5063 2172 5128 ad

144 5176 325 5250 Θοπίιιιιιιι
345 5178 438 5263 (Vol
452 5181 494 5244 lt
517 5179 673 5267 abed),
699 5183 753 5248 cni
773 5183 960 5268 exemplum
981 5186 1113 5269 scripti,
1143 5195 1316 5269 postquam
1337 5183 1519 5268 prodierat,
1546 5182 1726 5247 transmisit
1747 5191 1783 5247 et
1803 5180 1899 5246 simul
1920 5178 2064 5263 scripsit:

1484 5302 1569 5383 db·
