4680 6038
396 252 597 363 „garta
624 228 701 309 ass.
724 214 844 295 nn.
865 204 934 287 sn
955 199 1082 278 ussa.
1105 193 1251 276 enar.
1276 191 1345 268 aa
1367 188 1564 271 canos.
1590 189 1911 271 sracrsurrs„
2056 196 2147 270 raas

225 368 262 413 Χ
493 396 712 489 ,grumulis
729 386 839 463 ntus
850 374 990 475 Synodi
1001 371 1121 443 minus
1172 378 1205 439 et
1224 365 1356 438 diserte
1376 364 1497 460 inquit
1512 364 1734 449 Ptolomeus,
1759 364 2085 460 longobardorum
2102 389 2152 436 ss·

273 462 450 631 ζῴζέῑζ
460 458 576 591 ’ἴω
591 498 651 575 lu'e
666 516 728 571 aar
746 507 823 563 non
836 491 969 574 repeto.
1098 524 1139 550 f
1172 469 1253 541 dem
1276 469 1320 538 ad
1341 468 1499 540 medium
1515 468 1622 539 Albis
1639 492 1728 557 csse,
1752 470 1814 565 qui
1837 484 1970 543 tractus
1997 492 2098 540 nunc
2110 470 2154 538 aa

1173 568 1359 643 Dioeceses
1389 567 1723 662 Meidcburgensem
1754 585 1790 645 et
1826 569 2155 644 llalberststeasem

340 766 345 777 ¹
389 756 394 769 ,
438 724 444 763 r
484 720 608 807 W
631 688 821 769 &thaimo
842 675 1124 778 quingentesimo
1174 673 1340 768 pertinet.
1391 666 1588 763 Eregione
1610 675 1720 745 luisse
1735 672 1896 746 Senonau
1912 676 1952 746 in
1968 697 2014 745 eo
2031 686 2157 757 tracta,

222 800 227 809 ·
250 772 306 811 ·“““
341 742 520 889 '‘iffi-im
531 814 666 883 ww
1176 775 1239 872 qui
1254 798 1350 845 nunc
1367 787 1468 847 vetus
1484 771 1647 847 Matthia
1663 778 1858 870 appellatur
1871 776 1981 849 etiarn
1997 800 2041 847 ex
2058 789 2157 848 utra·

342 846 471 973 ³55⁸.
497 900 688 979 munima
717 884 961 964 trecentesima
989 879 1126 953 decimo
1178 901 1247 973 que
1263 878 1434 967 scriptore
1449 878 1601 969 intelligi
1617 892 1742 972 potest.
1791 877 1863 950 Nee
1879 879 2012 951 limites
2028 880 2158 948 immo·

218 970 230 1007 ζ
343 946 512 1091 widin
1178 995 1232 1054 tos
1254 979 1441 1051 constituo.
1491 977 1676 1053 Interdum
1709 981 1850 1072 longius
1874 975 1942 1052 hae
1969 981 2159 1051 bellicosae

214 1148 308 1215 qm,
324 1050 462 1201 &kim
473 1095 754 1205 qobsgsntesirna
769 1086 982 1182 sexagesimo
999 1097 1107 1158 sexto.
1178 1095 1297 1173 gentes
1320 1103 1522 1175 progressae
1540 1095 1642 1170 sunt,
1681 1083 1861 1155 interdum
1889 1106 2090 1203 regressae,
2121 1097 2161 1154 ut

518 1264 755 1345 ,aaa
1179 1181 1871 1258 ll

259 1422 424 1491 tamarices
437 1405 621 1481 Suuudus
642 1418 753 1490 nepos
768 1389 960 1463 lastiniani
982 1414 1024 1460 ex
1044 1384 1130 1469 filia,
1179 1403 1400 1460 accesserunt
1423 1414 1503 1461 cum
1525 1389 1674 1460 familiis
1697 1390 1771 1463 suis
1791 1392 1837 1460 sd
1858 1413 1938 1461 eam
1952 1388 2162 1460 Pannoniae

156 1558 198 1603 ,ψ
216 1536 341 1609 sponsu·
368 1524 479 1587 sactus
494 1530 514 1577 a
531 1501 730 1575 lastiniano
752 1495 911 1579 vivente,
933 1491 1046 1565 tenuit
1062 1491 1130 1559 im·
1181 1515 1301 1575 oram,
1337 1515 1428 1585 quae
1451 1489 1572 1563 ltaliae
1596 1493 1744 1586 propior
1765 1505 1835 1578 est,
1866 1492 1933 1563 ubi
1955 1507 2162 1561 manserunt

166 1558 290 1709 rotinus
305 1634 419 1687 „cussus
434 1605 632 1681 duodecim.
670 1597 719 1674 Ut
735 1597 874 1690 imperii
889 1595 1034 1668 initium
1050 1616 1131 1684 gra·
1181 1615 1294 1665 annos
1317 1596 1551 1688 quadraginta
1572 1594 1673 1667 duos.
1724 1592 1779 1667 Ac
1800 1595 1884 1665 inde
1903 1593 2021 1665 abeis
2038 1593 2164 1663 auxilia

152 1662 221 1799 ilo,
238 1732 344 1797 orsos,
369 1710 471 1785 losslit
487 1707 619 1778 tributa
636 1715 672 1774 et
685 1723 828 1786 usuras,
849 1711 884 1770 et
898 1697 1054 1768 coniunx
1063 1694 1131 1767 So·
1180 1697 1348 1767 adversus
1364 1693 1492 1767 Gottos
1506 1697 1546 1765 in
1559 1696 1698 1769 ltaliam
1706 1693 1833 1768 Narses
1845 1694 2050 1770 accersivit.
2077 1694 2163 1766 Got-

153 1826 238 1925 μμ..
261 1814 432 1915 squaedam
451 1808 570 1881 debita
595 1829 635 1877 ex
659 1804 731 1875 suis
754 1800 982 1872 facultatibus
1013 1798 1130 1882 solvit,
1181 1799 1228 1870 tis
1249 1820 1291 1866 ex
1314 1795 1415 1869 ltalia
1436 1799 1593 1891 expulsis
1623 1799 1806 1894 aliquanto
1828 1810 1908 1891 post
1932 1796 2158 1889 Langobardi

155 1924 255 2001 tren
274 1936 391 1997 toturn
406 1923 486 2007 post
500 1930 594 1979 nova
605 1907 739 1978 tributa
756 1903 888 1973 indicta
904 1915 998 1974 sunt.
1047 1898 1130 1971 Non
1180 1899 1255 1971 sive
1270 1922 1291 1969 a
1305 1899 1415 1971 Narse
1429 1899 1590 1988 invitati,
1614 1914 1655 1972 ut
1669 1902 1781 1995 aliqui
1794 1913 1957 1986 narrant,
1982 1900 2061 1970 sive
2073 1903 2158 1993 quod

154 2026 265 2097 results
282 2040 344 2115 pst
359 2035 433 2087 sese
447 2010 640 2103 imperator
655 2007 793 2079 morbis
807 2006 999 2098 impeditus
1015 2001 1132 2074 adrni-
1180 2001 1292 2089 magis
1307 2002 1477 2073 credibile
1492 2016 1555 2089 est,
1579 2004 1774 2096 conspectis
1791 2016 1894 2075 antes
1911 1996 2164 2095 pulcherrimis

156 2118 339 2201 aestuarit,
369 2115 505 2186 bellum
527 2137 608 2183 curn
629 2109 746 2181 Persis
765 2107 1003 2202 quadriennio
1026 2104 1132 2195 gessit
1181 2101 1304 2176 ltaliae
1326 2105 1476 2176 urbibus
1499 2120 1535 2178 et
1567 2106 1773 2198 splendore,
1811 2105 1910 2177 altro
1939 2101 2083 2176 ltaliam
2110 2105 2164 2172 ia·

155 2246 217 2325 pus·
239 2222 366 2295 slsscsm
387 2214 607 2301 Martinam,
639 2213 679 2282 in
699 2236 770 2306 quo
794 2210 963 2304 utrinqne
982 2230 1131 2299 magnae
1180 2204 1290 2296 gressi
1304 2220 1387 2278 sunt
1401 2230 1496 2278 anno
1504 2202 1638 2280 Christi
1651 2206 1937 2302 quingentesimo
1953 2206 2164 2296 sexagesimo

155 2324 272 2405 clodos
294 2331 454 2410 acceptae
475 2329 569 2387 sunt.
622 2313 692 2388 Sed
718 2338 798 2386 cnm
815 2314 959 2383 tandem
975 2309 1060 2382 victi
1076 2332 1131 2380 es·
1182 2319 1323 2394 octavo,
1357 2332 1438 2379 cum
1462 2309 1657 2403 imperator
1680 2325 1770 2383 esset
1791 2308 1955 2382 lustinus
1970 2306 2164 2383 Secundus.

155 2438 233 2499 norst
258 2419 406 2505 l’arsac,
443 2440 568 2489 rursus
587 2416 844 2510 aliquantisper
864 2438 931 2507 pax
954 2415 1044 2484 laeta
1069 2424 1132 2487 est.
1182 2408 1394 2482 Tenuerunt
1418 2433 1566 2501 regnum
1592 2409 1632 2482 in
1654 2435 1694 2483 ea
1711 2409 1834 2483 ltaliae
1853 2424 1980 2505 parte,
2006 2426 2165 2504 quaeest

154 2524 256 2603 Darsa
277 2544 332 2593 res
356 2520 459 2592 valde
481 2520 609 2611 dignae
630 2517 802 2589 memoria
827 2516 866 2586 in
881 2512 989 2587 huius
1004 2513 1133 2586 lustini
1184 2511 1278 2583 inter
1294 2512 1405 2603 Alpes
1425 2526 1460 2584 et
1474 2511 1683 2606 Apeninnm
1706 2538 1819 2586 annas
1840 2515 2023 2586 ducentos
2037 2526 2072 2584 et
2087 2535 2166 2606 qua·

154 2621 446 2721 gstlssrnationem
477 2621 655 2691 incidunt:
688 2618 794 2691 Initia
818 2611 1072 2690 Exorchatus
1095 2616 1134 2685 in
1184 2627 1277 2701 tuor,
1301 2617 1396 2686 unde
1410 2610 1528 2687 adhuc
1542 2639 1582 2687 ea
1599 2639 1680 2708 pars
1694 2641 1824 2689 nornen
1842 2611 2165 2705 habctLongobsr-

156 2724 271 2811 italis,
287 2735 321 2794 et
335 2721 437 2794 initia
452 2721 554 2812 regni
564 2720 827 2812 Longobardiei
839 2719 879 2787 in
895 2718 1008 2792 ltalia.
1022 2750 1028 2758 ·
1040 2717 1135 2789 Fue·
1185 2715 1285 2802 diae,
1309 2739 1350 2787 ac
1364 2717 1403 2787 in
1421 2715 1542 2790 italica
1557 2719 1780 2810 expeditione
1799 2720 1934 2790 mixtos
1950 2717 2062 2788 fuisse
2075 2716 2165 2787 Lan·

156 2839 243 2903 ruat
258 2828 382 2913 {autem
407 2814 588 2894 Euarchi
609 2820 856 2894 velutVicarii
880 2820 1135 2912 imperatorum
1186 2818 1352 2908 gabardis
1373 2817 1529 2909 Saxones
1552 2833 1586 2891 et
1609 2818 1761 2908 Suevos,
1801 2820 1839 2892 id
1863 2835 1920 2893 est
1943 2816 2160 2901 Pomeraaos,

156 2954 197 3002 as
212 2924 524 3018 Constantinopoli
540 2924 649 2999 missi.
698 2920 1053 3018 Duravitqueeornm
1071 2945 1137 3013 gu·
1187 2917 1335 2990 historia
1348 2921 1514 2994 ostendit.
1566 2921 1955 2996 Vastationemltaliae
1976 2921 2155 2992 denuncia-

156 3028 319 3107 lacrnatio
341 3042 421 3121 post
435 3025 571 3098 Narsen
591 3050 704 3098 annos
724 3038 866 3098 centum
889 3039 924 3097 et
944 3026 1135 3116 sexaginta.
1186 3037 1317 3095 rerunt
1336 3024 1448 3098 mults
1471 3025 1653 3117 prodigia:
1683 3021 1904 3119 Conspectae
1938 3036 2027 3095 sunt
2049 3023 2162 3114 igneae

159 3130 376 3207 Arruntem
398 3142 432 3201 et
461 3130 561 3200 sedes
584 3123 829 3200 Exarchorum
852 3126 1027 3201 Ravenna
1056 3126 1137 3201 fuit.
1186 3124 1280 3194 scies
1296 3125 1336 3194 in
1350 3141 1431 3198 aere
1453 3128 1680 3199 dimicantes:
1704 3125 1858 3218 Sanguis
1882 3152 1929 3199 ex
1947 3139 2047 3198 terra
2063 3141 2096 3197 et
2109 3148 2165 3218 pa·

158 3231 303 3305 l‘riorcs
322 3231 416 3301 bella
439 3255 520 3301 cum
544 3228 792 3321 Longobardis
815 3230 994 3302 infoelicia
1022 3250 1138 3320 gesse-
1187 3226 1337 3298 rictibus
1351 3230 1564 3315 scaturiens,
1589 3241 1624 3300 et
1644 3229 1712 3300 alia
1727 3231 1859 3313 multa,
1884 3245 1931 3303 ut
1948 3251 2166 3322 semperma·

159 3345 257 3407 cant.
309 3330 500 3404 Postremis
526 3333 624 3403 varia
646 3332 838 3404 certamina
860 3355 940 3403 curo
963 3331 1139 3406 Romanis
1188 3351 1277 3419 gnae
1292 3329 1505 3402 calamitates
1521 3331 1691 3425 prodigiis
1704 3332 1988 3406 denunciantur.
2040 3329 2166 3402 Nomen

159 3434 396 3509 Pontificibus
416 3435 579 3520 fuerunt,
603 3435 716 3505 donec
736 3433 967 3524 Langobardi
988 3436 1138 3506 urbibus
1188 3431 1342 3523 alangis
1358 3434 1565 3527 cuspidibus
1577 3434 1633 3503 vel
1652 3434 1868 3526 bipennibus
1891 3436 2080 3508 deducere
2094 3456 2167 3505 eon·

160 3536 251 3623 illis,
289 3558 378 3630 quas
407 3530 561 3606 Exarcbi
599 3536 755 3631 reliquas
789 3549 995 3625 tenuerant,
1033 3534 1140 3629 potiti
1190 3532 1332 3605 sinnius
1347 3548 1418 3617 est,
1441 3559 1582 3630 qnaroa
1603 3536 1735 3613 barbis.

160 3651 263 3722 sunt,
292 3660 378 3732 quas
399 3649 519 3711 tamen
540 3639 743 3732 relinquere
760 3636 1017 3730 Langobardos
1031 3632 1141 3736 Pipi·
1291 3629 1444 3708 Primus
1466 3663 1528 3709 rex
1550 3637 1871 3728 Langobardorum
1901 3637 1943 3709 in
1976 3639 2085 3711 ltalia
2109 3638 2163 3707 soit

159 3763 232 3810 nus
253 3739 378 3830 coegit.
496 3821 502 3831 ,
534 3748 540 3761 ’
1190 3731 1395 3826 Albaissus,
1415 3741 1582 3832 regnavit
1593 3763 1707 3812 annos
1722 3753 1884 3836 qustum.
1941 3736 2062 3812 lnitio
2077 3763 2166 3811 ottu-

262 3839 349 3914 Fuit
366 3854 485 3913 autern
517 3839 654 3934 primus
673 3836 857 3914 Exarchus
877 3865 898 3914 a
921 3839 1060 3914 Iustino
1084 3866 1142 3914 se·
1190 3839 1288 3932 pavit
1311 3839 1537 3914 Vincentiam
1557 3858 1594 3916 et
1614 3839 1806 3918 Veronam.
1855 3836 2010 3914 Deinde
2033 3844 2079 3914 sd
2099 3839 2168 3911 ste·

161 3944 279 4017 cundo
300 3942 339 4014 in
354 3939 492 4016 ltaliam
514 3944 643 4015 missus
659 3935 881 4039 Longinus,
899 3939 1141 4035 :cuiusmores
1190 3941 1375 4014 diolanum
1391 3946 1553 4030 accessit,
1579 3945 1676 4040 qnod
1691 3945 1860 4017 suadente
1875 3940 2076 4017 Honorato
2089 3941 2169 4034 Epi·
2207 4006 2212 4017 .

160 4047 212 4118 ita
235 4046 504 4127 describuntur,
535 4058 671 4118 utnon
691 4048 736 4117 sit
763 4048 897 4118 mirum
921 4044 1078 4121 Graecos
1100 4049 1138 4118 in
1190 4067 1297 4135 scopo
1318 4047 1537 4118 deditionem
1559 4048 1653 4123 fecit.
1702 4046 1794 4119 Nam
1814 4058 1851 4118 et
1872 4059 2031 4140 propter
2051 4048 2168 4117 famem

158 4148 275 4219 mains
288 4148 413 4219 odium
426 4146 575 4221 venisse.
642 4144 783 4221 Dicitur
803 4148 932 4222 aluisse
947 4173 1140 4247 ycuasxas-
1190 4146 1330 4219 obsidio
1361 4149 1504 4220 tolerari
1532 4173 1608 4220 nan
1634 4163 1783 4241 poterat.
1833 4144 2014 4220 Ticinum
2039 4149 2171 4244 quoda

159 4248 307 4342 ἐρακας,
320 4250 384 4342 qai
398 4249 436 4319 si
447 4262 485 4321 at
497 4247 683 4320 fraudibus
698 4251 832 4322 alienas
840 4253 1006 4342 coniuges
1022 4269 1058 4327 et
1072 4279 1140 4324 no·
1188 4247 1355 4339 Longino
1372 4252 1550 4343 praesidio
1562 4251 1742 4322 munitum
1756 4252 1883 4331 luerat,
1899 4252 2064 4323 triennio
2076 4250 2170 4321 οὒκ·

158 4350 290 4421 biliam
304 4351 454 4421 bliasad
467 4349 583 4441 ipsum
597 4348 853 4442 pertraherent.
900 4352 1007 4426 Prius
1020 4369 1138 4430 sutem
1190 4350 1256 4436 dit,
1280 4354 1477 4445 quodcum
1492 4354 1636 4424 tandem
1650 4354 1807 4447 cepisset,
1831 4352 1983 4423 rediens
1999 4351 2169 4424 Veronam

160 4474 220 4521 res
240 4448 529 4542 Longobardicae
551 4453 707 4545 breuiter
725 4456 928 4528 recitandae
949 4472 1052 4545 sunt,
1072 4484 1140 4552 po·
1190 4451 1229 4522 in
1246 4455 1429 4541 convivio,
1455 4454 1559 4527 iussit
1571 4454 1691 4526 allerri
1706 4454 1873 4548 poculum
1887 4456 2027 4526 iactum
2043 4478 2086 4524 ex
2099 4476 2169 4524 crs-

163 4565 236 4625 stca
259 4554 364 4625 series
379 4548 624 4625 Ersrcboram
652 4558 817 4631 addenda
842 4558 928 4641 crit,
954 4558 1005 4633 its
1026 4562 1138 4655 magis
1189 4554 1252 4625 nio
1275 4552 1516 4644 cunimundi,
1541 4581 1648 4652 quem
1667 4556 1862 4642 occiderat,
1888 4570 1924 4628 et
1946 4557 2069 4647 caligit
2090 4577 2169 4625 ron·

158 4655 343 4750 perspicua
356 4656 425 4741 erit
439 4656 607 4728 namatio.
1188 4656 1306 4747 iugem
1329 4658 1438 4728 filiam
1454 4655 1678 4730 Cunimnndi
1700 4683 1741 4730 ex
1765 4657 1889 4728 cranio
1911 4659 2031 4750 patris
2047 4656 2169 4729 suibi·

446 4817 451 4826 .
1188 4759 1284 4830 bere.
1337 4757 1402 4830 llla
1425 4773 1511 4831 tunc
1531 4761 1754 4833 dissimulato
1775 4759 1918 4844 dolore,
1945 4774 2075 4852 postea
2089 4755 2169 4829 hor-

421 4893 490 4965 ΒΘ
528 4887 866 5009 Lowgargu·
1187 4854 1595 5035 iiiffi'flelchmlgifiuss
1620 4863 1780 4934 nobilem
1801 4859 2112 5034 Lon‘gqsbnrdum,
2135 4874 2168 4931 ut

257 5048 397 5128 Omitto
435 5057 614 5128 fabulosas
658 5056 860 5148 ineptorum
900 5057 1135 5140 narrationes,
1185 4986 1467 5138 Helrriilculiildrii¹
1469 4978 1724 5140 1:lareriiie'nteesis
1743 4977 2168 5147 Llobiiiiirimelisitee‘rliz

158 5178 246 5250 quse
261 5154 518 5247 Langobardos
536 5181 577 5227 er
596 5159 722 5228 insulis
737 5156 878 5230 Arctois
892 5162 1068 5246 educunt,
1098 5176 1133 5233 et
1184 5166 1316 5237 deinde
1340 5182 1483 5241 coaetus
1506 5171 1629 5259 ingere
1656 5192 1736 5240 cam
1757 5167 1992 5242 Rasimunda
2022 5168 2167 5257 coniage

157 5279 285 5350 sequor
298 5257 485 5330 Strabonis
503 5282 542 5329 ac
557 5257 751 5331 Ptolemaei
772 5262 1042 5354 descriptiones,
1068 5264 1131 5355 qui
1183 5265 1334 5340 Alboini
1363 5270 1507 5342 accessit
1526 5269 1738 5344 Ravennam
1763 5272 1808 5341 ad
1836 5267 2073 5361 Longinum,
2110 5267 2164 5339 ubi

151 5355 406 5452 Langobardos
428 5374 463 5433 ct
479 5359 639 5434 Senoms
661 5360 701 5432 in
722 5361 811 5457 ripis
823 5363 1131 5468 Albis-collocant,
1181 5393 1261 5443 cura
1293 5371 1504 5469 aliqumdiu
1530 5373 1700 5459 fuissent,
1728 5371 1919 5467 [auduus
1948 5395 2069 5447 novas
2094 5389 2163 5463 sps!
