4680 6038
149 125 238 273 'tos
543 216 546 221 ’
612 188 771 274 DECIi
809 190 888 269 DE
927 192 1745 323 carutcottsutttutttotont
2114 209 2188 287 tat

157 365 228 442 No.
245 363 332 443 152.
428 408 432 415 ·
667 400 674 421 =-
975 397 1025 440 sii.
1041 374 1137 441 taso.
1200 370 1268 439 bus
1294 393 1360 441 sno
1390 370 1540 466 quisque
1568 374 1648 445 loco
1672 377 1802 449 rectius
1827 379 1932 451 faciat
1959 403 2106 453 munera
2126 382 2184 454 sui

163 463 338 511 *Ὗ
970 464 1142 495 “⁴'‘
1201 471 1307 542 oflicii
1316 523 1333 560 ,
1358 484 1393 543 et
1408 475 1559 546 assiduis
1577 477 1767 565 gemitibus
1780 491 1814 552 et
1828 481 1920 551 votis
1935 497 2110 572 petamus,
2135 506 2183 555 ne

309 604 387 690 De
415 613 555 717 capta
585 592 997 716 comyanyinopoyi·
1158 574 1162 592 '
1199 569 1594 647 sinat‘DeusEcclesias
1616 579 1745 666 deleri,
1770 583 1902 653 etheri
1925 584 2183 657 talarbarbs·

1200 674 1287 744 riem
1312 691 1346 746 et
1367 679 1585 764 vastitatem,
1609 681 1725 772 qualis
1747 695 1798 754 est
1812 683 1850 752 in
1864 706 1992 774 magna
2008 698 2107 774 parte
2121 708 2183 775 ge-

229 782 266 839 tr
283 783 377 839 nteit.
392 779 474 837 Dect.
492 779 526 836 Τ.
540 778 590 834 tv,
607 798 634 850 p.
650 779 695 834 tut
711 782 800 852 sqq,
818 779 947 862 tttctirit.
963 780 995 836 Τ.
1008 780 1029 864 t.
1045 800 1073 853 p.
1087 780 1148 837 02.
1199 776 1296 848 neris
1313 771 1484 863 humani,
1509 805 1549 849 ac
1563 784 1769 871 praesertim
1785 808 1891 879 quam
1907 786 1977 857 late
1992 780 2183 859 Mahome-

260 848 559 976 fflviissmaw'
584 869 611 922 p.
623 849 682 905 ttt.
711 877 748 891 -
794 850 881 905 Etrsm
907 859 1050 922 separatim
1076 850 1147 906 edita
1199 879 1442 974 ticatymnnit
1457 882 1677 954 dominatur·
1766 908 1771 917 ,

312 927 377 974 '¹⁶‘
464 956 473 975 ⁶
520 956 528 973 ⁸
1299 978 1353 1050 Ac
1374 982 1418 1051 de
1435 979 1564 1053 Turris
1580 998 1732 1074 augeant
1745 987 1851 1058 nobis
1863 1001 1998 1059 metum
2014 987 2182 1061 vaticinia

158 1119 289 1192 Oratio
312 1112 361 1185 de
377 1119 494 1204 copto
510 1113 852 1205 contantiensis,-
875 1116 1043 1185 rccitotn
1057 1136 1081 1185 o
1096 1115 1146 1188 D.
1198 1081 1236 1150 3¹¹
1251 1077 1437 1153 Embl‘le
1458 1085 1502 1152 ‘¹‘
1518 1082 1600 1204 (3⁰ss
1619 1100 1654 1205 ἳῑ
1668 1085 1808 1207 Mami·
1855 1085 1996 1212 P‘lllqe
2011 1102 2047 1160 ‘²
2059 1114 2182 1162 Μ’·

347 1218 542 1313 ⁰³⁰'tl‘'
567 1216 747 1286 M“f⁰'⁰
770 1236 831 1287 ω’·
849 1213 959 1289 ¹⁵⁵⁶·
1198 1185 2074 1382 titttttl‘mtttltllsstlilttt{titt
2082 1215 2183 1367 til:

156 1372 294 1455 Annus
321 1373 460 1447 hic'est
485 1376 697 1449 centesimus
725 1389 759 1447 et
787 1378 927 1462 tertius,
960 1391 1144 1472 postquam
1196 1387 1357 1473 nicensi,
1387 1311 1524 1459 ’atqcum
1548 1390 1616 1458 alia
1640 1392 1831 1481 praedixit,
1865 1417 1955 1486 quse
1977 1406 2183 1480 evenerunt,

157 1482 271 1555 Turni
292 1480 352 1551 die
373 1477 464 1549 Μὸῐῑ
491 1478 658 1548 Vltttlmo
681 1503 778 1549 ”⁰¹10
796 1476 1144 1571 Conthnllnomlin,
1195 1503 1272 1559 tum
1296 1502 1332 1559 et
1353 1482 1423 1558 hoc
1444 1489 1677 1576 vaticinatur,
1707 1516 1804 1564 anno
1826 1495 2014 1565 millesimo
2037 1516 2182 1564 sexcen-

155 1607 231 1655 που
251 1582 370 1653 solum
392 1603 507 1650 arcem
532 1576 660 1651 Graeci
682 1580 842 1672 imperii,
868 1583 928 1652 ted
950 1583 1054 1653 etiam
1078 1584 1144 1651 do·
1195 1591 1321 1661 tesimo
1345 1588 1485 1663 Turcos
1512 1593 1551 1660 in
1573 1591 1766 1665 Germania
1795 1606 1829 1665 et
1853 1593 1955 1667 ltalia
1975 1608 2183 1686 regnaturos

155 1686 352 1758 ruinarum
375 1695 409 1754 et
432 1695 532 1751 vetus
546 1677 724 1753 Ecclesiae
743 1678 959 1774 hospicium,
983 1684 1142 1775 postob-
1196 1715 1280 1768 esre,

154 1788 333 1859 sidionem
348 1785 486 1855 dicrum
505 1797 657 1876 quatuor
671 1797 706 1854 et
718 1785 975 1878 quinquaginta
991 1785 1028 1855 vi
1043 1808 1144 1875 cepe-
1298 1790 1339 1862 ld
1363 1793 1401 1862 in
1423 1793 1530 1864 tantis
1555 1818 1676 1885 regum
1701 1810 1736 1867 ct
1759 1797 1961 1890 principum
1983 1797 2183 1886 discordiis,

153 1902 256 1974 mh
281 1888 372 1957 &⁰¹²
397 1889 501 1955 ⁶³²(st
523 1885 767 1955 ⁶l⁰d²¹l⁸⁵i¹¹¹³
790 1887 1030 1977 im90r³l⁰riti
1057 1910 1144 1958 ton·
1195 1907 1229 1964 et
1262 1895 1500 1965 crescentibus
1536 1899 1705 1987 peccatis,
1750 1900 1956 1969 defensioue
1991 1899 2183 1986 idolorum,

154 1991 266 2083 iugis,
291 1987 446 2057 filiarum
469 2000 504 2056 et
525 1986 699 2073 tiliorum,
725 2001 758 2056 et
781 1987 1015 2078 plurimarum
1038 1989 1144 2058 nubi·
1195 1996 1394 2087 parricidiis
1411 2009 1446 2066 et
1463 1997 1542 2066 aliis
1556 2001 1747 2071 sceleribus
1762 2023 1863 2091 posse
1877 2001 2047 2086 accidere,
2070 2001 2182 2072 ratio-

155 2092 243 2165 lium
258 2089 476 2160 familiarum
493 2103 528 2158 et
545 2089 678 2180 populi.
730 2087 809 2178 Qua
824 2103 922 2160 tanta
932 2092 979 2173 de
994 2113 1043 2174 re,
1062 2113 1141 2160 cum
1194 2097 1306 2167 cinari
1319 2097 1422 2168 facile
1435 2110 1498 2169 est.
1549 2094 1602 2169 Ac
1615 2101 1687 2172 fere
1703 2104 1836 2194 ubique
1852 2104 2069 2174 attraxerunt
2083 2100 2181 2173 Tur·

154 2216 210 2265 nte
224 2192 306 2263 dies
320 2188 578 2275 admonuisset,
605 2214 757 2284 cumque
771 2213 899 2280 magno
913 2215 993 2263 cum
1008 2192 1143 2277 dolore,
1195 2222 1253 2270 eoi
1267 2198 1478 2270 domesticae
1493 2199 1690 2274 discordiae
1705 2219 1740 2277 ei
1754 2203 1823 2275 alia
1836 2202 1981 2275 scelera,

156 2308 189 2367 et
208 2306 347 2366 veteres
367 2289 546 2362 Ecclesiae
569 2290 783 2362 calamitates
804 2305 839 2362 et
860 2306 1060 2383 praesentes
1084 2294 1141 2361 in·
1586 2342 1788 2357 .---..
1883 2392 1885 2399 Ι

155 2408 294 2483 tuerer,
321 2408 358 2467 et
377 2416 461 2463 vero
487 2395 721 2486 prospicerem
743 2394 899 2480 futuras,
921 2417 998 2463 non
1013 2395 1082 2465 alia
1098 2396 1141 2463 dc
1296 2399 1395 2471 Haec
1414 2426 1493 2471 cnm
1510 2396 1566 2470 liis
1583 2401 1709 2469 diebus
1724 2405 1929 2496 cogitarem,
1954 2405 2061 2476 simul
2076 2404 2181 2476 etiam

155 2522 191 2569 re
206 2496 329 2592 potius
343 2490 402 2566 hic
418 2495 607 2565 dicendum
625 2517 698 2565 esse
713 2495 843 2569 censui.
1194 2501 1365 2594 inquisivi
1394 2504 1568 2573 excidium
1592 2497 1833 2591 Athenarum,
1867 2530 1955 2601 quae
1986 2508 2032 2577 ab
2057 2507 2181 2577 eodem

255 2596 348 2669 Nam
377 2610 413 2667 et
441 2596 530 2666 illud
552 2620 675 2667 verum
700 2610 770 2682 est,
803 2592 898 2668 ὅπου
920 2591 1042 2696 oilysi,
1071 2595 1146 2667 isici
1194 2617 1364 2696 tyranno,
1407 2605 1469 2698 qui
1499 2602 1710 2697 Byzantium
1747 2608 1882 2697 coepit,
1924 2608 2058 2679 deletae
2087 2617 2181 2679 sunt·

154 2702 262 2795 χεῖρα
281 2696 367 2791 ἔχει.
419 2694 467 2766 Ει
490 2701 584 2788 apud
609 2699 768 2768 iuniores
791 2720 930 2767 necesse
952 2712 1004 2769 est
1027 2712 1142 2770 tantas
1194 2704 1265 2776 Sed
1279 2729 1399 2775 causas
1416 2706 1531 2776 videte
1547 2704 1661 2774 divini
1678 2706 1815 2783 iudicii.

156 2801 390 2894 imperiorum
420 2813 455 2869 et
478 2800 658 2869 Ecclesiae
682 2801 894 2871 mutationes
918 2822 1022 2890 saepe
1045 2824 1142 2870 com·
1289 2805 1520 2877 Florentinus
1529 2807 1675 2900 quidam
1685 2805 1811 2879 Nerius
1821 2801 2182 2902 principatumAthe-

155 2902 365 2981 memorari,
399 2901 437 2970 in
467 2902 596 2993 quibus
622 2925 701 2970 cum
726 2925 858 2991 poenae
879 2902 1049 2972 scelerum
1074 2897 1142 2972 hu·
1195 2931 1322 2977 narum
1344 2910 1492 2999 adeptus
1515 2921 1609 2993 erat,
1632 2907 1766 2978 iseum
1782 2912 1953 2990 moritur,
1974 2909 2081 2979 vidua
2098 2929 2181 2978 cum

153 3026 345 3077 manorum
368 3003 654 3093 conspiciuntur,
679 3003 791 3098 aliqui
807 3016 900 3074 certe
914 3004 1142 3073 modestiores
1195 3009 1343 3101 parvulo
1368 3011 1444 3080 filio
1467 3010 1609 3092 relicta,
1627 3066 1630 3071 .
1645 3009 1809 3098 impetrat
1834 3011 1984 3105 pesum
2004 3033 2026 3079 a
2048 3005 2181 3080 Mabo·

152 3110 242 3181 liunt
264 3118 302 3178 et
322 3117 532 3190 moventur,
556 3127 640 3174 cura
661 3126 745 3175 suae
766 3104 891 3175 salutis
914 3118 947 3174 et
964 3101 1142 3175 Ecclesiae
1194 3125 1308 3197 meto,
1340 3127 1381 3183 ut
1410 3112 1485 3201 ipsa
1512 3111 1551 3178 in
1580 3110 1801 3200 possessione
1827 3113 2046 3204 principatus
2069 3107 2181 3182 Attici

152 3210 262 3303 magis
277 3206 490 3280 alliciantur.
1194 3225 1342 3281 maneat.
1392 3210 1490 3280 llaec
1513 3225 1632 3300 postea
1655 3212 1784 3283 exarsit
1803 3237 1924 3282 amore
1936 3211 2064 3284 Veneti
2086 3234 2181 3279 mer-

105 3382 107 3391 ,
254 3308 310 3383 lta
325 3306 503 3380 Siracides
524 3307 624 3378 iubet
647 3306 778 3378 intueri
793 3306 944 3377 aliorum
962 3305 1141 3376 calamita·
1193 3313 1339 3395 catoris,
1374 3312 1437 3405 qui
1461 3311 1620 3380 Venetiis
1640 3335 1785 3380 uxorem
1807 3309 1977 3397 habebat3
2009 3335 2089 3382 cnm
2112 3306 2181 3380 hoc

151 3429 221 3501 tes,
244 3426 290 3485 ut
312 3409 496 3480 communi
519 3410 594 3498 lege
615 3408 721 3478 nobis
746 3409 876 3480 similia
899 3410 1044 3479 serenda
1068 3431 1141 3478 esse
1194 3413 1401 3505 paciscitur,
1427 3413 1457 3482 si
1474 3410 1668 3482 divortium
1687 3413 1792 3484 faciat
1807 3438 1887 3485 cum
1903 3437 2031 3496 uxore,
2057 3411 2180 3503 seipsi

153 3515 368 3608 rogitemus:
403 3509 521 3581 Hodie
535 3506 648 3596 mihi,
672 3533 750 3581 cras
765 3510 842 3582 tibi.
891 3586 895 3591 ,
1193 3529 1386 3608 nupturam
1412 3537 1505 3599 esse,
1536 3526 1572 3584 et
1600 3513 1855 3587 collocaturum
1878 3540 1958 3588 eum
1982 3514 2022 3583 in
2045 3511 2180 3607 princi·

253 3613 407 3705 Scripsit
416 3610 587 3706 Polybius
601 3636 638 3682 se
652 3612 803 3683 astitisse
811 3610 971 3702 Scipioni
987 3610 1141 3683 intuenti
1193 3631 1329 3712 patum.

147 3712 378 3806 Carthaginis
394 3714 598 3783 incendium
613 3738 653 3785 ac
667 3709 915 3807 lachrymanti,
940 3737 1044 3806 quem
1061 3738 1140 3782 cum
1298 3718 1453 3789 Venetus
1482 3717 1649 3788 incensus
1677 3716 1871 3811 cupiditate
1897 3720 2044 3789 domum
2074 3717 2179 3799 redit,

148 3824 420 3908 interrogasset,
446 3839 510 3886 cur
531 3811 770 3911 lachrymaret
792 3815 906 3886 victor
927 3827 1025 3884 tanto
1047 3815 1140 3885 bello
1193 3833 1228 3890 et
1244 3820 1430 3909 coniugem
1448 3843 1586 3890 veneno
1605 3819 1711 3893 tollit.
1760 3818 1885 3891 Postea
1901 3822 1994 3901 redit
2010 3813 2179 3903 Athenas,

152 3920 332 4015 perlecto?
381 3915 477 3988 Tum
500 3916 561 3986 ille
582 3940 725 4006 gemens
742 3917 944 4007 respondit,
968 3939 1043 3985 non
1064 3916 1142 3986 siue
1193 3934 1228 3993 et
1258 3923 1363 3991 ducta
1394 3921 1501 3992 vidua
1531 3921 1733 4012 principatu
1752 3921 1905 4010 potitur,
1934 3936 1969 3991 et
1991 3920 2179 3991 saeviciam

152 4023 288 4114 ingenti
303 4019 610 4091 commiseratione
626 4041 662 4088 se
678 4017 893 4089 clarissimae
908 4017 1026 4098 urbis,
1050 4042 1140 4112 quae
1193 4036 1330 4093 exercet
1355 4024 1394 4092 in
1415 4022 1512 4094 viros
1534 4022 1683 4095 nobiles.
1735 4017 1971 4092 Athenienses
1985 4035 2180 4115 tyrannum

151 4131 226 4200 iarn
257 4147 369 4194 snnos
396 4121 636 4211 septingentos
655 4120 824 4205 stetisset,
857 4119 1040 4189 interitum
1062 4142 1142 4209 spe-
1192 4125 1362 4206 aversati,
1388 4138 1553 4195 accusant
1569 4146 1650 4192 eum
1665 4124 1760 4215 apud
1777 4117 2035 4194 Mahometum.
2085 4118 2178 4192 Cum

148 4245 246 4305 ctare
266 4247 386 4319 posse,
412 4247 477 4293 nec
496 4223 573 4292 sine
594 4245 723 4312 magno
744 4222 867 4293 dolore
882 4222 926 4291 de
940 4220 1056 4290 ruinis
1072 4221 1140 4289 im·
1192 4229 1236 4295 ad
1259 4220 1356 4295 bunc
1380 4226 1555 4318 profectus
1569 4237 1676 4309 esset,
1700 4236 1741 4293 ut
1755 4247 1834 4292 eum
1849 4224 1999 4316 pecunia
2015 4223 2181 4314 placaret,

149 4330 333 4426 periornm
356 4337 537 4409 veterum,
569 4338 604 4396 et
627 4325 747 4394 tuturo
771 4324 953 4417 aliquanto
975 4335 1054 4413 post
1076 4346 1140 4392 ur-
1192 4323 1421 4398 Mahometus
1435 4351 1515 4396 eum
1530 4324 1678 4395 interfici
1694 4324 1804 4396 iubet.

147 4434 206 4509 bis
225 4427 368 4503 Romae
391 4425 545 4507 excidio,
576 4427 676 4495 etde
701 4425 872 4494 immensa
895 4423 1139 4494 communium
1294 4425 1347 4499 lta
1362 4429 1516 4520 primum
1532 4427 1608 4516 ipse
1620 4425 1793 4496 scelerum
1805 4446 1936 4516 poenas
1951 4425 2062 4496 dedit.
2107 4422 2180 4493 Po·

147 4551 403 4615 aerumnarum
433 4526 572 4620 generis
600 4521 752 4597 humaui
774 4526 870 4599 mole
896 4525 1068 4616 cogitare,
1100 4552 1140 4597 ac
1192 4541 1264 4599 stea
1278 4552 1358 4599 cum
1374 4524 1603 4600 Mahometus
1618 4527 1719 4618 parvi
1733 4522 1896 4597 haeredis
1912 4541 2063 4616 cognato
2077 4525 2179 4617 prin-

148 4626 422 4713 subiecissshos
436 4651 571 4700 versus:
757 4670 763 4695 -.
1192 4630 1345 4719 cipetum
1370 4630 1591 4713 tradidisset,
1624 4627 1655 4697 is
1678 4627 1886 4713 mulierem,
1919 4651 2009 4719 quae
2033 4639 2179 4719 propter

224 4742 366 4823 Tempus
379 4742 435 4801 ertt
449 4739 570 4823 quando
587 4738 739 4798 mitorum
753 4748 798 4798 est
813 4731 895 4797 ilion
909 4737 1018 4800 altum.
1193 4731 1382 4803 libidinem
1394 4731 1509 4822 specie
1520 4728 1678 4818 coniugii
1693 4729 1929 4819 principatum
1944 4731 1988 4798 sd
2003 4726 2178 4797 Venetum

227 4842 371 4928 curaque
385 4844 476 4902 simut
493 4843 581 4902 tbrits
595 4836 733 4902 Priamus
747 4841 939 4923 populusque
952 4841 1071 4920 peribit.
1191 4849 1383 4905 amatorem
1407 4831 1654 4915 transtulerat,
1678 4829 1851 4899 inclusam
1874 4829 2004 4898 carceri
2024 4827 2179 4918 Megaris

148 4944 326 5015 videmus
354 4950 493 5020 autem,
525 4949 567 5007 ut
593 4936 639 5005 de
665 4932 745 5003 aliis
771 4934 875 5002 malis
905 4956 978 5003 non
1011 4935 1140 5017 diram,
1191 4933 1369 5004 interficit.
1423 4932 1474 5005 lta
1491 4948 1525 5005 et
1539 4931 1670 5002 mulier
1685 4930 1859 5002 divinitus
1875 4929 1997 5021 pnnits
2012 4943 2076 5004 est.

146 5068 246 5118 nune
259 5040 400 5112 'furcos
414 5061 489 5107 non
505 5031 694 5107 Thraciam
711 5047 774 5105 aut
788 5031 974 5105 Graeciam
993 5051 1139 5119 vastare,
1208 5034 1211 5039 ’
1292 5033 1427 5106 Haeres
1456 5049 1570 5105 matre
1596 5033 1760 5114 orbatus,
1793 5055 1873 5101 cum
1901 5031 1969 5100 sibi
1994 5054 2208 5124 qnoqnea.

147 5150 210 5219 sed
229 5163 396 5236 oppressa
411 5137 617 5221 Pannonia,
642 5136 712 5204 iam
729 5134 917 5228 aliquoties
932 5136 969 5204 iu
986 5134 1139 5204 Germa·
1189 5151 1337 5225 cognato
1366 5135 1456 5225 eripi
1487 5133 1732 5227 principatum·
1752 5131 1906 5217 ittera,
1935 5146 2074 5202 accusat
2095 5154 2177 5202 eum

148 5251 248 5320 niam
271 5245 448 5327 ingressos
472 5261 555 5308 esse.
607 5235 729 5326 Quare
751 5251 948 5309 metuamus
966 5261 1032 5307 nos
1047 5259 1136 5328 quo-
1188 5239 1283 5325 apud
1296 5231 1543 5309 Mabometum
1558 5237 1603 5304 de
1619 5255 1705 5304 nece
1720 5233 1855 5305 matris.
1903 5229 2178 5352 M³¹¹5¹?¹.⁵⁸⁵¹⁰‘

149 5375 221 5447 qne
241 5361 277 5420 et
299 5341 452 5416 Turcica
471 5355 506 5412 et
526 5340 598 5413 alia
618 5339 731 5427 bella,
753 5352 789 5411 et
810 5339 1005 5413 emendatis
1025 5337 1137 5413 mori·
1188 5332 1435 5422 Mabometus,
1462 5337 1590 5410 videns
1602 5358 1680 5411 non
1695 5356 1769 5409 esse
1782 5334 1890 5407 tinem
1902 5334 2177 5441 parricidiorum
