4680 6038
256 209 330 289 147
641 198 800 280 DECL.
842 198 918 276 DE
950 196 1308 277 DlSCRlMlNE
1338 195 1547 273 LEGUM
1579 190 1773 271 Ponat
1802 212 1892 270 rm.
2202 194 2275 275 14⁸

256 406 362 477 gnam
378 377 550 451 hocloco.
603 376 679 446 Nec
705 376 792 446 adeo
815 374 966 445 ridicule
989 375 1131 466 ineptus
1151 398 1244 455 sum,
1295 396 1369 443 non
1385 371 1504 465 libeat.
1555 364 1677 440 aliter
1692 369 1837 439 luemnt
1853 367 2196 455 etsuutlbntlaon'i,
2219 372 2281 465 qui

258 500 301 558 ut
316 484 509 556 existimem
526 504 582 549 me
596 500 699 570 posse
715 479 759 547 de
775 477 882 548 rebus
899 478 1036 568 magnis
1052 475 1180 560 dicere,
1204 488 1246 546 ut
1297 477 1435 564 fingunt
1450 472 1556 544 ctiam
1572 485 1694 541 contra
1712 471 1961 541 conscientiam
1976 472 2152 544 violantes
2172 473 2279 564 legem

261 589 419 680 ipsarum
453 605 571 654 rerum
605 581 760 669 dignitas
791 579 954 670 postulat.
1017 577 1127 648 Nulla
1150 578 1246 647 enim
1297 574 1384 657 Dei,
1409 591 1527 646 tamen
1545 569 1621 643 Deo
1637 573 1784 664 placere.
1833 569 1917 641 Non
1933 567 2174 645 delectorbst
2194 574 2282 645 resi·

260 686 417 759 humana
431 683 633 778 eloquentia
648 678 833 752 exhaurire
858 679 981 750 laudes
993 677 1064 751 Dei
1085 693 1119 749 et
1142 681 1248 749 decus
1298 678 1453 761 tatione,
1478 697 1680 769 quaresum
1701 674 1854 745 brevior.
1905 672 2072 765 Prodigia
2091 696 2169 745 esse
2188 676 2282 768 eogi-

264 790 436 859 virtutum
460 799 585 879 potest.
636 784 707 856 Sed
729 778 820 852 banc
843 781 1075 852 adolescentis
1095 781 1248 873 impera·
1298 795 1433 864 tamus,
1472 777 1611 862 idest,
1649 777 1749 866 signa
1781 770 1989 860 horribilis,
2034 777 2281 865 &nuntiantia

264 891 354 962 toris
371 887 538 961 Gratiani
555 885 762 955 sententiam
786 907 992 977 sequamur:
1023 881 1184 954 Dicimus
1205 884 1249 951 de
1301 883 1390 952 iram
1404 878 1472 951 Dei
1489 893 1524 950 et
1535 902 1741 949 communes
1756 901 1904 968 poenas,
1929 890 2041 948 terrae
2057 893 2194 968 motus,
2215 879 2284 955 0)-

263 989 363 1076 Deo,
388 1016 460 1061 non
482 1001 652 1083 quantum
673 986 862 1070 debemus,
887 986 946 1054 sed
969 999 1141 1078 quantum
1167 1007 1250 1077 pos·
1302 997 1426 1067 metas,
1465 980 1707 1066 traiectiones,
1739 980 1910 1065 fulmina,
1942 1002 2034 1072 quae
2057 993 2149 1052 totas
2170 984 2284 1079 sylvas

267 1114 407 1173 sumus,
441 1092 491 1161 sic
520 1103 638 1160 tamen
667 1101 708 1159 ut
732 1101 852 1158 nostra
874 1088 988 1157 oratio
1013 1101 1182 1176 congmat
1206 1087 1251 1156 ad
1302 1099 1337 1155 et
1352 1085 1457 1155 urbes
1472 1084 1683 1153 incendunt.
1734 1081 1804 1152 Sed
1825 1080 1930 1172 longe
1948 1081 2166 1153 terribiliora
2186 1087 2284 1177 signs

267 1217 401 1278 vocem,
427 1216 533 1287 quam
550 1192 625 1282 ipse
642 1189 747 1259 nobis
763 1188 923 1259 tradidit.
972 1184 1051 1258 Oro
1067 1189 1185 1279 igitur,
1212 1201 1252 1259 ut
1303 1200 1386 1258 sunt
1406 1186 1488 1256 illae
1509 1184 1735 1254 diabolorum
1750 1206 1880 1268 voces,
1905 1184 2182 1257 contumeliosae
2201 1210 2287 1259 oon·

265 1295 356 1364 boni
378 1294 570 1364 consulatis
593 1293 874 1385 qualemcunque
904 1286 995 1360 hanc
1025 1315 1141 1360 meam
1171 1314 1252 1361 ora·
1304 1303 1358 1360 tra
1373 1288 1485 1377 legem
1499 1283 1568 1357 Dei
1583 1300 1617 1358 et
1630 1299 1751 1356 contra
1763 1284 1948 1376 politicum
1964 1285 2141 1358 ordinem.
2191 1285 2286 1362 llaec

267 1397 422 1480 tionem,
448 1397 485 1462 in
504 1417 573 1488 qua
588 1405 835 1483 argumentum
853 1393 982 1478 allero,
1007 1415 1083 1462 non
1097 1392 1252 1462 alienum
1305 1414 1406 1481 saepe
1430 1390 1652 1481 multumque
1674 1387 1832 1478 cogitans
1847 1386 2044 1478 et'fogiens
2059 1383 2127 1459 bos
2140 1386 2288 1479 furora,

268 1521 382 1568 amco
398 1497 528 1580 studio,
554 1495 754 1565 videliceta
771 1493 930 1565 civilium
948 1496 1064 1584 legum
1082 1495 1253 1579 doctrina,
1306 1516 1435 1586 quaero
1452 1515 1573 1561 vocem
1590 1490 1750 1560 divinam
1768 1489 1807 1556 in
1816 1483 1990 1573 Ecclesia,
2015 1504 2056 1560 ut
2068 1491 2209 1563 dictum
2224 1506 2290 1565 est!

270 1599 367 1693 quod
382 1611 498 1667 tamen
518 1621 559 1666 eo
574 1619 677 1688 saepe
692 1598 923 1686 repetendum
935 1613 997 1680 est,
1022 1609 1062 1666 ut
1079 1597 1117 1664 in
1134 1597 1254 1666 iunio·
1305 1593 1466 1663 Lucerna
1485 1591 1636 1684 pedibus
1658 1591 1746 1661 meis
1770 1590 1918 1659 verbum
1941 1603 2054 1662 tuum.
2105 1589 2180 1664 Ubi
2199 1598 2290 1669 reete

269 1701 370 1770 ribus
386 1700 501 1768 alatur
514 1712 548 1768 et
563 1701 789 1767 coulirmetur
807 1699 922 1788 legum
939 1698 1148 1773 reverentia.
1187 1697 1255 1771 Di·
1308 1719 1374 1766 nos
1386 1695 1522 1766 erudiri
1535 1697 1579 1765 de
1595 1695 1671 1784 lege
1691 1707 1726 1764 et
1745 1694 1789 1762 de
1810 1691 1936 1762 ordine
1958 1691 2105 1783 politico
2127 1714 2290 1787 agnosca

271 1825 347 1872 caru
368 1801 463 1869 enim
479 1796 602 1868 dehac
622 1800 835 1892 quaestione.
1012 1804 1017 1812 '
1307 1811 1342 1867 et
1369 1799 1482 1869 laetor
1511 1819 1615 1867 veros
1641 1797 1756 1864 sontes
1776 1793 1934 1878 ostendi,
1965 1816 2006 1865 sc
2031 1818 2114 1871 vere
2136 1790 2208 1868 boc
2230 1799 2291 1869 sd-

373 1899 464 1971 Cum
487 1900 618 1970 Paulus
643 1900 825 1970 manifeste
847 1900 996 1971 affirmet
1025 1901 1255 1971 violationem
1307 1900 1422 1984 firmo,
1437 1894 1753 1969 valdeconlirmari
1768 1894 1940 1965 inanimo
1955 1918 2034 1966 meo
2045 1898 2292 1971 adsensionem

272 2004 388 2090 legum
404 2002 629 2092 politicarum
647 2025 718 2071 esse
736 2014 930 2091 peccatum,
956 2027 1026 2096 qno
1042 2004 1256 2073 conscientia
1308 2015 1343 2071 et
1362 2004 1405 2070 de
1420 2000 1644 2093 providentia
1660 2011 1694 2068 et
1708 1999 1754 2068 de
1765 1993 1934 2068 Ecclesia·
1967 1995 2074 2086 Quod
2088 2012 2291 2091 potestesse

274 2104 384 2174 aDeo
406 2104 588 2188 avellitur,
613 2126 674 2172 seu
690 2116 729 2172 ut
752 2103 977 2172 nominamus
994 2106 1137 2191 usitate,
1159 2128 1257 2175 mor·
1308 2102 1483 2173 illustrius
1513 2101 1754 2174 testimonium
1779 2101 1950 2169 adversus
1971 2122 2098 2170 omnes
2120 2097 2292 2196 Cyclopas

271 2205 363 2295 tale,
392 2228 453 2274 cur
473 2229 545 2274 non
568 2204 839 2274 existimandum
863 2205 909 2274 sit
933 2205 1160 2276 violationem
1183 2221 1256 2278 tra·
1309 2217 1343 2276 et
1364 2201 1575 2296 Epicureos,
1611 2226 1719 2298 quam
1749 2197 1933 2291 haecipss
1956 2196 2085 2273 notitia
2106 2204 2294 2290 naturalis,

272 2306 471 2391 ditionum,
498 2330 584 2398 quas
602 2305 641 2374 in
657 2301 813 2374 Ecclesia
838 2319 994 2398 pastores
1011 2329 1074 2379 sen
1088 2305 1257 2401 Episcopi
1309 2302 1512 2376 discernebs
1526 2301 1673 2376 honesta
1688 2316 1722 2375 et
1736 2304 1855 2394 turpia
1869 2302 1908 2371 in
1924 2296 2090 2373 humanis
2103 2304 2292 2394 mentibus,

272 2409 454 2486 condunt,
480 2420 620 2499 peccata
638 2429 721 2479 esse.
1309 2421 1343 2478 et
1377 2408 1633 2498 turpitudinem
1665 2406 1817 2498 puniens
1850 2404 2055 2495 ingentibus
2087 2408 2291 2481 terroribus.

375 2505 428 2578 De
457 2502 524 2576 boc
553 2507 760 2576 discrimine
785 2506 902 2596 legum
932 2507 1066 2579 erudiri
1094 2505 1257 2580 homines
1309 2505 1374 2579 Est
1392 2532 1474 2598 ergo
1489 2505 1604 2590 Deus,
1632 2529 1701 2601 qua
1723 2502 1814 2576 hanc
1831 2508 1946 2576 lucem
1963 2506 2069 2577 nobis
2082 2507 2236 2593 indidit,
2257 2522 2293 2579 et

272 2620 493 2682 necesseest.
544 2603 590 2679 Et
607 2609 702 2677 bono
720 2608 868 2679 consilio
884 2632 985 2701 saepe
1001 2605 1128 2681 harum
1144 2613 1258 2681 maxi·
1310 2606 1378 2681 hoc
1407 2610 1578 2680 iudicium
1611 2631 1776 2699 praesens
1802 2608 2020 2679 immutabili
2058 2608 2206 2681 iusticia
2232 2634 2293 2683 sna

271 2733 545 2781 marumrerum
561 2710 849 2780 commemoratio
865 2711 1046 2802 repetitur.
1089 2711 1141 2782 Ac
1160 2714 1258 2805 prius
1309 2712 1505 2805 exequitur.
1563 2709 1703 2783 Deinde
1725 2710 1968 2782 testimonium
1988 2719 2041 2781 est
2057 2712 2104 2781 de
2126 2706 2294 2796 Ecclesia,

274 2811 389 2881 dicam
407 2813 451 2881 de
466 2811 585 2903 priore
600 2824 712 2902 parte,
737 2811 902 2883 videlicet
917 2815 961 2883 de
975 2815 1177 2885 obedientia
1195 2817 1258 2885 de·
1310 2808 1396 2882 haec
1412 2814 1487 2905 ipsa
1506 2838 1572 2883 vox
1589 2813 1687 2902 legis.
1729 2810 2294 2907 lmpossibileestessepopulum

271 2913 346 2983 bita
364 2913 499 3002 legibus
516 2913 680 3004 politicis.
730 2910 839 2984 Multi
860 2915 1026 2985 omnibus
1041 2918 1259 3006 temporibus
1310 2916 1399 3001 Dei,
1423 2916 1517 2985 ullos
1539 2910 1704 2985 homines
1723 2927 1785 2984 aut
1807 2912 1923 2984 ullum
1942 2934 2088 3005 agmen,
2113 2916 2214 3010 quod
2235 2940 2296 3011 ps-

272 3015 524 3108 quaesiverunt
537 3014 672 3103 ingenii
691 3014 832 3084 laudem
851 3015 1110 3109 vituperatione
1130 3019 1257 3110 legum.
1309 3019 1380 3086 lam
1394 3018 1512 3088 abolet
1527 3017 1636 3087 ullam
1652 3017 1765 3105 legem
1781 3015 1954 3091 divinam.
2003 3010 2296 3091 OmnesEtbnici

272 3115 382 3205 Apud
405 3114 593 3185 Platonem
617 3115 734 3210 inquit
763 3115 933 3208 Hippias,
972 3119 1084 3209 legem
1108 3143 1181 3190 esse
1203 3135 1258 3215 ty·
1310 3120 1445 3213 aliquas
1474 3119 1614 3188 divinas
1641 3119 1735 3206 leges
1761 3138 1907 3209 prorsus
1935 3117 2173 3207 deterremur,
2198 3120 2294 3193 etin

271 3240 444 3303 rannnm,
484 3216 567 3311 quia
591 3239 696 3309 vagas
719 3218 928 3310 cupiditates
950 3215 1137 3291 bominum
1160 3220 1259 3294 iubet
1309 3217 1625 3291 solaEcclesiaDei
1640 3218 1770 3291 mansit
1783 3219 1838 3289 lex
1854 3219 2009 3308 integra,
2032 3235 2068 3293 et
2080 3221 2160 3293 sols
2171 3216 2296 3294 Eccle-

271 3318 422 3401 frenari,
445 3333 479 3392 et
495 3332 605 3389 certas
622 3332 731 3390 metas
745 3320 924 3393 actionum
943 3324 1136 3396 constituit.
1186 3321 1257 3417 Cy·
1310 3323 1360 3392 sia
1378 3322 1550 3402 ostendit,
1577 3316 1966 3412 undebaecsapicntia
1991 3324 2170 3395 transfusa
2190 3324 2239 3397 sit
2257 3324 2294 3395 iu

273 3418 347 3490 nici
366 3421 472 3490 etiam
488 3421 663 3491 rabiosins
684 3419 794 3491 locuti
819 3435 921 3503 sunt,
949 3421 1042 3492 nibil
1060 3440 1163 3516 turpe
1184 3449 1258 3495 esse
1309 3438 1443 3492 mentes
1461 3419 1658 3507 hominum,
1683 3424 1780 3493 unde
1795 3423 1840 3493 sit
1855 3423 2033 3494 contraria
2047 3426 2180 3516 caligo,
2202 3428 2293 3498 unde

272 3535 442 3609 perpetua
462 3522 601 3608 regula,
622 3525 683 3591 sed
712 3536 848 3592 tantum
870 3524 1040 3613 opinione
1063 3528 1148 3595 alibi
1171 3526 1258 3596 alias
1308 3526 1495 3594 dissidium
1520 3525 1606 3613 legis
1627 3538 1662 3595 et
1683 3525 1819 3608 cordis,
1856 3527 2036 3618 quomodo
2064 3527 2141 3618 regi
2170 3540 2292 3601 meua

275 3620 432 3689 actiones
463 3635 619 3712 receptas
649 3643 735 3693 csse.
802 3620 934 3696 Extant
958 3627 1064 3697 etiam
1087 3626 1256 3699 Politiani
1309 3626 1438 3721 possit,
1478 3627 1656 3718 quomodo
1679 3622 1776 3696 Deus
1809 3627 1936 3695 ordine
1965 3627 2114 3717 politico
2141 3626 2238 3703 inter
2257 3654 2291 3701 se

272 3744 411 3805 versus,
438 3722 501 3815 qui
516 3745 596 3791 cum
610 3723 761 3793 nimium
783 3724 983 3817 indulgeret
1005 3729 1258 3822 cupiditatibus
1308 3727 1508 3797 devinxerit
1530 3723 1711 3812 homines,
1736 3727 1867 3820 quibus
1891 3727 2076 3820 praesidiis
2094 3730 2291 3806 sociemen

272 3822 363 3907 suis,
388 3823 504 3911 legum
522 3825 646 3894 odium
664 3820 721 3894 bis
735 3826 894 3899 versibus
910 3852 974 3900 nec
989 3831 1082 3902 veris
1096 3855 1160 3902 nec
1184 3831 1257 3903 ele-
1307 3829 1513 3903 muniverit.

272 3937 397 4010 gauter
408 3925 509 3996 iactis
524 3926 696 3997 ostendit:
1409 3929 1548 4002 llarum
1576 3928 1808 4000 maximarum
1836 3953 1956 4000 rernm
1987 3931 2193 4007 doctrinan
2216 3958 2290 4009 m

323 4028 485 4095 Inventum
499 4035 586 4096 Atrei
600 4036 739 4097 deantur
753 4038 817 4098 tura
833 4035 990 4120 Draconis,
1310 4034 1349 4104 in
1371 4034 1446 4104 sola
1461 4027 1619 4102 Ecclesia
1633 4029 1749 4116 disco,
1773 4054 1818 4101 sn
1834 4053 1908 4102 non
1925 4031 2028 4102 valde
2043 4036 2238 4125 gaudeam,
2259 4051 2290 4109 et

371 4133 453 4197 Vera
467 4149 511 4198 est
527 4138 608 4199 tama
620 4144 728 4217 nimis,
755 4145 799 4202 nit
812 4146 870 4204 oiri
885 4147 967 4206 viru·
983 4144 1103 4210 liabent.
1309 4136 1516 4214 confirmer,
1541 4146 1581 4205 ut
1596 4146 1746 4203 statuam
1763 4156 1845 4204 vers
1861 4155 1935 4203 esse
1957 4158 2049 4228 quae
2070 4136 2124 4206 ibi
2145 4140 2289 4211 tradua-

271 4224 380 4314 Quod
396 4227 506 4301 Attici
530 4234 697 4304 dixerunt
718 4235 916 4309 aDracone
937 4241 1029 4329 leges
1052 4252 1147 4310 ortas
1170 4259 1255 4321 esse,
1309 4252 1386 4323 tur,
1419 4252 1454 4309 et
1476 4235 1514 4304 in
1535 4258 1577 4305 eo
1599 4248 1702 4307 coetu
1723 4258 1926 4329 quanquam
1953 4258 2169 4311 aerumnoso
2194 4236 2289 4313 babi-

269 4321 339 4397 boc
352 4354 493 4424 quoque
510 4333 695 4421 allegorice
709 4337 842 4407 dictum
858 4364 950 4426 esse,
976 4354 1121 4432 propter
1137 4338 1255 4410 Palla·
1308 4353 1382 4411 tare
1398 4336 1539 4411 Deum?

270 4427 327 4498 dis
341 4428 511 4520 Aegidem
524 4447 559 4503 et
574 4458 723 4524 poenas,
749 4439 922 4516 existimo.
982 4442 1052 4514 Sed
1075 4465 1254 4536 quaecun-
1409 4439 1513 4529 Legi,
1541 4436 1828 4512 meminiomnia
1850 4435 2069 4509 Graecorum
2089 4453 2126 4514 el
2144 4440 2289 4517 hano

272 4551 340 4620 que
362 4530 438 4602 eius
459 4536 632 4606 sermonis
650 4560 753 4608 causa
772 4554 841 4623 est,
868 4542 1067 4616 Politianus
1084 4559 1255 4615 venenate
1306 4567 1388 4614 rum
1403 4541 1533 4633 scripta
1549 4543 1593 4610 de
1606 4541 1724 4630 legum
1740 4538 1912 4629 dignitate
1933 4553 1968 4610 et
1989 4540 2034 4611 de
2054 4541 2237 4635 imperiis,
2258 4558 2289 4615 et

270 4627 308 4698 id
324 4632 458 4702 dictum
471 4634 732 4728 interpretatur.
785 4639 884 4728 Quid
899 4646 1014 4717 dicam
1037 4649 1081 4717 de
1098 4645 1171 4715 illis
1188 4641 1254 4716 bo·
1307 4667 1410 4736 saepe
1429 4644 1545 4734 cogito
1567 4641 1773 4736 praecipuas
1792 4640 1955 4711 omniurn
1971 4642 2174 4717 sententias.
2223 4644 2288 4719 Sed

269 4731 446 4816 minibus,
493 4736 555 4830 qni
583 4733 761 4809 Ecclesiae
790 4767 911 4814 vocem
948 4773 1023 4817 non
1054 4747 1254 4822 audierant.
1306 4752 1424 4818 tamen
1453 4747 1554 4816 nulla
1582 4741 1751 4813 vestalis
1772 4764 1922 4836 nsquam
1943 4744 2074 4815 tradita
2098 4760 2170 4829 est,
2201 4770 2288 4842 quse

268 4827 397 4904 N⁰⁸lf³
423 4851 534 4922 ³0¹³&
568 4863 647 4908 cum
669 4842 792 4933 purior
816 4840 1001 4936 Evangelii
1022 4850 1185 4921 doctrina
1209 4850 1252 4918 il·
1304 4848 1489 4918 vinculum
1517 4859 1606 4920 esset
1630 4843 1814 4914 universae
1835 4842 1951 4913 civilis
1974 4846 2170 4936 societatis,
2201 4851 2289 4920 sient

271 4931 382 5021 luxit,
409 4962 514 5029 qnam
530 4942 726 5012 multorum
743 4945 879 5017 audivit
895 4952 1103 5022 tribunitios
1119 4951 1253 5020 clamo·
1306 4944 1375 5019 hoc
1403 4948 1555 5019 dictum:
1605 4942 1753 5016 Necesse
1787 4957 1841 5016 est
1861 4945 2018 5016 obedire
2044 4968 2121 5018 non
2150 4960 2287 5023 tsntnns

267 5055 343 5117 Μ,
366 5038 447 5130 qui,
470 5052 511 5109 ut
528 5041 704 5114 lenissime
726 5045 857 5132 dicam,
881 5054 1115 5123 reverentiam
1133 5053 1251 5142 legum
1296 5063 1452 5144 propter
1473 5049 1585 5133 iram,
1612 5047 1696 5117 sed·
1712 5058 1858 5137 propter
1887 5047 2153 5124 conscientiam.
2212 5050 2288 5125 Hoc

266 5134 370 5250 valde
394 5138 689 5229 languelecerunt.
747 5142 1000 5242 Anabsptistae
1027 5154 1139 5244 leges,
1175 5178 1251 5223 ma-
1303 5150 1493 5245 praeconio
1519 5162 1693 5221 vocantur
1713 5147 1754 5216 in
1776 5146 1973 5232 iudicium,
2002 5170 2077 5219 aon
2097 5151 2143 5220 sd
2167 5174 2289 5245 “gum

265 5248 445 5324 8¹⁸lffll¹¹⁸2
492 5242 643 5330 iudicia,
685 5247 802 5339 palam
831 5251 1053 5344 improbant,
1096 5279 1249 5353 quorum
1302 5254 1545 5345 etprincipum
1560 5247 1755 5322 tribunalia
1768 5242 1919 5333 nutum,
1943 5248 2193 5323 sedadlleum
2210 5255 2290 5326 vin·

262 5336 375 5409 multa
394 5343 483 5414 adeo
505 5356 595 5418 tetra
615 5344 709 5421 dicta
732 5363 767 5423 et
786 5351 877 5424 facts
899 5370 1002 5444 suut,
1036 5371 1079 5430 ut
1100 5355 1249 5428 recitare
1302 5356 1417 5429 dicem
1440 5374 1583 5442 omncs,
1612 5352 1676 5448 qui
1696 5351 1896 5445 petulanter
1914 5350 2008 5441 leges
2027 5350 2191 5446 politicas
2213 5356 2291 5430 vio.
