<?xml version="1.0" encoding="UTF-8"?>
<!DOCTYPE html PUBLIC "-//W3C//DTD XHTML 1.0 Transitional//EN"
    "http://www.w3.org/TR/xhtml1/DTD/xhtml1-transitional.dtd">
<html xmlns="http://www.w3.org/1999/xhtml" xml:lang="en" lang="en">
 <head>
  <title>
</title>
<meta http-equiv="Content-Type" content="text/html;charset=utf-8" />
  <meta name='ocr-system' content='tesseract 3.04.00' />
  <meta name='ocr-capabilities' content='ocr_page ocr_carea ocr_par ocr_line ocrx_word'/>
</head>
<body>
  <div class='ocr_page' id='page_1' title='image "./corpusreformato00bretgoog_0490.png"; bbox 0 0 4680 6038; ppageno 0'>
   <div class='ocr_carea' id='block_1_1' title="bbox 154 182 2182 286">
    <p class='ocr_par' dir='ltr' id='par_1_1' title="bbox 154 182 2182 286">
     <span class='ocr_line' id='line_1_1' title="bbox 154 182 2182 286; baseline 0.004 -31"><span class='ocrx_word' id='word_1_1' title='bbox 154 187 252 286; x_wconf 61' lang='lat'>1065</span> <span class='ocrx_word' id='word_1_2' title='bbox 726 185 755 261; x_wconf 89' lang='grc' dir='ltr'>Ι.</span> <span class='ocrx_word' id='word_1_3' title='bbox 781 183 1094 275; x_wconf 76' lang='lat' dir='ltr'>¹Clil&#39;sONlCON</span> <span class='ocrx_word' id='word_1_4' title='bbox 1115 182 1368 279; x_wconf 72' lang='lat' dir='ltr'>cauturus.</span> <span class='ocrx_word' id='word_1_5' title='bbox 1420 183 1548 264; x_wconf 83' lang='lat' dir='ltr'><strong>PARS</strong></span> <span class='ocrx_word' id='word_1_6' title='bbox 1572 186 1621 263; x_wconf 84' lang='lat' dir='ltr'>lt.</span> <span class='ocrx_word' id='word_1_7' title='bbox 2083 199 2182 273; x_wconf 83' lang='lat'><strong>1066</strong></span> 
     </span>
    </p>
   </div>
   <div class='ocr_carea' id='block_1_2' title="bbox 255 353 2178 458">
    <p class='ocr_par' dir='ltr' id='par_1_2' title="bbox 255 353 2178 458">
     <span class='ocr_line' id='line_1_2' title="bbox 255 353 2178 458; baseline 0.008 -26"><span class='ocrx_word' id='word_1_8' title='bbox 255 353 605 433; x_wconf 81' lang='lat' dir='ltr'>Octavuslsaacius</span> <span class='ocrx_word' id='word_1_9' title='bbox 621 360 665 433; x_wconf 89' lang='lat' dir='ltr'>ab</span> <span class='ocrx_word' id='word_1_10' title='bbox 675 357 840 432; x_wconf 86' lang='lat' dir='ltr'>Heraclio</span> <span class='ocrx_word' id='word_1_11' title='bbox 849 360 995 446; x_wconf 81' lang='lat' dir='ltr'>missus,</span> <span class='ocrx_word' id='word_1_12' title='bbox 1022 382 1140 449; x_wconf 84' lang='lat' dir='ltr'>pacem</span> <span class='ocrx_word' id='word_1_13' title='bbox 1191 372 1296 430; x_wconf 90' lang='lat' dir='ltr'>natus</span> <span class='ocrx_word' id='word_1_14' title='bbox 1316 374 1385 443; x_wconf 86' lang='lat' dir='ltr'>est,</span> <span class='ocrx_word' id='word_1_15' title='bbox 1406 363 1518 455; x_wconf 81' lang='lat' dir='ltr'>quod</span> <span class='ocrx_word' id='word_1_16' title='bbox 1542 362 1694 454; x_wconf 87' lang='lat' dir='ltr'>magicas</span> <span class='ocrx_word' id='word_1_17' title='bbox 1718 363 1931 457; x_wconf 74' lang='lat' dir='ltr'><strong>imposturas</strong></span> <span class='ocrx_word' id='word_1_18' title='bbox 1954 373 2178 458; x_wconf 84' lang='lat' dir='ltr'>exercuisset,</span> 
     </span>
    </p>
   </div>
   <div class='ocr_carea' id='block_1_3' title="bbox 154 463 2177 659">
    <p class='ocr_par' dir='ltr' id='par_1_3' title="bbox 154 463 2177 659">
     <span class='ocr_line' id='line_1_3' title="bbox 154 463 2177 556; baseline 0.004 -17"><span class='ocrx_word' id='word_1_19' title='bbox 154 492 235 539; x_wconf 91' lang='lat' dir='ltr'>cum</span> <span class='ocrx_word' id='word_1_20' title='bbox 260 463 509 556; x_wconf 88' lang='lat' dir='ltr'>Longobardis</span> <span class='ocrx_word' id='word_1_21' title='bbox 538 465 665 535; x_wconf 86' lang='lat' dir='ltr'>factam</span> <span class='ocrx_word' id='word_1_22' title='bbox 691 463 932 545; x_wconf 85' lang='lat' dir='ltr'>confirmavit,</span> <span class='ocrx_word' id='word_1_23' title='bbox 964 477 998 534; x_wconf 89' lang='lat' dir='ltr'>et</span> <span class='ocrx_word' id='word_1_24' title='bbox 1020 464 1139 546; x_wconf 86' lang='lat' dir='ltr'>decem</span> <span class='ocrx_word' id='word_1_25' title='bbox 1185 463 1311 556; x_wconf 86' lang='lat' dir='ltr'>¹quiet</span> <span class='ocrx_word' id='word_1_26' title='bbox 1330 463 1369 546; x_wconf 88' lang='lat' dir='ltr'>in</span> <span class='ocrx_word' id='word_1_27' title='bbox 1390 466 1645 537; x_wconf 91' lang='lat' dir='ltr'>monasterium</span> <span class='ocrx_word' id='word_1_28' title='bbox 1678 466 1836 545; x_wconf 87' lang='lat' dir='ltr'>inclusus</span> <span class='ocrx_word' id='word_1_29' title='bbox 1860 484 1931 556; x_wconf 88' lang='lat' dir='ltr'>est,</span> <span class='ocrx_word' id='word_1_30' title='bbox 1965 475 2028 543; x_wconf 80' lang='lat' dir='ltr'>nbi</span> <span class='ocrx_word' id='word_1_31' title='bbox 2054 477 2177 549; x_wconf 87' lang='lat' dir='ltr'>dolore</span> 
     </span>
     <span class='ocr_line' id='line_1_4' title="bbox 154 564 2176 659; baseline 0.004 -19"><span class='ocrx_word' id='word_1_32' title='bbox 154 592 272 641; x_wconf 88' lang='lat' dir='ltr'>annos</span> <span class='ocrx_word' id='word_1_33' title='bbox 287 570 368 639; x_wconf 91' lang='lat' dir='ltr'>addi</span> <span class='ocrx_word' id='word_1_34' title='bbox 384 567 499 639; x_wconf 90' lang='lat' dir='ltr'>voluit</span> <span class='ocrx_word' id='word_1_35' title='bbox 519 569 564 636; x_wconf 90' lang='lat' dir='ltr'>ad</span> <span class='ocrx_word' id='word_1_36' title='bbox 589 566 810 637; x_wconf 87' lang='lat' dir='ltr'>conditiones</span> <span class='ocrx_word' id='word_1_37' title='bbox 831 567 936 659; x_wconf 89' lang='lat' dir='ltr'>pacis.</span> <span class='ocrx_word' id='word_1_38' title='bbox 986 564 1139 638; x_wconf 84' lang='lat' dir='ltr'>Romam</span> <span class='ocrx_word' id='word_1_39' title='bbox 1187 565 1300 641; x_wconf 74' lang='lat' dir='ltr'>,animi</span> <span class='ocrx_word' id='word_1_40' title='bbox 1316 566 1490 638; x_wconf 84' lang='lat' dir='ltr'>extinctus</span> <span class='ocrx_word' id='word_1_41' title='bbox 1510 580 1571 639; x_wconf 86' lang='lat' dir='ltr'>est.</span> <span class='ocrx_word' id='word_1_42' title='bbox 1623 567 1747 642; x_wconf 87' lang='lat' dir='ltr'>Rediit</span> <span class='ocrx_word' id='word_1_43' title='bbox 1763 568 1941 647; x_wconf 88' lang='lat' dir='ltr'>lohannes</span> <span class='ocrx_word' id='word_1_44' title='bbox 1965 574 2176 648; x_wconf 78' lang='lat' dir='ltr'>Ravennam</span> 
     </span>
    </p>
   </div>
   <div class='ocr_carea' id='block_1_4' title="bbox 147 664 1139 2483">
    <p class='ocr_par' dir='ltr' id='par_1_4' title="bbox 147 664 1139 2483">
     <span class='ocr_line' id='line_1_5' title="bbox 154 664 1139 759; baseline -0.008 -16"><span class='ocrx_word' id='word_1_45' title='bbox 154 687 271 743; x_wconf 89' lang='lat' dir='ltr'>autem</span> <span class='ocrx_word' id='word_1_46' title='bbox 295 671 461 751; x_wconf 89' lang='lat' dir='ltr'>veniens,</span> <span class='ocrx_word' id='word_1_47' title='bbox 496 683 537 740; x_wconf 93' lang='lat' dir='ltr'>ut</span> <span class='ocrx_word' id='word_1_48' title='bbox 561 670 768 740; x_wconf 78' lang='lat' dir='ltr'>electionem</span> <span class='ocrx_word' id='word_1_49' title='bbox 790 666 946 741; x_wconf 88' lang='lat' dir='ltr'>Romani</span> <span class='ocrx_word' id='word_1_50' title='bbox 971 664 1139 759; x_wconf 86' lang='lat' dir='ltr'><strong>Episcopi</strong></span> 
     </span>
     <span class='ocr_line' id='line_1_6' title="bbox 153 771 1138 867; baseline -0.009 -20"><span class='ocrx_word' id='word_1_51' title='bbox 153 774 316 847; x_wconf 83' lang='lat' dir='ltr'>Severini</span> <span class='ocrx_word' id='word_1_52' title='bbox 339 773 580 859; x_wconf 82' lang='lat' dir='ltr'>confirmaret,</span> <span class='ocrx_word' id='word_1_53' title='bbox 607 771 791 863; x_wconf 87' lang='lat' dir='ltr'>pecuniam</span> <span class='ocrx_word' id='word_1_54' title='bbox 820 795 910 867; x_wconf 87' lang='lat' dir='ltr'>quae</span> <span class='ocrx_word' id='word_1_55' title='bbox 935 772 974 841; x_wconf 92' lang='lat' dir='ltr'>iu</span> <span class='ocrx_word' id='word_1_56' title='bbox 993 771 1138 841; x_wconf 86' lang='lat' dir='ltr'>Latera·</span> 
     </span>
     <span class='ocr_line' id='line_1_7' title="bbox 152 872 1138 967; baseline -0.005 -21"><span class='ocrx_word' id='word_1_57' title='bbox 152 877 256 946; x_wconf 91' lang='lat' dir='ltr'>nensi</span> <span class='ocrx_word' id='word_1_58' title='bbox 272 877 404 966; x_wconf 89' lang='lat' dir='ltr'>templo</span> <span class='ocrx_word' id='word_1_59' title='bbox 420 875 573 966; x_wconf 90' lang='lat' dir='ltr'>reposita</span> <span class='ocrx_word' id='word_1_60' title='bbox 589 888 677 959; x_wconf 90' lang='lat' dir='ltr'>erat,</span> <span class='ocrx_word' id='word_1_61' title='bbox 703 874 831 967; x_wconf 78' lang='lat' dir='ltr'>rapuit,</span> <span class='ocrx_word' id='word_1_62' title='bbox 846 889 882 947; x_wconf 93' lang='lat' dir='ltr'>et</span> <span class='ocrx_word' id='word_1_63' title='bbox 897 888 996 967; x_wconf 86' lang='lat' dir='ltr'>parte</span> <span class='ocrx_word' id='word_1_64' title='bbox 1015 872 1138 943; x_wconf 91' lang='lat' dir='ltr'>distri·</span> 
     </span>
     <span class='ocr_line' id='line_1_8' title="bbox 154 971 1135 1071; baseline -0.005 -23"><span class='ocrx_word' id='word_1_65' title='bbox 154 982 239 1049; x_wconf 91' lang='lat' dir='ltr'>buta</span> <span class='ocrx_word' id='word_1_66' title='bbox 257 980 451 1063; x_wconf 84' lang='lat' dir='ltr'>militibus,</span> <span class='ocrx_word' id='word_1_67' title='bbox 478 978 654 1071; x_wconf 91' lang='lat' dir='ltr'>reliquum</span> <span class='ocrx_word' id='word_1_68' title='bbox 671 978 786 1048; x_wconf 83' lang='lat' dir='ltr'>avexit</span> <span class='ocrx_word' id='word_1_69' title='bbox 802 975 1025 1049; x_wconf 85' lang='lat' dir='ltr'>Ravennam.</span> <span class='ocrx_word' id='word_1_70' title='bbox 1078 971 1135 1046; x_wconf 81' lang='lat' dir='ltr'>Ad</span> 
     </span>
     <span class='ocr_line' id='line_1_9' title="bbox 151 1077 1137 1172; baseline -0.009 -18"><span class='ocrx_word' id='word_1_71' title='bbox 151 1077 222 1155; x_wconf 87' lang='lat' dir='ltr'>hoc</span> <span class='ocrx_word' id='word_1_72' title='bbox 236 1080 458 1172; x_wconf 89' lang='lat' dir='ltr'>sacrilegium</span> <span class='ocrx_word' id='word_1_73' title='bbox 474 1104 559 1152; x_wconf 87' lang='lat' dir='ltr'>usus</span> <span class='ocrx_word' id='word_1_74' title='bbox 580 1081 695 1152; x_wconf 88' lang='lat' dir='ltr'>fuerat</span> <span class='ocrx_word' id='word_1_75' title='bbox 715 1079 898 1164; x_wconf 90' lang='lat' dir='ltr'>ministro,</span> <span class='ocrx_word' id='word_1_76' title='bbox 925 1080 984 1149; x_wconf 92' lang='lat' dir='ltr'>cui</span> <span class='ocrx_word' id='word_1_77' title='bbox 1006 1101 1137 1148; x_wconf 90' lang='lat' dir='ltr'>nomen</span> 
     </span>
     <span class='ocr_line' id='line_1_10' title="bbox 150 1178 1134 1277; baseline -0.003 -25"><span class='ocrx_word' id='word_1_78' title='bbox 150 1185 220 1254; x_wconf 88' lang='lat' dir='ltr'>fuit</span> <span class='ocrx_word' id='word_1_79' title='bbox 241 1183 440 1255; x_wconf 83' lang='lat' dir='ltr'>Mauricius</span> <span class='ocrx_word' id='word_1_80' title='bbox 454 1178 719 1269; x_wconf 90' lang='lat' dir='ltr'>Cartbularius,</span> <span class='ocrx_word' id='word_1_81' title='bbox 743 1206 848 1277; x_wconf 88' lang='lat' dir='ltr'>quem</span> <span class='ocrx_word' id='word_1_82' title='bbox 871 1180 1009 1257; x_wconf 82' lang='lat' dir='ltr'>Romae</span> <span class='ocrx_word' id='word_1_83' title='bbox 1034 1202 1134 1270; x_wconf 88' lang='lat' dir='ltr'>prae-</span> 
     </span>
     <span class='ocr_line' id='line_1_11' title="bbox 150 1284 1137 1377; baseline -0.002 -23"><span class='ocrx_word' id='word_1_84' title='bbox 150 1286 283 1355; x_wconf 88' lang='lat' dir='ltr'>sectum</span> <span class='ocrx_word' id='word_1_85' title='bbox 307 1285 534 1377; x_wconf 86' lang='lat' dir='ltr'>urbisfecit.¹</span> <span class='ocrx_word' id='word_1_86' title='bbox 591 1284 665 1356; x_wconf 88' lang='lat' dir='ltr'>Hic</span> <span class='ocrx_word' id='word_1_87' title='bbox 688 1297 727 1355; x_wconf 93' lang='lat' dir='ltr'>ut</span> <span class='ocrx_word' id='word_1_88' title='bbox 752 1284 924 1355; x_wconf 78' lang='lat' dir='ltr'>isaacium</span> <span class='ocrx_word' id='word_1_89' title='bbox 949 1295 1137 1368; x_wconf 72' lang='lat' dir='ltr'>excuteret,</span> 
     </span>
     <span class='ocr_line' id='line_1_12' title="bbox 151 1384 1137 1479; baseline -0.003 -22"><span class='ocrx_word' id='word_1_90' title='bbox 151 1388 360 1460; x_wconf 86' lang='lat' dir='ltr'>criminatus</span> <span class='ocrx_word' id='word_1_91' title='bbox 379 1402 431 1459; x_wconf 90' lang='lat' dir='ltr'>est</span> <span class='ocrx_word' id='word_1_92' title='bbox 454 1413 533 1458; x_wconf 91' lang='lat' dir='ltr'>eum</span> <span class='ocrx_word' id='word_1_93' title='bbox 549 1388 665 1479; x_wconf 87' lang='lat' dir='ltr'>palam</span> <span class='ocrx_word' id='word_1_94' title='bbox 688 1388 782 1478; x_wconf 93' lang='lat' dir='ltr'>apud</span> <span class='ocrx_word' id='word_1_95' title='bbox 806 1387 939 1458; x_wconf 90' lang='lat' dir='ltr'>iudices</span> <span class='ocrx_word' id='word_1_96' title='bbox 953 1384 1137 1459; x_wconf 89' lang='lat' dir='ltr'>Romanos</span> 
     </span>
     <span class='ocr_line' id='line_1_13' title="bbox 151 1484 1135 1581; baseline 0 -23"><span class='ocrx_word' id='word_1_97' title='bbox 151 1504 186 1561; x_wconf 86' lang='lat' dir='ltr'>et</span> <span class='ocrx_word' id='word_1_98' title='bbox 202 1492 437 1581; x_wconf 89' lang='lat' dir='ltr'>praesidium,</span> <span class='ocrx_word' id='word_1_99' title='bbox 461 1490 551 1560; x_wconf 89' lang='lat' dir='ltr'>velle</span> <span class='ocrx_word' id='word_1_100' title='bbox 574 1514 656 1561; x_wconf 92' lang='lat' dir='ltr'>eum</span> <span class='ocrx_word' id='word_1_101' title='bbox 679 1484 880 1561; x_wconf 91' lang='lat' dir='ltr'>Eleutherii</span> <span class='ocrx_word' id='word_1_102' title='bbox 900 1487 1059 1581; x_wconf 90' lang='lat' dir='ltr'>exemplo</span> <span class='ocrx_word' id='word_1_103' title='bbox 1080 1512 1135 1558; x_wconf 91' lang='lat' dir='ltr'>re-</span> 
     </span>
     <span class='ocr_line' id='line_1_14' title="bbox 147 1591 1132 1681; baseline -0.002 -21"><span class='ocrx_word' id='word_1_104' title='bbox 147 1594 208 1681; x_wconf 88' lang='lat' dir='ltr'>gio</span> <span class='ocrx_word' id='word_1_105' title='bbox 226 1595 372 1663; x_wconf 90' lang='lat' dir='ltr'>nomine</span> <span class='ocrx_word' id='word_1_106' title='bbox 387 1594 425 1661; x_wconf 90' lang='lat' dir='ltr'>in</span> <span class='ocrx_word' id='word_1_107' title='bbox 437 1591 538 1663; x_wconf 90' lang='lat' dir='ltr'>ltalia</span> <span class='ocrx_word' id='word_1_108' title='bbox 556 1592 748 1679; x_wconf 91' lang='lat' dir='ltr'>dominari,</span> <span class='ocrx_word' id='word_1_109' title='bbox 773 1605 807 1662; x_wconf 93' lang='lat' dir='ltr'>et</span> <span class='ocrx_word' id='word_1_110' title='bbox 824 1592 895 1661; x_wconf 89' lang='lat' dir='ltr'>iam</span> <span class='ocrx_word' id='word_1_111' title='bbox 911 1606 1034 1663; x_wconf 91' lang='lat' dir='ltr'>contra</span> <span class='ocrx_word' id='word_1_112' title='bbox 1052 1614 1132 1660; x_wconf 89' lang='lat' dir='ltr'>eum</span> 
     </span>
     <span class='ocr_line' id='line_1_15' title="bbox 152 1692 1136 1788; baseline 0.003 -26"><span class='ocrx_word' id='word_1_113' title='bbox 152 1699 190 1763; x_wconf 92' lang='lat' dir='ltr'>in</span> <span class='ocrx_word' id='word_1_114' title='bbox 208 1697 347 1788; x_wconf 84' lang='lat' dir='ltr'>oppidis</span> <span class='ocrx_word' id='word_1_115' title='bbox 378 1695 517 1787; x_wconf 88' lang='lat' dir='ltr'>aliquot</span> <span class='ocrx_word' id='word_1_116' title='bbox 541 1694 713 1785; x_wconf 91' lang='lat' dir='ltr'>praesidia</span> <span class='ocrx_word' id='word_1_117' title='bbox 736 1694 932 1765; x_wconf 83' lang='lat' dir='ltr'>collocavit.</span> <span class='ocrx_word' id='word_1_118' title='bbox 983 1692 1038 1766; x_wconf 87' lang='lat' dir='ltr'>Re</span> <span class='ocrx_word' id='word_1_119' title='bbox 1054 1714 1136 1782; x_wconf 84' lang='lat' dir='ltr'>cog-</span> 
     </span>
     <span class='ocr_line' id='line_1_16' title="bbox 150 1796 1134 1869; baseline -0.003 -3"><span class='ocrx_word' id='word_1_120' title='bbox 150 1799 225 1869; x_wconf 91' lang='lat' dir='ltr'>nita</span> <span class='ocrx_word' id='word_1_121' title='bbox 248 1797 400 1869; x_wconf 87' lang='lat' dir='ltr'>lsaacius</span> <span class='ocrx_word' id='word_1_122' title='bbox 422 1797 533 1869; x_wconf 89' lang='lat' dir='ltr'>mittit</span> <span class='ocrx_word' id='word_1_123' title='bbox 553 1798 744 1869; x_wconf 86' lang='lat' dir='ltr'>exercitum</span> <span class='ocrx_word' id='word_1_124' title='bbox 769 1799 937 1868; x_wconf 91' lang='lat' dir='ltr'>adversus</span> <span class='ocrx_word' id='word_1_125' title='bbox 962 1820 1041 1866; x_wconf 88' lang='lat' dir='ltr'>eum</span> <span class='ocrx_word' id='word_1_126' title='bbox 1063 1796 1134 1864; x_wconf 91' lang='lat' dir='ltr'>iam</span> 
     </span>
     <span class='ocr_line' id='line_1_17' title="bbox 150 1899 1135 1990; baseline -0.005 -19"><span class='ocrx_word' id='word_1_127' title='bbox 150 1903 309 1971; x_wconf 90' lang='lat' dir='ltr'>desertus</span> <span class='ocrx_word' id='word_1_128' title='bbox 329 1925 349 1969; x_wconf 90' lang='lat' dir='ltr'>a</span> <span class='ocrx_word' id='word_1_129' title='bbox 372 1900 469 1986; x_wconf 89' lang='lat' dir='ltr'>suis,</span> <span class='ocrx_word' id='word_1_130' title='bbox 496 1924 575 1970; x_wconf 91' lang='lat' dir='ltr'>cum</span> <span class='ocrx_word' id='word_1_131' title='bbox 599 1902 638 1968; x_wconf 90' lang='lat' dir='ltr'>in</span> <span class='ocrx_word' id='word_1_132' title='bbox 661 1900 834 1990; x_wconf 90' lang='lat' dir='ltr'>templum</span> <span class='ocrx_word' id='word_1_133' title='bbox 862 1901 1026 1990; x_wconf 78' lang='lat' dir='ltr'>fugisset,</span> <span class='ocrx_word' id='word_1_134' title='bbox 1051 1899 1135 1966; x_wconf 91' lang='lat' dir='ltr'>inde</span> 
     </span>
     <span class='ocr_line' id='line_1_18' title="bbox 149 1996 1136 2093; baseline -0.003 -22"><span class='ocrx_word' id='word_1_135' title='bbox 149 2017 324 2074; x_wconf 79' lang='lat' dir='ltr'>extractus</span> <span class='ocrx_word' id='word_1_136' title='bbox 341 2016 441 2074; x_wconf 88' lang='lat' dir='ltr'>estet</span> <span class='ocrx_word' id='word_1_137' title='bbox 455 2002 567 2073; x_wconf 89' lang='lat' dir='ltr'>securi</span> <span class='ocrx_word' id='word_1_138' title='bbox 586 2027 788 2093; x_wconf 88' lang='lat' dir='ltr'>percussus,</span> <span class='ocrx_word' id='word_1_139' title='bbox 814 2016 919 2092; x_wconf 87' lang='lat' dir='ltr'>caput</span> <span class='ocrx_word' id='word_1_140' title='bbox 939 1996 1059 2072; x_wconf 87' lang='lat' dir='ltr'>hastae</span> <span class='ocrx_word' id='word_1_141' title='bbox 1077 2000 1136 2069; x_wconf 90' lang='lat' dir='ltr'>in-</span> 
     </span>
     <span class='ocr_line' id='line_1_19' title="bbox 149 2103 1135 2196; baseline -0.002 -24"><span class='ocrx_word' id='word_1_142' title='bbox 149 2106 258 2175; x_wconf 84' lang='lat' dir='ltr'>fixum</span> <span class='ocrx_word' id='word_1_143' title='bbox 273 2106 336 2176; x_wconf 92' lang='lat' dir='ltr'>diu</span> <span class='ocrx_word' id='word_1_144' title='bbox 353 2103 546 2180; x_wconf 83' lang='lat' dir='ltr'>Ravennae</span> <span class='ocrx_word' id='word_1_145' title='bbox 568 2105 607 2173; x_wconf 92' lang='lat' dir='ltr'>in</span> <span class='ocrx_word' id='word_1_146' title='bbox 629 2105 722 2175; x_wconf 90' lang='lat' dir='ltr'>circo</span> <span class='ocrx_word' id='word_1_147' title='bbox 746 2104 925 2196; x_wconf 85' lang='lat' dir='ltr'>pependit.</span> <span class='ocrx_word' id='word_1_148' title='bbox 977 2103 1050 2174; x_wconf 89' lang='lat' dir='ltr'>Nec</span> <span class='ocrx_word' id='word_1_149' title='bbox 1073 2103 1135 2171; x_wconf 91' lang='lat' dir='ltr'>diu</span> 
     </span>
     <span class='ocr_line' id='line_1_20' title="bbox 150 2204 1136 2296; baseline -0.001 -22"><span class='ocrx_word' id='word_1_150' title='bbox 150 2222 230 2296; x_wconf 88' lang='lat' dir='ltr'>post</span> <span class='ocrx_word' id='word_1_151' title='bbox 243 2207 397 2277; x_wconf 88' lang='lat' dir='ltr'>lsaacius</span> <span class='ocrx_word' id='word_1_152' title='bbox 410 2208 525 2279; x_wconf 90' lang='lat' dir='ltr'>subita</span> <span class='ocrx_word' id='word_1_153' title='bbox 543 2220 657 2278; x_wconf 91' lang='lat' dir='ltr'>morte</span> <span class='ocrx_word' id='word_1_154' title='bbox 670 2208 845 2278; x_wconf 83' lang='lat' dir='ltr'>extinctus</span> <span class='ocrx_word' id='word_1_155' title='bbox 859 2219 920 2276; x_wconf 88' lang='lat' dir='ltr'>est.</span> <span class='ocrx_word' id='word_1_156' title='bbox 971 2204 1049 2276; x_wconf 88' lang='lat' dir='ltr'>Hae</span> <span class='ocrx_word' id='word_1_157' title='bbox 1063 2219 1136 2275; x_wconf 91' lang='lat' dir='ltr'>tra·</span> 
     </span>
     <span class='ocr_line' id='line_1_21' title="bbox 149 2307 1134 2403; baseline 0.002 -28"><span class='ocrx_word' id='word_1_158' title='bbox 149 2309 294 2397; x_wconf 90' lang='lat' dir='ltr'>goediae</span> <span class='ocrx_word' id='word_1_159' title='bbox 309 2312 513 2395; x_wconf 89' lang='lat' dir='ltr'>ostendunt,</span> <span class='ocrx_word' id='word_1_160' title='bbox 539 2310 661 2403; x_wconf 88' lang='lat' dir='ltr'>quales</span> <span class='ocrx_word' id='word_1_161' title='bbox 675 2322 710 2379; x_wconf 87' lang='lat' dir='ltr'>et</span> <span class='ocrx_word' id='word_1_162' title='bbox 725 2331 842 2379; x_wconf 89' lang='lat' dir='ltr'>mores</span> <span class='ocrx_word' id='word_1_163' title='bbox 856 2322 890 2383; x_wconf 92' lang='lat' dir='ltr'>et</span> <span class='ocrx_word' id='word_1_164' title='bbox 907 2307 1134 2399; x_wconf 87' lang='lat' dir='ltr'>gubernatio-</span> 
     </span>
     <span class='ocr_line' id='line_1_22' title="bbox 151 2405 635 2483; baseline 0.012 -6"><span class='ocrx_word' id='word_1_165' title='bbox 151 2433 213 2479; x_wconf 89' lang='lat' dir='ltr'>nes</span> <span class='ocrx_word' id='word_1_166' title='bbox 230 2405 474 2481; x_wconf 86' lang='lat' dir='ltr'>Exarchorum</span> <span class='ocrx_word' id='word_1_167' title='bbox 491 2413 635 2483; x_wconf 88' lang='lat' dir='ltr'>fuerint.</span> 
     </span>
    </p>
   </div>
   <div class='ocr_carea' id='block_1_5' title="bbox 148 2536 1139 3047">
    <p class='ocr_par' dir='ltr' id='par_1_5' title="bbox 148 2536 1139 3047">
     <span class='ocr_line' id='line_1_23' title="bbox 252 2536 1136 2634; baseline -0.007 -15"><span class='ocrx_word' id='word_1_168' title='bbox 252 2539 390 2619; x_wconf 88' lang='lat' dir='ltr'>Nonus</span> <span class='ocrx_word' id='word_1_169' title='bbox 405 2540 625 2616; x_wconf 79' lang='lat' dir='ltr'>Theodorus</span> <span class='ocrx_word' id='word_1_170' title='bbox 651 2536 833 2634; x_wconf 77' lang='lat' dir='ltr'>Calliope</span> <span class='ocrx_word' id='word_1_171' title='bbox 857 2548 984 2615; x_wconf 87' lang='lat' dir='ltr'>missus</span> <span class='ocrx_word' id='word_1_172' title='bbox 1003 2546 1047 2615; x_wconf 88' lang='lat' dir='ltr'>ab</span> <span class='ocrx_word' id='word_1_173' title='bbox 1063 2542 1136 2613; x_wconf 91' lang='lat' dir='ltr'>He·</span> 
     </span>
     <span class='ocr_line' id='line_1_24' title="bbox 151 2648 1138 2742; baseline 0 -28"><span class='ocrx_word' id='word_1_174' title='bbox 151 2648 261 2733; x_wconf 81' lang='lat' dir='ltr'>raclio</span> <span class='ocrx_word' id='word_1_175' title='bbox 285 2649 531 2738; x_wconf 87' lang='lat' dir='ltr'>Longobardis</span> <span class='ocrx_word' id='word_1_176' title='bbox 556 2651 690 2721; x_wconf 91' lang='lat' dir='ltr'>bellum</span> <span class='ocrx_word' id='word_1_177' title='bbox 717 2649 860 2734; x_wconf 91' lang='lat' dir='ltr'>intulit,</span> <span class='ocrx_word' id='word_1_178' title='bbox 892 2649 954 2742; x_wconf 91' lang='lat' dir='ltr'>qui</span> <span class='ocrx_word' id='word_1_179' title='bbox 984 2648 1138 2739; x_wconf 89' lang='lat' dir='ltr'>amplius</span> 
     </span>
     <span class='ocr_line' id='line_1_25' title="bbox 151 2749 1135 2844; baseline -0.002 -26"><span class='ocrx_word' id='word_1_180' title='bbox 151 2750 279 2840; x_wconf 89' lang='lat' dir='ltr'>viginti</span> <span class='ocrx_word' id='word_1_181' title='bbox 307 2752 410 2820; x_wconf 87' lang='lat' dir='ltr'>annis</span> <span class='ocrx_word' id='word_1_182' title='bbox 432 2751 659 2844; x_wconf 88' lang='lat' dir='ltr'>quieverant,</span> <span class='ocrx_word' id='word_1_183' title='bbox 694 2753 754 2821; x_wconf 90' lang='lat' dir='ltr'>sed</span> <span class='ocrx_word' id='word_1_184' title='bbox 781 2773 910 2840; x_wconf 89' lang='lat' dir='ltr'>magno</span> <span class='ocrx_word' id='word_1_185' title='bbox 934 2749 1069 2840; x_wconf 90' lang='lat' dir='ltr'>praelio</span> <span class='ocrx_word' id='word_1_186' title='bbox 1091 2750 1135 2816; x_wconf 84' lang='lat' dir='ltr'>ad</span> 
     </span>
     <span class='ocr_line' id='line_1_26' title="bbox 149 2849 1139 2924; baseline 0.001 -5"><span class='ocrx_word' id='word_1_187' title='bbox 149 2851 330 2923; x_wconf 89' lang='lat' dir='ltr'>Mutinam</span> <span class='ocrx_word' id='word_1_188' title='bbox 351 2855 467 2922; x_wconf 90' lang='lat' dir='ltr'>victus</span> <span class='ocrx_word' id='word_1_189' title='bbox 487 2866 539 2923; x_wconf 91' lang='lat' dir='ltr'>est</span> <span class='ocrx_word' id='word_1_190' title='bbox 560 2877 579 2922; x_wconf 92' lang='lat' dir='ltr'>a</span> <span class='ocrx_word' id='word_1_191' title='bbox 599 2849 763 2924; x_wconf 85' lang='lat' dir='ltr'>Rotbari.</span> <span class='ocrx_word' id='word_1_192' title='bbox 816 2852 902 2923; x_wconf 88' lang='lat' dir='ltr'>Post</span> <span class='ocrx_word' id='word_1_193' title='bbox 922 2874 999 2922; x_wconf 87' lang='lat' dir='ltr'>eam</span> <span class='ocrx_word' id='word_1_194' title='bbox 1025 2851 1139 2920; x_wconf 88' lang='lat' dir='ltr'>victo·</span> 
     </span>
     <span class='ocr_line' id='line_1_27' title="bbox 148 2949 855 3047; baseline 0.007 -25"><span class='ocrx_word' id='word_1_195' title='bbox 148 2955 238 3024; x_wconf 91' lang='lat' dir='ltr'>riam</span> <span class='ocrx_word' id='word_1_196' title='bbox 257 2949 430 3028; x_wconf 85' lang='lat' dir='ltr'>Rotharis</span> <span class='ocrx_word' id='word_1_197' title='bbox 450 2955 636 3047; x_wconf 85' lang='lat' dir='ltr'>occupavit</span> <span class='ocrx_word' id='word_1_198' title='bbox 658 2955 855 3046; x_wconf 76' lang='lat' dir='ltr'>Liguriam.</span> 
     </span>
    </p>
   </div>
   <div class='ocr_carea' id='block_1_6' title="bbox 151 3084 1140 3387">
    <p class='ocr_par' dir='ltr' id='par_1_6' title="bbox 151 3084 1140 3387">
     <span class='ocr_line' id='line_1_28' title="bbox 253 3084 1138 3186; baseline -0.006 -25"><span class='ocrx_word' id='word_1_199' title='bbox 253 3089 433 3163; x_wconf 82' lang='lat' dir='ltr'>Decimus</span> <span class='ocrx_word' id='word_1_200' title='bbox 468 3084 671 3186; x_wconf 81' lang='lat' dir='ltr'>Olympius</span> <span class='ocrx_word' id='word_1_201' title='bbox 703 3093 829 3163; x_wconf 87' lang='lat' dir='ltr'>missus</span> <span class='ocrx_word' id='word_1_202' title='bbox 857 3114 876 3160; x_wconf 92' lang='lat' dir='ltr'>a</span> <span class='ocrx_word' id='word_1_203' title='bbox 900 3087 1138 3162; x_wconf 89' lang='lat' dir='ltr'>Constantino</span> 
     </span>
     <span class='ocr_line' id='line_1_29' title="bbox 151 3189 1140 3285; baseline -0.008 -19"><span class='ocrx_word' id='word_1_204' title='bbox 151 3197 318 3267; x_wconf 91' lang='lat' dir='ltr'>mandata</span> <span class='ocrx_word' id='word_1_205' title='bbox 331 3193 486 3266; x_wconf 84' lang='lat' dir='ltr'>Romam</span> <span class='ocrx_word' id='word_1_206' title='bbox 512 3195 648 3280; x_wconf 89' lang='lat' dir='ltr'>attulit,</span> <span class='ocrx_word' id='word_1_207' title='bbox 674 3208 714 3265; x_wconf 93' lang='lat' dir='ltr'>ut</span> <span class='ocrx_word' id='word_1_208' title='bbox 735 3189 931 3285; x_wconf 83' lang='lat' dir='ltr'>Episcopus</span> <span class='ocrx_word' id='word_1_209' title='bbox 952 3189 1140 3264; x_wconf 85' lang='lat' dir='ltr'>Romanus</span> 
     </span>
     <span class='ocr_line' id='line_1_30' title="bbox 152 3290 1139 3387; baseline -0.007 -19"><span class='ocrx_word' id='word_1_210' title='bbox 152 3323 314 3369; x_wconf 90' lang='lat' dir='ltr'>errorum</span> <span class='ocrx_word' id='word_1_211' title='bbox 338 3291 668 3368; x_wconf 89' lang='lat' dir='ltr'>Monotheletarum</span> <span class='ocrx_word' id='word_1_212' title='bbox 693 3297 976 3387; x_wconf 84' lang='lat' dir='ltr'>amplecteretur.</span> <span class='ocrx_word' id='word_1_213' title='bbox 1028 3290 1139 3365; x_wconf 91' lang='lat' dir='ltr'>Cum-</span> 
     </span>
    </p>
   </div>
   <div class='ocr_carea' id='block_1_7' title="bbox 152 3393 1219 3596">
    <p class='ocr_par' dir='ltr' id='par_1_7' title="bbox 152 3393 1219 3596">
     <span class='ocr_line' id='line_1_31' title="bbox 152 3393 1219 3497; baseline -0.007 -26"><span class='ocrx_word' id='word_1_214' title='bbox 152 3426 221 3497; x_wconf 89' lang='lat' dir='ltr'>que</span> <span class='ocrx_word' id='word_1_215' title='bbox 256 3399 437 3470; x_wconf 89' lang='lat' dir='ltr'>Martinus</span> <span class='ocrx_word' id='word_1_216' title='bbox 465 3397 652 3470; x_wconf 88' lang='lat' dir='ltr'>Romanus</span> <span class='ocrx_word' id='word_1_217' title='bbox 669 3393 866 3491; x_wconf 83' lang='lat' dir='ltr'>Episcopus</span> <span class='ocrx_word' id='word_1_218' title='bbox 895 3397 1141 3487; x_wconf 79' lang='lat' dir='ltr'>refragaretur,</span> <span class='ocrx_word' id='word_1_219' title='bbox 1210 3446 1219 3464; x_wconf 90' lang='lat'>.</span> 
     </span>
     <span class='ocr_line' id='line_1_32' title="bbox 152 3500 1217 3596; baseline -0.006 -24"><span class='ocrx_word' id='word_1_220' title='bbox 152 3520 394 3596; x_wconf 85' lang='lat' dir='ltr'>percussorem</span> <span class='ocrx_word' id='word_1_221' title='bbox 414 3502 453 3570; x_wconf 90' lang='lat' dir='ltr'>in</span> <span class='ocrx_word' id='word_1_222' title='bbox 471 3502 643 3594; x_wconf 91' lang='lat' dir='ltr'>templum</span> <span class='ocrx_word' id='word_1_223' title='bbox 664 3502 780 3588; x_wconf 90' lang='lat' dir='ltr'>misit,</span> <span class='ocrx_word' id='word_1_224' title='bbox 806 3501 868 3596; x_wconf 90' lang='lat' dir='ltr'>qui</span> <span class='ocrx_word' id='word_1_225' title='bbox 890 3500 1140 3570; x_wconf 80' lang='lat' dir='ltr'>interfecturus</span> <span class='ocrx_word' id='word_1_226' title='bbox 1209 3551 1217 3566; x_wconf 93' lang='lat'>.</span> 
     </span>
    </p>
   </div>
   <div class='ocr_carea' id='block_1_8' title="bbox 151 3601 1141 4305">
    <p class='ocr_par' dir='ltr' id='par_1_8' title="bbox 151 3601 1141 4305">
     <span class='ocr_line' id='line_1_33' title="bbox 151 3601 1138 3699; baseline -0.005 -24"><span class='ocrx_word' id='word_1_227' title='bbox 151 3606 353 3676; x_wconf 88' lang='lat' dir='ltr'>Martinum</span> <span class='ocrx_word' id='word_1_228' title='bbox 372 3605 491 3674; x_wconf 89' lang='lat' dir='ltr'>subito</span> <span class='ocrx_word' id='word_1_229' title='bbox 508 3626 633 3674; x_wconf 89' lang='lat' dir='ltr'>coecus</span> <span class='ocrx_word' id='word_1_230' title='bbox 650 3603 764 3674; x_wconf 90' lang='lat' dir='ltr'>factus</span> <span class='ocrx_word' id='word_1_231' title='bbox 782 3618 851 3688; x_wconf 90' lang='lat' dir='ltr'>est,</span> <span class='ocrx_word' id='word_1_232' title='bbox 877 3627 948 3699; x_wconf 93' lang='lat' dir='ltr'>quo</span> <span class='ocrx_word' id='word_1_233' title='bbox 967 3601 1138 3671; x_wconf 89' lang='lat' dir='ltr'>miraculo</span> 
     </span>
     <span class='ocr_line' id='line_1_34' title="bbox 152 3700 1139 3801; baseline -0.006 -25"><span class='ocrx_word' id='word_1_234' title='bbox 152 3723 271 3779; x_wconf 88' lang='lat' dir='ltr'>motus</span> <span class='ocrx_word' id='word_1_235' title='bbox 288 3702 481 3801; x_wconf 87' lang='lat' dir='ltr'>Olympius</span> <span class='ocrx_word' id='word_1_236' title='bbox 503 3704 670 3778; x_wconf 80' lang='lat' dir='ltr'>Romano</span> <span class='ocrx_word' id='word_1_237' title='bbox 693 3700 870 3799; x_wconf 83' lang='lat' dir='ltr'>Episcopo</span> <span class='ocrx_word' id='word_1_238' title='bbox 894 3708 981 3774; x_wconf 90' lang='lat' dir='ltr'>adeo</span> <span class='ocrx_word' id='word_1_239' title='bbox 1006 3703 1139 3774; x_wconf 88' lang='lat' dir='ltr'>amicus</span> 
     </span>
     <span class='ocr_line' id='line_1_35' title="bbox 153 3805 1139 3901; baseline -0.007 -20"><span class='ocrx_word' id='word_1_240' title='bbox 153 3813 267 3881; x_wconf 77' lang='lat' dir='ltr'>facttrs</span> <span class='ocrx_word' id='word_1_241' title='bbox 284 3824 355 3895; x_wconf 89' lang='lat' dir='ltr'>est,</span> <span class='ocrx_word' id='word_1_242' title='bbox 381 3822 421 3879; x_wconf 93' lang='lat' dir='ltr'>ut</span> <span class='ocrx_word' id='word_1_243' title='bbox 437 3822 470 3879; x_wconf 91' lang='lat' dir='ltr'>et</span> <span class='ocrx_word' id='word_1_244' title='bbox 484 3805 730 3880; x_wconf 89' lang='lat' dir='ltr'>Ravennatem</span> <span class='ocrx_word' id='word_1_245' title='bbox 748 3805 966 3901; x_wconf 85' lang='lat' dir='ltr'>Episcopum</span> <span class='ocrx_word' id='word_1_246' title='bbox 986 3805 1139 3896; x_wconf 71' lang='lat' dir='ltr'>coegerit</span> 
     </span>
     <span class='ocr_line' id='line_1_36' title="bbox 152 3909 1137 4001; baseline -0.007 -20"><span class='ocrx_word' id='word_1_247' title='bbox 152 3910 360 3984; x_wconf 88' lang='lat' dir='ltr'>seRomano</span> <span class='ocrx_word' id='word_1_248' title='bbox 376 3911 563 3994; x_wconf 89' lang='lat' dir='ltr'>subiicere,</span> <span class='ocrx_word' id='word_1_249' title='bbox 589 3935 670 3981; x_wconf 94' lang='lat' dir='ltr'>cum</span> <span class='ocrx_word' id='word_1_250' title='bbox 688 3924 791 3982; x_wconf 85' lang='lat' dir='ltr'>antea</span> <span class='ocrx_word' id='word_1_251' title='bbox 808 3909 962 3982; x_wconf 87' lang='lat' dir='ltr'>voluerit</span> <span class='ocrx_word' id='word_1_252' title='bbox 977 3932 1042 4001; x_wconf 92' lang='lat' dir='ltr'>par</span> <span class='ocrx_word' id='word_1_253' title='bbox 1056 3931 1137 3979; x_wconf 90' lang='lat' dir='ltr'>esse.</span> 
     </span>
     <span class='ocr_line' id='line_1_37' title="bbox 151 4006 1141 4106; baseline -0.011 -18"><span class='ocrx_word' id='word_1_254' title='bbox 151 4008 693 4105; x_wconf 87' lang='lat' dir='ltr'>DeinchomanusEpiscopus</span> <span class='ocrx_word' id='word_1_255' title='bbox 708 4009 946 4084; x_wconf 90' lang='lat' dir='ltr'>hortatorsuit</span> <span class='ocrx_word' id='word_1_256' title='bbox 957 4006 1141 4106; x_wconf 86' lang='lat' dir='ltr'>Olympio,</span> 
     </span>
     <span class='ocr_line' id='line_1_38' title="bbox 152 4112 1139 4213; baseline -0.006 -27"><span class='ocrx_word' id='word_1_257' title='bbox 152 4133 226 4186; x_wconf 91' lang='lat' dir='ltr'>uta</span> <span class='ocrx_word' id='word_1_258' title='bbox 244 4118 366 4189; x_wconf 86' lang='lat' dir='ltr'>Sicilia</span> <span class='ocrx_word' id='word_1_259' title='bbox 383 4113 575 4187; x_wconf 90' lang='lat' dir='ltr'>Saracenos</span> <span class='ocrx_word' id='word_1_260' title='bbox 594 4114 799 4213; x_wconf 86' lang='lat' dir='ltr'>depelleret.</span> <span class='ocrx_word' id='word_1_261' title='bbox 853 4112 961 4205; x_wconf 90' lang='lat' dir='ltr'>Quod</span> <span class='ocrx_word' id='word_1_262' title='bbox 985 4136 1066 4183; x_wconf 88' lang='lat' dir='ltr'>cum</span> <span class='ocrx_word' id='word_1_263' title='bbox 1089 4112 1139 4181; x_wconf 89' lang='lat' dir='ltr'>fe-</span> 
     </span>
     <span class='ocr_line' id='line_1_39' title="bbox 152 4218 764 4305; baseline 0.005 -15"><span class='ocrx_word' id='word_1_264' title='bbox 152 4222 275 4305; x_wconf 90' lang='lat' dir='ltr'>cisset,</span> <span class='ocrx_word' id='word_1_265' title='bbox 302 4218 351 4289; x_wconf 91' lang='lat' dir='ltr'>ibi</span> <span class='ocrx_word' id='word_1_266' title='bbox 367 4221 494 4291; x_wconf 92' lang='lat' dir='ltr'>morbo</span> <span class='ocrx_word' id='word_1_267' title='bbox 509 4219 686 4291; x_wconf 86' lang='lat' dir='ltr'>extinctus</span> <span class='ocrx_word' id='word_1_268' title='bbox 701 4230 764 4293; x_wconf 89' lang='lat' dir='ltr'>est.</span> 
     </span>
    </p>
   </div>
   <div class='ocr_carea' id='block_1_9' title="bbox 153 4320 1143 4632">
    <p class='ocr_par' dir='ltr' id='par_1_9' title="bbox 153 4320 1143 4632">
     <span class='ocr_line' id='line_1_40' title="bbox 258 4320 1142 4430; baseline -0.008 -23"><span class='ocrx_word' id='word_1_269' title='bbox 258 4329 485 4407; x_wconf 82' lang='lat' dir='ltr'>Undecimus</span> <span class='ocrx_word' id='word_1_270' title='bbox 500 4325 719 4404; x_wconf 81' lang='lat' dir='ltr'>Theodorus</span> <span class='ocrx_word' id='word_1_271' title='bbox 727 4320 909 4430; x_wconf 78' lang='lat' dir='ltr'>Calliope</span> <span class='ocrx_word' id='word_1_272' title='bbox 925 4333 1054 4404; x_wconf 90' lang='lat' dir='ltr'>iterum</span> <span class='ocrx_word' id='word_1_273' title='bbox 1064 4326 1142 4402; x_wconf 83' lang='lat' dir='ltr'>Ro-</span> 
     </span>
     <span class='ocr_line' id='line_1_41' title="bbox 153 4435 1141 4525; baseline -0.009 -17"><span class='ocrx_word' id='word_1_274' title='bbox 153 4463 232 4508; x_wconf 89' lang='lat' dir='ltr'>mae</span> <span class='ocrx_word' id='word_1_275' title='bbox 251 4435 526 4509; x_wconf 89' lang='lat' dir='ltr'>Laterauensem</span> <span class='ocrx_word' id='word_1_276' title='bbox 549 4436 738 4507; x_wconf 88' lang='lat' dir='ltr'>Basilicam</span> <span class='ocrx_word' id='word_1_277' title='bbox 769 4437 948 4525; x_wconf 88' lang='lat' dir='ltr'>ingressus</span> <span class='ocrx_word' id='word_1_278' title='bbox 971 4446 1141 4519; x_wconf 82' lang='lat' dir='ltr'>tanquam</span> 
     </span>
     <span class='ocr_line' id='line_1_42' title="bbox 154 4534 1143 4632; baseline -0.005 -22"><span class='ocrx_word' id='word_1_279' title='bbox 154 4542 370 4611; x_wconf 87' lang='lat' dir='ltr'>salutaturus</span> <span class='ocrx_word' id='word_1_280' title='bbox 386 4538 583 4610; x_wconf 84' lang='lat' dir='ltr'>Martinam</span> <span class='ocrx_word' id='word_1_281' title='bbox 600 4536 838 4632; x_wconf 84' lang='lat' dir='ltr'>Episcopum,</span> <span class='ocrx_word' id='word_1_282' title='bbox 866 4538 902 4606; x_wconf 92' lang='lat' dir='ltr'>vi</span> <span class='ocrx_word' id='word_1_283' title='bbox 920 4559 999 4609; x_wconf 89' lang='lat' dir='ltr'>eum</span> <span class='ocrx_word' id='word_1_284' title='bbox 1016 4534 1143 4626; x_wconf 91' lang='lat' dir='ltr'>coepit,</span> 
     </span>
    </p>
   </div>
   <div class='ocr_carea' id='block_1_10' title="bbox 155 4630 1144 4735">
    <p class='ocr_par' dir='ltr' id='par_1_10' title="bbox 155 4630 1144 4735">
     <span class='ocr_line' id='line_1_43' title="bbox 155 4630 1144 4735; baseline -0.006 -23"><span class='ocrx_word' id='word_1_285' title='bbox 155 4658 189 4712; x_wconf 91' lang='lat' dir='ltr'>et</span> <span class='ocrx_word' id='word_1_286' title='bbox 206 4657 346 4735; x_wconf 90' lang='lat' dir='ltr'>captum</span> <span class='ocrx_word' id='word_1_287' title='bbox 362 4641 458 4713; x_wconf 89' lang='lat' dir='ltr'>misit</span> <span class='ocrx_word' id='word_1_288' title='bbox 475 4637 833 4733; x_wconf 90' lang='lat' dir='ltr'>Constantinopolin,</span> <span class='ocrx_word' id='word_1_289' title='bbox 858 4641 955 4709; x_wconf 92' lang='lat' dir='ltr'>unde</span> <span class='ocrx_word' id='word_1_290' title='bbox 978 4637 1016 4709; x_wconf 86' lang='lat' dir='ltr'>in</span> <span class='ocrx_word' id='word_1_291' title='bbox 1030 4630 1144 4707; x_wconf 87' lang='lat' dir='ltr'>Cher-</span> 
     </span>
    </p>
   </div>
   <div class='ocr_carea' id='block_1_11' title="bbox 155 4741 1143 4941">
    <p class='ocr_par' dir='ltr' id='par_1_11' title="bbox 155 4741 1143 4941">
     <span class='ocr_line' id='line_1_44' title="bbox 156 4741 1143 4837; baseline -0.008 -21"><span class='ocrx_word' id='word_1_292' title='bbox 156 4769 321 4816; x_wconf 90' lang='lat' dir='ltr'>sonesum</span> <span class='ocrx_word' id='word_1_293' title='bbox 353 4746 560 4837; x_wconf 89' lang='lat' dir='ltr'>deportatus</span> <span class='ocrx_word' id='word_1_294' title='bbox 582 4758 652 4832; x_wconf 90' lang='lat' dir='ltr'>est,</span> <span class='ocrx_word' id='word_1_295' title='bbox 693 4744 754 4814; x_wconf 92' lang='lat' dir='ltr'>ubi</span> <span class='ocrx_word' id='word_1_296' title='bbox 784 4743 929 4813; x_wconf 81' lang='lat' dir='ltr'>exulans</span> <span class='ocrx_word' id='word_1_297' title='bbox 961 4741 1143 4834; x_wconf 89' lang='lat' dir='ltr'>aliquanto</span> 
     </span>
     <span class='ocr_line' id='line_1_45' title="bbox 155 4859 498 4941; baseline 0.006 -23"><span class='ocrx_word' id='word_1_298' title='bbox 155 4862 235 4941; x_wconf 90' lang='lat' dir='ltr'>post</span> <span class='ocrx_word' id='word_1_299' title='bbox 249 4862 412 4918; x_wconf 89' lang='lat' dir='ltr'>mortuus</span> <span class='ocrx_word' id='word_1_300' title='bbox 436 4859 498 4920; x_wconf 88' lang='lat' dir='ltr'>est.</span> 
     </span>
    </p>
   </div>
   <div class='ocr_carea' id='block_1_12' title="bbox 1192 665 1673 764">
    <p class='ocr_par' dir='ltr' id='par_1_12' title="bbox 1192 665 1673 764">
     <span class='ocr_line' id='line_1_46' title="bbox 1192 665 1673 764; baseline 0.01 -28"><span class='ocrx_word' id='word_1_301' title='bbox 1192 666 1351 761; x_wconf 88' lang='lat' dir='ltr'>spoliatis</span> <span class='ocrx_word' id='word_1_302' title='bbox 1367 665 1506 740; x_wconf 86' lang='lat' dir='ltr'>Romae</span> <span class='ocrx_word' id='word_1_303' title='bbox 1522 671 1673 764; x_wconf 90' lang='lat' dir='ltr'>templis.</span> 
     </span>
    </p>
   </div>
   <div class='ocr_carea' id='block_1_13' title="bbox 1186 799 2175 1516">
    <p class='ocr_par' dir='ltr' id='par_1_13' title="bbox 1186 799 2175 1516">
     <span class='ocr_line' id='line_1_47' title="bbox 1291 799 2175 904; baseline 0.011 -31"><span class='ocrx_word' id='word_1_304' title='bbox 1291 799 1441 873; x_wconf 85' lang='lat' dir='ltr'>Tertius</span> <span class='ocrx_word' id='word_1_305' title='bbox 1465 800 1623 876; x_wconf 86' lang='lat' dir='ltr'>decimus</span> <span class='ocrx_word' id='word_1_306' title='bbox 1652 801 1958 904; x_wconf 77' lang='lat' dir='ltr'>Theophylueius</span> <span class='ocrx_word' id='word_1_307' title='bbox 1979 815 2107 885; x_wconf 90' lang='lat' dir='ltr'>missus</span> <span class='ocrx_word' id='word_1_308' title='bbox 2130 816 2175 884; x_wconf 88' lang='lat' dir='ltr'>ab</span> 
     </span>
     <span class='ocr_line' id='line_1_48' title="bbox 1190 906 2174 1009; baseline 0.01 -33"><span class='ocrx_word' id='word_1_309' title='bbox 1190 906 1398 998; x_wconf 84' lang='lat' dir='ltr'>Apsimaro,</span> <span class='ocrx_word' id='word_1_310' title='bbox 1426 909 1525 999; x_wconf 90' lang='lat' dir='ltr'>prius</span> <span class='ocrx_word' id='word_1_311' title='bbox 1548 934 1589 980; x_wconf 87' lang='lat' dir='ltr'>ex</span> <span class='ocrx_word' id='word_1_312' title='bbox 1604 911 1726 982; x_wconf 86' lang='lat' dir='ltr'>Sicilia</span> <span class='ocrx_word' id='word_1_313' title='bbox 1751 910 1904 983; x_wconf 88' lang='lat' dir='ltr'>Romam</span> <span class='ocrx_word' id='word_1_314' title='bbox 1928 917 2042 999; x_wconf 85' lang='lat' dir='ltr'>venit,</span> <span class='ocrx_word' id='word_1_315' title='bbox 2066 939 2174 1009; x_wconf 87' lang='lat' dir='ltr'>quarn</span> 
     </span>
     <span class='ocr_line' id='line_1_49' title="bbox 1188 1008 2174 1110; baseline 0.008 -32"><span class='ocrx_word' id='word_1_316' title='bbox 1188 1010 1332 1081; x_wconf 86' lang='lat' dir='ltr'>accessit</span> <span class='ocrx_word' id='word_1_317' title='bbox 1343 1008 1569 1084; x_wconf 88' lang='lat' dir='ltr'>Ravennam.</span> <span class='ocrx_word' id='word_1_318' title='bbox 1620 1011 1782 1107; x_wconf 89' lang='lat' dir='ltr'>Cumque</span> <span class='ocrx_word' id='word_1_319' title='bbox 1804 1017 2020 1110; x_wconf 84' lang='lat' dir='ltr'>direptiones</span> <span class='ocrx_word' id='word_1_320' title='bbox 2043 1031 2076 1088; x_wconf 92' lang='lat' dir='ltr'>et</span> <span class='ocrx_word' id='word_1_321' title='bbox 2096 1040 2174 1088; x_wconf 89' lang='lat' dir='ltr'>cae·</span> 
     </span>
     <span class='ocr_line' id='line_1_50' title="bbox 1188 1113 2174 1211; baseline 0.008 -31"><span class='ocrx_word' id='word_1_322' title='bbox 1188 1113 1249 1181; x_wconf 90' lang='lat' dir='ltr'>des</span> <span class='ocrx_word' id='word_1_323' title='bbox 1273 1125 1535 1201; x_wconf 87' lang='lat' dir='ltr'>metuerentur,</span> <span class='ocrx_word' id='word_1_324' title='bbox 1576 1116 1749 1207; x_wconf 88' lang='lat' dir='ltr'>praesidia</span> <span class='ocrx_word' id='word_1_325' title='bbox 1774 1142 1864 1211; x_wconf 91' lang='lat' dir='ltr'>quae</span> <span class='ocrx_word' id='word_1_326' title='bbox 1885 1117 2022 1192; x_wconf 85' lang='lat' dir='ltr'>Romae</span> <span class='ocrx_word' id='word_1_327' title='bbox 2048 1135 2083 1188; x_wconf 90' lang='lat' dir='ltr'>et</span> <span class='ocrx_word' id='word_1_328' title='bbox 2099 1119 2174 1192; x_wconf 83' lang='lat' dir='ltr'>Ra·</span> 
     </span>
     <span class='ocr_line' id='line_1_51' title="bbox 1190 1221 2171 1293; baseline 0.008 -11"><span class='ocrx_word' id='word_1_329' title='bbox 1190 1238 1324 1284; x_wconf 91' lang='lat' dir='ltr'>vennae</span> <span class='ocrx_word' id='word_1_330' title='bbox 1339 1227 1441 1286; x_wconf 90' lang='lat' dir='ltr'>erant</span> <span class='ocrx_word' id='word_1_331' title='bbox 1464 1241 1500 1286; x_wconf 88' lang='lat' dir='ltr'>se</span> <span class='ocrx_word' id='word_1_332' title='bbox 1525 1231 1647 1288; x_wconf 89' lang='lat' dir='ltr'>contra</span> <span class='ocrx_word' id='word_1_333' title='bbox 1673 1243 1753 1290; x_wconf 91' lang='lat' dir='ltr'>eum</span> <span class='ocrx_word' id='word_1_334' title='bbox 1777 1223 2049 1293; x_wconf 85' lang='lat' dir='ltr'>coniunxerunt.</span> <span class='ocrx_word' id='word_1_335' title='bbox 2102 1221 2171 1291; x_wconf 86' lang='lat' dir='ltr'>Sed</span> 
     </span>
     <span class='ocr_line' id='line_1_52' title="bbox 1186 1314 2170 1412; baseline 0.003 -23"><span class='ocrx_word' id='word_1_336' title='bbox 1186 1314 1588 1412; x_wconf 83' lang='lat' dir='ltr'>RomanusEpiscopus,</span> <span class='ocrx_word' id='word_1_337' title='bbox 1609 1345 1692 1390; x_wconf 88' lang='lat' dir='ltr'>cum</span> <span class='ocrx_word' id='word_1_338' title='bbox 1705 1318 2008 1393; x_wconf 84' lang='lat' dir='ltr'>interExarehum</span> <span class='ocrx_word' id='word_1_339' title='bbox 2026 1337 2060 1394; x_wconf 92' lang='lat' dir='ltr'>et</span> <span class='ocrx_word' id='word_1_340' title='bbox 2075 1349 2170 1393; x_wconf 84' lang='lat' dir='ltr'>exer·</span> 
     </span>
     <span class='ocr_line' id='line_1_53' title="bbox 1187 1419 2173 1516; baseline 0.006 -27"><span class='ocrx_word' id='word_1_341' title='bbox 1187 1419 1296 1491; x_wconf 90' lang='lat' dir='ltr'>citum</span> <span class='ocrx_word' id='word_1_342' title='bbox 1314 1421 1412 1490; x_wconf 87' lang='lat' dir='ltr'>velut</span> <span class='ocrx_word' id='word_1_343' title='bbox 1437 1423 1570 1493; x_wconf 90' lang='lat' dir='ltr'>arbiter</span> <span class='ocrx_word' id='word_1_344' title='bbox 1592 1434 1698 1509; x_wconf 89' lang='lat' dir='ltr'>esset,</span> <span class='ocrx_word' id='word_1_345' title='bbox 1725 1428 1897 1516; x_wconf 85' lang='lat' dir='ltr'>persuasit</span> <span class='ocrx_word' id='word_1_346' title='bbox 1917 1429 1986 1506; x_wconf 90' lang='lat' dir='ltr'>eis,</span> <span class='ocrx_word' id='word_1_347' title='bbox 2012 1450 2058 1495; x_wconf 92' lang='lat' dir='ltr'>ne</span> <span class='ocrx_word' id='word_1_348' title='bbox 2079 1428 2173 1495; x_wconf 87' lang='lat' dir='ltr'>inter</span> 
     </span>
    </p>
   </div>
   <div class='ocr_carea' id='block_1_14' title="bbox 1186 1522 2172 1699">
    <p class='ocr_par' dir='ltr' id='par_1_14' title="bbox 1186 1522 2172 1699">
     <span class='ocr_line' id='line_1_54' title="bbox 1186 1522 2172 1606; baseline 0.005 -15"><span class='ocrx_word' id='word_1_349' title='bbox 1186 1544 1224 1591; x_wconf 90' lang='lat' dir='ltr'>se</span> <span class='ocrx_word' id='word_1_350' title='bbox 1246 1522 1474 1606; x_wconf 88' lang='lat' dir='ltr'>dimicarent,</span> <span class='ocrx_word' id='word_1_351' title='bbox 1508 1539 1543 1596; x_wconf 92' lang='lat' dir='ltr'>et</span> <span class='ocrx_word' id='word_1_352' title='bbox 1571 1539 1611 1596; x_wconf 91' lang='lat' dir='ltr'>ut</span> <span class='ocrx_word' id='word_1_353' title='bbox 1632 1524 1843 1597; x_wconf 88' lang='lat' dir='ltr'>Ravennam</span> <span class='ocrx_word' id='word_1_354' title='bbox 1871 1529 1947 1601; x_wconf 90' lang='lat' dir='ltr'>sine</span> <span class='ocrx_word' id='word_1_355' title='bbox 1976 1526 2172 1598; x_wconf 87' lang='lat' dir='ltr'>latrociniis</span> 
     </span>
     <span class='ocr_line' id='line_1_55' title="bbox 1186 1624 1418 1699; baseline 0.022 -6"><span class='ocrx_word' id='word_1_356' title='bbox 1186 1624 1418 1699; x_wconf 89' lang='lat' dir='ltr'>discederent.</span> 
     </span>
    </p>
   </div>
   <div class='ocr_carea' id='block_1_15' title="bbox 1186 1754 2172 2243">
    <p class='ocr_par' dir='ltr' id='par_1_15' title="bbox 1186 1754 2172 2243">
     <span class='ocr_line' id='line_1_56' title="bbox 1287 1754 2170 1857; baseline 0.007 -26"><span class='ocrx_word' id='word_1_357' title='bbox 1287 1754 1458 1857; x_wconf 82' lang='lat' dir='ltr'>Quartus</span> <span class='ocrx_word' id='word_1_358' title='bbox 1490 1755 1650 1832; x_wconf 83' lang='lat' dir='ltr'>decimus</span> <span class='ocrx_word' id='word_1_359' title='bbox 1676 1757 1823 1834; x_wconf 85' lang='lat' dir='ltr'>Paulus</span> <span class='ocrx_word' id='word_1_360' title='bbox 1847 1788 1865 1833; x_wconf 93' lang='lat' dir='ltr'>a</span> <span class='ocrx_word' id='word_1_361' title='bbox 1893 1761 2013 1835; x_wconf 92' lang='lat' dir='ltr'>Leone</span> <span class='ocrx_word' id='word_1_362' title='bbox 2047 1764 2170 1837; x_wconf 76' lang='lat' dir='ltr'>&#39;l&#39;ertio</span> 
     </span>
     <span class='ocr_line' id='line_1_57' title="bbox 1187 1860 2169 1961; baseline 0.007 -29"><span class='ocrx_word' id='word_1_363' title='bbox 1187 1862 1314 1934; x_wconf 89' lang='lat' dir='ltr'>missus</span> <span class='ocrx_word' id='word_1_364' title='bbox 1324 1860 1538 1956; x_wconf 89' lang='lat' dir='ltr'>Gregorium</span> <span class='ocrx_word' id='word_1_365' title='bbox 1554 1863 1718 1936; x_wconf 87' lang='lat' dir='ltr'>Tertium</span> <span class='ocrx_word' id='word_1_366' title='bbox 1736 1863 1941 1937; x_wconf 87' lang='lat' dir='ltr'>Romanum</span> <span class='ocrx_word' id='word_1_367' title='bbox 1952 1864 2169 1961; x_wconf 85' lang='lat' dir='ltr'>Episcopum</span> 
     </span>
     <span class='ocr_line' id='line_1_58' title="bbox 1186 1967 2172 2062; baseline 0.008 -28"><span class='ocrx_word' id='word_1_368' title='bbox 1186 1989 1309 2057; x_wconf 88' lang='lat' dir='ltr'>capere</span> <span class='ocrx_word' id='word_1_369' title='bbox 1334 1967 1448 2037; x_wconf 90' lang='lat' dir='ltr'>iussus</span> <span class='ocrx_word' id='word_1_370' title='bbox 1471 1969 1603 2049; x_wconf 89' lang='lat' dir='ltr'>fuerat,</span> <span class='ocrx_word' id='word_1_371' title='bbox 1639 1969 1732 2062; x_wconf 92' lang='lat' dir='ltr'>quod</span> <span class='ocrx_word' id='word_1_372' title='bbox 1759 1967 1873 2038; x_wconf 88' lang='lat' dir='ltr'>Leoni</span> <span class='ocrx_word' id='word_1_373' title='bbox 1899 1970 2002 2041; x_wconf 92' lang='lat' dir='ltr'>tertio</span> <span class='ocrx_word' id='word_1_374' title='bbox 2028 1985 2172 2062; x_wconf 92' lang='lat' dir='ltr'>propter</span> 
     </span>
     <span class='ocr_line' id='line_1_59' title="bbox 1186 2064 2171 2162; baseline 0.007 -24"><span class='ocrx_word' id='word_1_375' title='bbox 1186 2064 1451 2162; x_wconf 75' lang='grc' dir='ltr'><strong><em>εἶκονομαχίαν</em></strong></span> <span class='ocrx_word' id='word_1_376' title='bbox 1471 2071 1603 2140; x_wconf 89' lang='lat' dir='ltr'>tributa</span> <span class='ocrx_word' id='word_1_377' title='bbox 1627 2070 1746 2158; x_wconf 89' lang='lat' dir='ltr'>negari</span> <span class='ocrx_word' id='word_1_378' title='bbox 1772 2069 1939 2158; x_wconf 87' lang='lat' dir='ltr'>iusserat,</span> <span class='ocrx_word' id='word_1_379' title='bbox 1971 2076 2031 2142; x_wconf 85' lang='lat' dir='ltr'>secl</span> <span class='ocrx_word' id='word_1_380' title='bbox 2054 2098 2073 2142; x_wconf 91' lang='lat' dir='ltr'>a</span> <span class='ocrx_word' id='word_1_381' title='bbox 2094 2071 2171 2145; x_wconf 88' lang='lat' dir='ltr'>Ro-</span> 
     </span>
     <span class='ocr_line' id='line_1_60' title="bbox 1186 2171 1791 2243; baseline 0.005 -4"><span class='ocrx_word' id='word_1_382' title='bbox 1186 2171 1300 2241; x_wconf 91' lang='lat' dir='ltr'>manis</span> <span class='ocrx_word' id='word_1_383' title='bbox 1315 2196 1396 2242; x_wconf 92' lang='lat' dir='ltr'>cum</span> <span class='ocrx_word' id='word_1_384' title='bbox 1412 2173 1485 2241; x_wconf 84' lang='lat' dir='ltr'>filio</span> <span class='ocrx_word' id='word_1_385' title='bbox 1504 2173 1707 2243; x_wconf 89' lang='lat' dir='ltr'>interfectus</span> <span class='ocrx_word' id='word_1_386' title='bbox 1730 2186 1791 2242; x_wconf 86' lang='lat' dir='ltr'>est.</span> 
     </span>
    </p>
   </div>
   <div class='ocr_carea' id='block_1_16' title="bbox 1187 2302 2175 3642">
    <p class='ocr_par' dir='ltr' id='par_1_16' title="bbox 1187 2302 2174 3216">
     <span class='ocr_line' id='line_1_61' title="bbox 1292 2302 2171 2403; baseline 0.006 -23"><span class='ocrx_word' id='word_1_387' title='bbox 1292 2305 1460 2380; x_wconf 84' lang='lat' dir='ltr'>Ultimus</span> <span class='ocrx_word' id='word_1_388' title='bbox 1471 2302 1865 2403; x_wconf 77' lang='lat' dir='ltr'>ExarcbusEurychus</span> <span class='ocrx_word' id='word_1_389' title='bbox 1882 2334 1902 2380; x_wconf 93' lang='lat' dir='ltr'>a</span> <span class='ocrx_word' id='word_1_390' title='bbox 1920 2308 2171 2385; x_wconf 88' lang='lat' dir='ltr'>LeoneTertio</span> 
     </span>
     <span class='ocr_line' id='line_1_62' title="bbox 1188 2407 2172 2507; baseline 0.009 -30"><span class='ocrx_word' id='word_1_391' title='bbox 1188 2408 1314 2482; x_wconf 88' lang='lat' dir='ltr'>missus</span> <span class='ocrx_word' id='word_1_392' title='bbox 1335 2437 1414 2481; x_wconf 91' lang='lat' dir='ltr'>cum</span> <span class='ocrx_word' id='word_1_393' title='bbox 1432 2411 1546 2480; x_wconf 88' lang='lat' dir='ltr'>literis</span> <span class='ocrx_word' id='word_1_394' title='bbox 1566 2407 1750 2481; x_wconf 87' lang='lat' dir='ltr'>Romanos</span> <span class='ocrx_word' id='word_1_395' title='bbox 1772 2411 1865 2481; x_wconf 89' lang='lat' dir='ltr'>cives</span> <span class='ocrx_word' id='word_1_396' title='bbox 1889 2428 2010 2483; x_wconf 89' lang='lat' dir='ltr'>contra</span> <span class='ocrx_word' id='word_1_397' title='bbox 2035 2413 2172 2507; x_wconf 89' lang='lat' dir='ltr'>Grego-</span> 
     </span>
     <span class='ocr_line' id='line_1_63' title="bbox 1187 2512 2171 2605; baseline 0.007 -25"><span class='ocrx_word' id='word_1_398' title='bbox 1187 2513 1280 2582; x_wconf 90' lang='lat' dir='ltr'>rium</span> <span class='ocrx_word' id='word_1_399' title='bbox 1298 2512 1481 2601; x_wconf 83' lang='lat' dir='ltr'>incitaret,</span> <span class='ocrx_word' id='word_1_400' title='bbox 1508 2514 1617 2583; x_wconf 88' lang='lat' dir='ltr'>edidit</span> <span class='ocrx_word' id='word_1_401' title='bbox 1643 2527 1764 2583; x_wconf 90' lang='lat' dir='ltr'>contra</span> <span class='ocrx_word' id='word_1_402' title='bbox 1790 2539 1870 2584; x_wconf 91' lang='lat' dir='ltr'>eum</span> <span class='ocrx_word' id='word_1_403' title='bbox 1889 2513 2082 2605; x_wconf 83' lang='lat' dir='ltr'>Gregorius</span> <span class='ocrx_word' id='word_1_404' title='bbox 2098 2520 2171 2588; x_wconf 90' lang='lat' dir='ltr'>ful·</span> 
     </span>
     <span class='ocr_line' id='line_1_64' title="bbox 1187 2614 2172 2708; baseline 0.008 -26"><span class='ocrx_word' id='word_1_405' title='bbox 1187 2638 1268 2683; x_wconf 91' lang='lat' dir='ltr'>men</span> <span class='ocrx_word' id='word_1_406' title='bbox 1284 2614 1670 2685; x_wconf 85' lang='lat' dir='ltr'>excommunicationis.</span> <span class='ocrx_word' id='word_1_407' title='bbox 1704 2615 1899 2708; x_wconf 84' lang='lat' dir='ltr'>Aliquanto</span> <span class='ocrx_word' id='word_1_408' title='bbox 1917 2631 1994 2708; x_wconf 92' lang='lat' dir='ltr'>post</span> <span class='ocrx_word' id='word_1_409' title='bbox 2009 2615 2172 2692; x_wconf 87' lang='lat' dir='ltr'>Astulfus</span> 
     </span>
     <span class='ocr_line' id='line_1_65' title="bbox 1189 2714 2172 2813; baseline 0.011 -30"><span class='ocrx_word' id='word_1_410' title='bbox 1189 2739 1247 2784; x_wconf 85' lang='lat' dir='ltr'>rex</span> <span class='ocrx_word' id='word_1_411' title='bbox 1276 2716 1596 2813; x_wconf 81' lang='lat' dir='ltr'>Longobardorum</span> <span class='ocrx_word' id='word_1_412' title='bbox 1623 2714 1833 2787; x_wconf 88' lang='lat' dir='ltr'>Ravennam</span> <span class='ocrx_word' id='word_1_413' title='bbox 1863 2719 1965 2810; x_wconf 90' lang='lat' dir='ltr'>cepit.</span> <span class='ocrx_word' id='word_1_414' title='bbox 2040 2720 2172 2794; x_wconf 89' lang='lat' dir='ltr'>Contra</span> 
     </span>
     <span class='ocr_line' id='line_1_66' title="bbox 1188 2812 2173 2911; baseline 0.007 -25"><span class='ocrx_word' id='word_1_415' title='bbox 1188 2813 1283 2888; x_wconf 90' lang='lat' dir='ltr'>hunc</span> <span class='ocrx_word' id='word_1_416' title='bbox 1298 2812 1500 2910; x_wconf 86' lang='lat' dir='ltr'>Stephanus</span> <span class='ocrx_word' id='word_1_417' title='bbox 1508 2816 1694 2889; x_wconf 86' lang='lat' dir='ltr'>Romanus</span> <span class='ocrx_word' id='word_1_418' title='bbox 1709 2815 1907 2911; x_wconf 89' lang='lat' dir='ltr'>Episcopus</span> <span class='ocrx_word' id='word_1_419' title='bbox 1922 2824 2173 2895; x_wconf 86' lang='lat' dir='ltr'>accersivitPi-</span> 
     </span>
     <span class='ocr_line' id='line_1_67' title="bbox 1190 2918 2173 3017; baseline 0.011 -31"><span class='ocrx_word' id='word_1_420' title='bbox 1190 2920 1335 3011; x_wconf 92' lang='lat' dir='ltr'>pinum,</span> <span class='ocrx_word' id='word_1_421' title='bbox 1363 2944 1433 3012; x_wconf 91' lang='lat' dir='ltr'>quo</span> <span class='ocrx_word' id='word_1_422' title='bbox 1449 2935 1606 3007; x_wconf 87' lang='lat' dir='ltr'>ternpore</span> <span class='ocrx_word' id='word_1_423' title='bbox 1626 2918 1708 2988; x_wconf 86' lang='lat' dir='ltr'>finis</span> <span class='ocrx_word' id='word_1_424' title='bbox 1726 2920 1794 2989; x_wconf 91' lang='lat' dir='ltr'>fuit</span> <span class='ocrx_word' id='word_1_425' title='bbox 1814 2936 1848 2992; x_wconf 90' lang='lat' dir='ltr'>et</span> <span class='ocrx_word' id='word_1_426' title='bbox 1871 2925 2030 2994; x_wconf 88' lang='lat' dir='ltr'>nominis</span> <span class='ocrx_word' id='word_1_427' title='bbox 2053 2940 2085 2996; x_wconf 90' lang='lat' dir='ltr'>et</span> <span class='ocrx_word' id='word_1_428' title='bbox 2109 2951 2173 3017; x_wconf 89' lang='lat' dir='ltr'>gu·</span> 
     </span>
     <span class='ocr_line' id='line_1_68' title="bbox 1190 3015 2174 3106; baseline 0.01 -18"><span class='ocrx_word' id='word_1_429' title='bbox 1190 3015 1674 3106; x_wconf 85' lang='lat' dir='ltr'>bernationisExarchorum,</span> <span class='ocrx_word' id='word_1_430' title='bbox 1699 3022 1756 3091; x_wconf 93' lang='lat' dir='ltr'>cui</span> <span class='ocrx_word' id='word_1_431' title='bbox 1773 3019 1982 3096; x_wconf 87' lang='lat' dir='ltr'>tribuuntur</span> <span class='ocrx_word' id='word_1_432' title='bbox 1995 3029 2078 3097; x_wconf 92' lang='lat' dir='ltr'>anni</span> <span class='ocrx_word' id='word_1_433' title='bbox 2091 3052 2174 3098; x_wconf 89' lang='lat' dir='ltr'>cen-</span> 
     </span>
     <span class='ocr_line' id='line_1_69' title="bbox 1189 3122 1692 3216; baseline 0.006 -24"><span class='ocrx_word' id='word_1_434' title='bbox 1189 3135 1263 3192; x_wconf 93' lang='lat' dir='ltr'>turn</span> <span class='ocrx_word' id='word_1_435' title='bbox 1279 3122 1499 3215; x_wconf 81' lang='lat' dir='ltr'>septuaginta</span> <span class='ocrx_word' id='word_1_436' title='bbox 1523 3122 1692 3216; x_wconf 92' lang='lat' dir='ltr'>quinque.</span> 
     </span>
    </p>

    <p class='ocr_par' dir='ltr' id='par_1_17' title="bbox 1189 3240 2175 3642">
     <span class='ocr_line' id='line_1_70' title="bbox 1289 3240 2174 3339; baseline 0.007 -26"><span class='ocrx_word' id='word_1_437' title='bbox 1289 3240 1373 3318; x_wconf 84' lang='lat' dir='ltr'>Feci</span> <span class='ocrx_word' id='word_1_438' title='bbox 1399 3243 1589 3313; x_wconf 91' lang='lat' dir='ltr'>continuos</span> <span class='ocrx_word' id='word_1_439' title='bbox 1618 3244 1795 3335; x_wconf 85' lang='lat' dir='ltr'>catalogos</span> <span class='ocrx_word' id='word_1_440' title='bbox 1816 3266 1937 3335; x_wconf 87' lang='lat' dir='ltr'>regum</span> <span class='ocrx_word' id='word_1_441' title='bbox 1963 3246 2174 3339; x_wconf 89' lang='lat' dir='ltr'>Longobar-</span> 
     </span>
     <span class='ocr_line' id='line_1_71' title="bbox 1189 3338 2174 3443; baseline 0.006 -28"><span class='ocrx_word' id='word_1_442' title='bbox 1189 3345 1352 3416; x_wconf 91' lang='lat' dir='ltr'>dicorum</span> <span class='ocrx_word' id='word_1_443' title='bbox 1368 3357 1402 3414; x_wconf 88' lang='lat' dir='ltr'>et</span> <span class='ocrx_word' id='word_1_444' title='bbox 1415 3338 1659 3415; x_wconf 88' lang='lat' dir='ltr'>Exarchorum</span> <span class='ocrx_word' id='word_1_445' title='bbox 1669 3382 1689 3430; x_wconf 91' lang='lat'>,·</span> <span class='ocrx_word' id='word_1_446' title='bbox 1703 3360 1743 3417; x_wconf 91' lang='lat' dir='ltr'>ut</span> <span class='ocrx_word' id='word_1_447' title='bbox 1760 3371 1876 3417; x_wconf 90' lang='lat' dir='ltr'>mores</span> <span class='ocrx_word' id='word_1_448' title='bbox 1893 3363 1928 3420; x_wconf 93' lang='lat' dir='ltr'>et</span> <span class='ocrx_word' id='word_1_449' title='bbox 1944 3352 2056 3421; x_wconf 89' lang='lat' dir='ltr'>exitus</span> <span class='ocrx_word' id='word_1_450' title='bbox 2073 3353 2174 3443; x_wconf 89' lang='lat' dir='ltr'>prin-</span> 
     </span>
     <span class='ocr_line' id='line_1_72' title="bbox 1189 3448 2175 3546; baseline 0.008 -29"><span class='ocrx_word' id='word_1_451' title='bbox 1189 3472 1307 3540; x_wconf 80' lang='lat' dir='ltr'>cipum</span> <span class='ocrx_word' id='word_1_452' title='bbox 1335 3449 1373 3516; x_wconf 92' lang='lat' dir='ltr'>in</span> <span class='ocrx_word' id='word_1_453' title='bbox 1397 3471 1469 3518; x_wconf 91' lang='lat' dir='ltr'>uno</span> <span class='ocrx_word' id='word_1_454' title='bbox 1487 3448 1566 3518; x_wconf 94' lang='lat' dir='ltr'>loco</span> <span class='ocrx_word' id='word_1_455' title='bbox 1585 3448 1757 3541; x_wconf 86' lang='lat' dir='ltr'>propositi</span> <span class='ocrx_word' id='word_1_456' title='bbox 1774 3450 1885 3539; x_wconf 86' lang='lat' dir='ltr'>magis</span> <span class='ocrx_word' id='word_1_457' title='bbox 1909 3454 2065 3546; x_wconf 91' lang='lat' dir='ltr'>conspici</span> <span class='ocrx_word' id='word_1_458' title='bbox 2093 3478 2175 3544; x_wconf 87' lang='lat' dir='ltr'>pos·</span> 
     </span>
     <span class='ocr_line' id='line_1_73' title="bbox 1190 3548 1870 3642; baseline 0.009 -24"><span class='ocrx_word' id='word_1_459' title='bbox 1190 3563 1272 3624; x_wconf 77' lang='lat' dir='ltr'>sint.</span> <span class='ocrx_word' id='word_1_460' title='bbox 1324 3548 1429 3619; x_wconf 90' lang='lat' dir='ltr'>Nunc</span> <span class='ocrx_word' id='word_1_461' title='bbox 1445 3551 1490 3618; x_wconf 91' lang='lat' dir='ltr'>ad</span> <span class='ocrx_word' id='word_1_462' title='bbox 1508 3551 1737 3642; x_wconf 89' lang='lat' dir='ltr'>imperatores</span> <span class='ocrx_word' id='word_1_463' title='bbox 1753 3552 1870 3626; x_wconf 89' lang='lat' dir='ltr'>redeo.</span> 
     </span>
    </p>
   </div>
   <div class='ocr_carea' id='block_1_17' title="bbox 1245 3764 2176 3943">
    <p class='ocr_par' dir='ltr' id='par_1_18' title="bbox 1245 3764 2176 3943">
     <span class='ocr_line' id='line_1_74' title="bbox 1245 3764 2176 3868; baseline 0.005 -27"><span class='ocrx_word' id='word_1_464' title='bbox 1245 3764 1357 3841; x_wconf 84' lang='lat' dir='ltr'>Anno</span> <span class='ocrx_word' id='word_1_465' title='bbox 1380 3771 1507 3839; x_wconf 91' lang='lat' dir='ltr'>mundi</span> <span class='ocrx_word' id='word_1_466' title='bbox 1531 3784 1655 3864; x_wconf 89' lang='lat' dir='ltr'>quater</span> <span class='ocrx_word' id='word_1_467' title='bbox 1676 3772 1864 3843; x_wconf 89' lang='lat' dir='ltr'>millesimo</span> <span class='ocrx_word' id='word_1_468' title='bbox 1893 3775 2176 3868; x_wconf 90' lang='lat' dir='ltr'>quingentesimo</span> 
     </span>
     <span class='ocr_line' id='line_1_75' title="bbox 1392 3873 1698 3943; baseline -0.01 0"><span class='ocrx_word' id='word_1_469' title='bbox 1392 3873 1569 3943; x_wconf 87' lang='lat' dir='ltr'>tricesimo</span> <span class='ocrx_word' id='word_1_470' title='bbox 1591 3898 1698 3943; x_wconf 88' lang='lat' dir='ltr'>nono.</span> 
     </span>
    </p>
   </div>
   <div class='ocr_carea' id='block_1_18' title="bbox 1242 4004 2175 4201">
    <p class='ocr_par' dir='ltr' id='par_1_19' title="bbox 1242 4004 2175 4201">
     <span class='ocr_line' id='line_1_76' title="bbox 1242 4004 2175 4085; baseline 0.003 -7"><span class='ocrx_word' id='word_1_471' title='bbox 1242 4004 1350 4078; x_wconf 84' lang='lat' dir='ltr'>Anno</span> <span class='ocrx_word' id='word_1_472' title='bbox 1368 4004 1506 4078; x_wconf 86' lang='lat' dir='ltr'>Romae</span> <span class='ocrx_word' id='word_1_473' title='bbox 1529 4008 1718 4076; x_wconf 90' lang='lat' dir='ltr'>millesimo</span> <span class='ocrx_word' id='word_1_474' title='bbox 1738 4008 1983 4081; x_wconf 87' lang='lat' dir='ltr'>trecentesimo</span> <span class='ocrx_word' id='word_1_475' title='bbox 2009 4010 2175 4085; x_wconf 87' lang='lat' dir='ltr'>vicesimo</span> 
     </span>
     <span class='ocr_line' id='line_1_77' title="bbox 1397 4109 1560 4201; baseline 0.037 -25"><span class='ocrx_word' id='word_1_476' title='bbox 1397 4109 1560 4201; x_wconf 90' lang='lat' dir='ltr'>septimo.</span> 
     </span>
    </p>
   </div>
   <div class='ocr_carea' id='block_1_19' title="bbox 1241 4238 2176 4438">
    <p class='ocr_par' dir='ltr' id='par_1_20' title="bbox 1241 4238 2176 4438">
     <span class='ocr_line' id='line_1_78' title="bbox 1241 4238 2176 4337; baseline 0.009 -23"><span class='ocrx_word' id='word_1_477' title='bbox 1241 4244 1350 4314; x_wconf 82' lang='lat' dir='ltr'>Anno</span> <span class='ocrx_word' id='word_1_478' title='bbox 1382 4238 1516 4315; x_wconf 89' lang='lat' dir='ltr'>Christi</span> <span class='ocrx_word' id='word_1_479' title='bbox 1539 4244 1821 4337; x_wconf 90' lang='lat' dir='ltr'>quingentesimo</span> <span class='ocrx_word' id='word_1_480' title='bbox 1846 4247 2100 4337; x_wconf 86' lang='lat' dir='ltr'>septuagesimo</span> <span class='ocrx_word' id='word_1_481' title='bbox 2122 4272 2176 4322; x_wconf 87' lang='lat' dir='ltr'>se·</span> 
     </span>
     <span class='ocr_line' id='line_1_79' title="bbox 1399 4346 1522 4438; baseline 0.016 -24"><span class='ocrx_word' id='word_1_482' title='bbox 1399 4346 1522 4438; x_wconf 90' lang='lat' dir='ltr'>ptimo.</span> 
     </span>
    </p>
   </div>
   <div class='ocr_carea' id='block_1_20' title="bbox 1503 4497 1861 4572">
    <p class='ocr_par' dir='ltr' id='par_1_21' title="bbox 1503 4497 1861 4572">
     <span class='ocr_line' id='line_1_80' title="bbox 1503 4497 1861 4572; baseline 0 0"><span class='ocrx_word' id='word_1_483' title='bbox 1503 4501 1576 4572; x_wconf 85' lang='lat' dir='ltr'>De</span> <span class='ocrx_word' id='word_1_484' title='bbox 1612 4497 1861 4572; x_wconf 80' lang='lat' dir='ltr'>Tiberio.</span> 
     </span>
    </p>
   </div>
   <div class='ocr_carea' id='block_1_21' title="bbox 1193 4646 2178 4954">
    <p class='ocr_par' dir='ltr' id='par_1_22' title="bbox 1193 4646 2178 4954">
     <span class='ocr_line' id='line_1_81' title="bbox 1294 4646 2177 4745; baseline 0.003 -22"><span class='ocrx_word' id='word_1_485' title='bbox 1294 4648 1467 4724; x_wconf 84' lang='lat' dir='ltr'>Tiberius</span> <span class='ocrx_word' id='word_1_486' title='bbox 1484 4646 1753 4727; x_wconf 84' lang='lat' dir='ltr'>Constantinus</span> <span class='ocrx_word' id='word_1_487' title='bbox 1769 4655 1897 4723; x_wconf 86' lang='lat' dir='ltr'>ascitus</span> <span class='ocrx_word' id='word_1_488' title='bbox 1921 4654 1965 4721; x_wconf 91' lang='lat' dir='ltr'>ad</span> <span class='ocrx_word' id='word_1_489' title='bbox 1988 4653 2177 4745; x_wconf 91' lang='lat' dir='ltr'>imperium</span> 
     </span>
     <span class='ocr_line' id='line_1_82' title="bbox 1193 4753 2178 4847; baseline 0.003 -20"><span class='ocrx_word' id='word_1_490' title='bbox 1193 4783 1213 4827; x_wconf 91' lang='lat' dir='ltr'>a</span> <span class='ocrx_word' id='word_1_491' title='bbox 1232 4754 1368 4829; x_wconf 90' lang='lat' dir='ltr'>Iustino</span> <span class='ocrx_word' id='word_1_492' title='bbox 1383 4753 1500 4829; x_wconf 88' lang='lat' dir='ltr'>adhuc</span> <span class='ocrx_word' id='word_1_493' title='bbox 1514 4758 1654 4827; x_wconf 77' lang='lat' dir='ltr'>vivente</span> <span class='ocrx_word' id='word_1_494' title='bbox 1682 4768 1824 4847; x_wconf 93' lang='lat' dir='ltr'>propter</span> <span class='ocrx_word' id='word_1_495' title='bbox 1847 4754 1991 4825; x_wconf 80' lang='lat' dir='ltr'>eximias</span> <span class='ocrx_word' id='word_1_496' title='bbox 2017 4757 2178 4844; x_wconf 88' lang='lat' dir='ltr'>virtutes,</span> 
     </span>
     <span class='ocr_line' id='line_1_83' title="bbox 1193 4856 2176 4954; baseline 0.006 -25"><span class='ocrx_word' id='word_1_497' title='bbox 1193 4883 1284 4954; x_wconf 86' lang='lat' dir='ltr'>quae</span> <span class='ocrx_word' id='word_1_498' title='bbox 1301 4858 1390 4929; x_wconf 91' lang='lat' dir='ltr'>ineo</span> <span class='ocrx_word' id='word_1_499' title='bbox 1401 4860 1437 4928; x_wconf 89' lang='lat' dir='ltr'>iu</span> <span class='ocrx_word' id='word_1_500' title='bbox 1455 4859 1711 4949; x_wconf 83' lang='lat' dir='ltr'>gubernatione</span> <span class='ocrx_word' id='word_1_501' title='bbox 1727 4856 1828 4927; x_wconf 90' lang='lat' dir='ltr'>aulae</span> <span class='ocrx_word' id='word_1_502' title='bbox 1845 4873 2050 4949; x_wconf 88' lang='lat' dir='ltr'>conspectae</span> <span class='ocrx_word' id='word_1_503' title='bbox 2066 4877 2176 4936; x_wconf 88' lang='lat' dir='ltr'>erant.</span> 
     </span>
    </p>
   </div>
   <div class='ocr_carea' id='block_1_22' title="bbox 156 4955 2180 5363">
    <p class='ocr_par' dir='ltr' id='par_1_23' title="bbox 156 4955 2180 5363">
     <span class='ocr_line' id='line_1_84' title="bbox 260 4955 2179 5051; baseline -0.001 -15"><span class='ocrx_word' id='word_1_504' title='bbox 260 4960 514 5037; x_wconf 84' lang='lat' dir='ltr'>Duodecimus</span> <span class='ocrx_word' id='word_1_505' title='bbox 548 4956 740 5034; x_wconf 77' lang='lat' dir='ltr'>Iohannes</span> <span class='ocrx_word' id='word_1_506' title='bbox 768 4955 928 5033; x_wconf 80' lang='lat' dir='ltr'>Plotina</span> <span class='ocrx_word' id='word_1_507' title='bbox 967 4963 1144 5032; x_wconf 80' lang='lat' dir='ltr'>missura</span> <span class='ocrx_word' id='word_1_508' title='bbox 1194 4961 1329 5032; x_wconf 88' lang='lat' dir='ltr'>Tenuit</span> <span class='ocrx_word' id='word_1_509' title='bbox 1351 4960 1542 5051; x_wconf 91' lang='lat' dir='ltr'>imperium</span> <span class='ocrx_word' id='word_1_510' title='bbox 1565 4983 1679 5030; x_wconf 89' lang='lat' dir='ltr'>annos</span> <span class='ocrx_word' id='word_1_511' title='bbox 1701 4972 1847 5050; x_wconf 89' lang='lat' dir='ltr'>septem.</span> <span class='ocrx_word' id='word_1_512' title='bbox 1904 4956 2105 5033; x_wconf 88' lang='lat' dir='ltr'>Coronatus</span> <span class='ocrx_word' id='word_1_513' title='bbox 2126 4977 2179 5034; x_wconf 93' lang='lat' dir='ltr'>est</span> 
     </span>
     <span class='ocr_line' id='line_1_85' title="bbox 158 5059 2177 5158; baseline -0.003 -16"><span class='ocrx_word' id='word_1_514' title='bbox 158 5068 358 5142; x_wconf 88' lang='lat' dir='ltr'>Iustiniano</span> <span class='ocrx_word' id='word_1_515' title='bbox 375 5068 560 5151; x_wconf 89' lang='lat' dir='ltr'>Secundo,</span> <span class='ocrx_word' id='word_1_516' title='bbox 592 5090 674 5137; x_wconf 91' lang='lat' dir='ltr'>cum</span> <span class='ocrx_word' id='word_1_517' title='bbox 694 5064 835 5139; x_wconf 82' lang='lat' dir='ltr'>Romae</span> <span class='ocrx_word' id='word_1_518' title='bbox 862 5064 1034 5135; x_wconf 86' lang='lat' dir='ltr'>dissensio</span> <span class='ocrx_word' id='word_1_519' title='bbox 1058 5077 1145 5134; x_wconf 89' lang='lat' dir='ltr'>esset</span> <span class='ocrx_word' id='word_1_520' title='bbox 1196 5089 1213 5132; x_wconf 90' lang='lat' dir='ltr'>a</span> <span class='ocrx_word' id='word_1_521' title='bbox 1244 5059 1447 5134; x_wconf 88' lang='lat' dir='ltr'>Patriarcha</span> <span class='ocrx_word' id='word_1_522' title='bbox 1473 5059 1651 5158; x_wconf 82' lang='lat' dir='ltr'>Eutychio</span> <span class='ocrx_word' id='word_1_523' title='bbox 1683 5086 1763 5132; x_wconf 93' lang='lat' dir='ltr'>cum</span> <span class='ocrx_word' id='word_1_524' title='bbox 1801 5060 1949 5149; x_wconf 89' lang='lat' dir='ltr'>coniuge</span> <span class='ocrx_word' id='word_1_525' title='bbox 1978 5063 2177 5137; x_wconf 86' lang='lat' dir='ltr'>Anastasia.</span> 
     </span>
     <span class='ocr_line' id='line_1_86' title="bbox 157 5163 2180 5261; baseline -0.003 -19"><span class='ocrx_word' id='word_1_526' title='bbox 157 5176 201 5244; x_wconf 89' lang='lat' dir='ltr'>de</span> <span class='ocrx_word' id='word_1_527' title='bbox 219 5169 588 5249; x_wconf 75' lang='lat' dir='ltr'>electionepontificis,</span> <span class='ocrx_word' id='word_1_528' title='bbox 612 5167 708 5238; x_wconf 87' lang='lat' dir='ltr'>venit</span> <span class='ocrx_word' id='word_1_529' title='bbox 725 5193 766 5237; x_wconf 89' lang='lat' dir='ltr'>eo</span> <span class='ocrx_word' id='word_1_530' title='bbox 782 5166 931 5261; x_wconf 88' lang='lat' dir='ltr'>pecunia</span> <span class='ocrx_word' id='word_1_531' title='bbox 948 5179 1146 5259; x_wconf 88' lang='lat' dir='ltr'>corruptus,</span> <span class='ocrx_word' id='word_1_532' title='bbox 1197 5164 1331 5236; x_wconf 88' lang='lat' dir='ltr'>Mansit</span> <span class='ocrx_word' id='word_1_533' title='bbox 1360 5180 1526 5236; x_wconf 90' lang='lat' dir='ltr'>constans</span> <span class='ocrx_word' id='word_1_534' title='bbox 1549 5169 1587 5235; x_wconf 92' lang='lat' dir='ltr'>in</span> <span class='ocrx_word' id='word_1_535' title='bbox 1616 5163 1831 5255; x_wconf 80' lang='lat' dir='ltr'>professione</span> <span class='ocrx_word' id='word_1_536' title='bbox 1852 5164 1990 5253; x_wconf 87' lang='lat' dir='ltr'>piarum</span> <span class='ocrx_word' id='word_1_537' title='bbox 2012 5164 2180 5258; x_wconf 83' lang='lat' dir='ltr'>Synodo·</span> 
     </span>
     <span class='ocr_line' id='line_1_87' title="bbox 156 5262 2178 5363; baseline -0.004 -16"><span class='ocrx_word' id='word_1_538' title='bbox 156 5291 197 5347; x_wconf 90' lang='lat' dir='ltr'>ut</span> <span class='ocrx_word' id='word_1_539' title='bbox 212 5269 417 5345; x_wconf 87' lang='lat' dir='ltr'>Pascbalem</span> <span class='ocrx_word' id='word_1_540' title='bbox 434 5286 565 5342; x_wconf 86' lang='lat' dir='ltr'>crearet</span> <span class='ocrx_word' id='word_1_541' title='bbox 580 5268 784 5342; x_wconf 86' lang='lat' dir='ltr'>Romanum</span> <span class='ocrx_word' id='word_1_542' title='bbox 796 5264 1025 5363; x_wconf 88' lang='lat' dir='ltr'>Episcopum,</span> <span class='ocrx_word' id='word_1_543' title='bbox 1050 5269 1146 5362; x_wconf 91' lang='lat' dir='ltr'>quod</span> <span class='ocrx_word' id='word_1_544' title='bbox 1196 5292 1295 5353; x_wconf 90' lang='lat' dir='ltr'>rum,</span> <span class='ocrx_word' id='word_1_545' title='bbox 1321 5291 1386 5338; x_wconf 91' lang='lat' dir='ltr'>uec</span> <span class='ocrx_word' id='word_1_546' title='bbox 1409 5269 1568 5359; x_wconf 90' lang='lat' dir='ltr'>permisit</span> <span class='ocrx_word' id='word_1_547' title='bbox 1591 5267 1725 5337; x_wconf 91' lang='lat' dir='ltr'>turbari</span> <span class='ocrx_word' id='word_1_548' title='bbox 1740 5262 1927 5336; x_wconf 78' lang='lat' dir='ltr'>Ecclesiae.</span> <span class='ocrx_word' id='word_1_549' title='bbox 1963 5262 2047 5337; x_wconf 87' lang='lat' dir='ltr'>Fuit</span> <span class='ocrx_word' id='word_1_550' title='bbox 2064 5267 2178 5339; x_wconf 89' lang='lat' dir='ltr'>iustus</span> 
     </span>
    </p>
   </div>
   <div class='ocr_carea' id='block_1_23' title="bbox 158 5366 1148 5469">
    <p class='ocr_par' dir='ltr' id='par_1_24' title="bbox 158 5366 1148 5469">
     <span class='ocr_line' id='line_1_88' title="bbox 158 5366 1148 5469; baseline -0.008 -21"><span class='ocrx_word' id='word_1_551' title='bbox 158 5395 278 5449; x_wconf 85' lang='lat' dir='ltr'>tamen</span> <span class='ocrx_word' id='word_1_552' title='bbox 294 5377 459 5469; x_wconf 88' lang='lat' dir='ltr'>perficere</span> <span class='ocrx_word' id='word_1_553' title='bbox 475 5398 548 5445; x_wconf 91' lang='lat' dir='ltr'>non</span> <span class='ocrx_word' id='word_1_554' title='bbox 566 5373 691 5466; x_wconf 90' lang='lat' dir='ltr'>potuit.</span> <span class='ocrx_word' id='word_1_555' title='bbox 742 5371 836 5462; x_wconf 84' lang='lat' dir='ltr'>Quia</span> <span class='ocrx_word' id='word_1_556' title='bbox 852 5366 1032 5445; x_wconf 88' lang='lat' dir='ltr'>Paschalis</span> <span class='ocrx_word' id='word_1_557' title='bbox 1045 5373 1148 5441; x_wconf 90' lang='lat' dir='ltr'>dam·</span> 
     </span>
    </p>
   </div>
   <div class='ocr_carea' id='block_1_24' title="bbox 210 5478 710 5550">
    <p class='ocr_par' dir='ltr' id='par_1_25' title="bbox 210 5478 710 5550">
     <span class='ocr_line' id='line_1_89' title="bbox 210 5478 710 5550; baseline -0.012 0"><span class='ocrx_word' id='word_1_558' title='bbox 210 5483 387 5550; x_wconf 79' lang='lat' dir='ltr'>Mrctrrrr.</span> <span class='ocrx_word' id='word_1_559' title='bbox 410 5483 515 5550; x_wconf 82' lang='lat' dir='ltr'>Orrn.</span> <span class='ocrx_word' id='word_1_560' title='bbox 532 5480 616 5544; x_wconf 76' lang='lat' dir='ltr'>Vos..</span> <span class='ocrx_word' id='word_1_561' title='bbox 630 5478 710 5544; x_wconf 88' lang='lat' dir='ltr'>Xll.</span> 
     </span>
    </p>
   </div>
   <div class='ocr_carea' id='block_1_25' title="bbox 1197 5366 2179 5544">
    <p class='ocr_par' dir='ltr' id='par_1_26' title="bbox 1197 5366 2179 5544">
     <span class='ocr_line' id='line_1_90' title="bbox 1197 5366 2179 5544; baseline 0.001 -105"><span class='ocrx_word' id='word_1_562' title='bbox 1197 5371 1234 5439; x_wconf 93' lang='lat' dir='ltr'>in</span> <span class='ocrx_word' id='word_1_563' title='bbox 1256 5371 1531 5461; x_wconf 87' lang='lat' dir='ltr'>gubernatione,</span> <span class='ocrx_word' id='word_1_564' title='bbox 1556 5368 1731 5544; x_wconf 57' lang='lat' dir='ltr'>ploaqidus,</span> <span class='ocrx_word' id='word_1_565' title='bbox 1754 5381 1791 5449; x_wconf 84' lang='lat' dir='ltr'>et</span> <span class='ocrx_word' id='word_1_566' title='bbox 1813 5366 1889 5437; x_wconf 89' lang='lat' dir='ltr'>sine</span> <span class='ocrx_word' id='word_1_567' title='bbox 1912 5371 2179 5467; x_wconf 71' lang='lat' dir='ltr'>noivnpuypo-</span> 
     </span>
    </p>
   </div>
   <div class='ocr_carea' id='block_1_26' title="bbox 0 0 2345 6036">
    <p class='ocr_par' dir='ltr' id='par_1_27' title="bbox 0 0 2345 6036">
     <span class='ocr_line' id='line_1_91' title="bbox 0 0 2345 6036; baseline 0 0"><span class='ocrx_word' id='word_1_568' title='bbox 0 0 2345 6036; x_wconf 95' lang='lat' dir='ltr'> </span> 
     </span>
    </p>
   </div>
  </div>
 </body>
</html>
