4680 6038
728 1174 791 1286 A)
848 1168 1606 1264 PltoPOSl'ltoNlis

585 1412 633 1476 'ex
667 1394 779 1475 Temo
801 1392 870 1475 lv.
905 1417 986 1495 opp.
1018 1389 1190 1469 Melanth.
1224 1386 1427 1490 Witeberg.
1459 1414 1495 1490 p·
1509 1387 1740 1470 tat-titt.

1051 1624 1264 1642 *—

151 1896 516 2001 Ρνρροηηοηῃ
551 1900 924 1994 „mmmmm
948 1906 1144 1995 praeci,
1194 1864 1403 1990 haereditas.
1456 1863 1572 1939 Simul
1592 1859 1837 1985 autemomulti
1859 1848 2173 1976 suntinhocvisi-

148 2032 265 2104 paros
303 2008 565 2082 Arttcotos·
592 2001 847 2077 doctrinae
894 2007 1142 2095 coelestis,
1194 1956 2174 2062 h¹¹¹⁰⁰0¹¹¹1¹⁰¹1⁸³¹¹ct1‚qustamenproiessronedo·

151 2111 323 2185 traditae
358 2114 399 2182 in
431 2104 567 2182 Schola
598 2104 867 2204 Witeherpensi
893 2128 919 2178 n
945 2109 994 2179 l).
1028 2104 1143 2180 Phi·
1195 2073 1424 2145 “ri‘ffl‘fflm
1437 2073 1566 2143 *Μὴ
1580 2069 1852 2189 ωωθηῑῑξῃῖἷῃ
2054 2163 2065 2183 ‚
2210 2138 2215 2153 ·

150 2215 279 2308 lippo
303 2209 628 2292 Melanthone,
660 2219 705 2281 ug
729 2218 854 2282 emm
878 2208 1142 2283 magma-gig,
1299 2174 1362 2248 lV.
1403 2173 1486 2246 Non
1510 2175 1596 2246 ludo
1621 2184 1818 2271 praestigiis
1842 2179 2176 2261 interpretationum,

149 2319 395 2412 putationum
434 2318 567 2387 comm
597 2317 829 2410 megum,
853 2308 1070 2408 ponpgficga,
1101 2321 1141 2385 et
1194 2303 1259 2349 nec
1281 2276 1623 2398 misceo-religiopes
1645 2276 1683 2344 in
1700 2298 1815 2394 unum
1833 2267 1968 2389 cbaos,⁸
1988 2268 2104 2339 sedin
2118 2260 2176 2337 hrt

473 2415 616 2487 muna„
639 2425 825 2487 recentes,
1195 2382 1268 2451 sola
1291 2376 1451 2450 Ecclesia
1470 2376 1618 2450 Domini
1641 2391 1754 2448 nostri
1776 2372 1858 2445 lesu
1879 2365 2013 2443 Chnstr
2033 2368 2176 2441 adfinno

1194 2483 1323 2553 donari
1337 2477 1545 2554 hominibus
1560 2480 1806 2552 remissionem
1819 2486 2057 2567 peccatorum,
2076 2466 2178 2551 insti-¹

151 2587 183 2662 l.
218 2571 345 2657 Multa
362 2594 445 2653 sunt
458 2580 611 2652 illustria
626 2576 827 2653 testimonia
842 2582 881 2651 in
892 2598 1031 2671 natura,
1052 2609 1142 2682 quae
1195 2585 1304 2667 ciam,
1329 2597 1364 2655 et
1382 2585 1531 2655 salutem
1553 2596 1749 2655 aeternam:
1776 2592 1812 2650 et
1825 2574 2036 2648 sententiam
2051 2572 2094 2643 in
2109 2570 2176 2642 siu-

152 2690 348 2760 ostendunt
368 2705 441 2754 esse
455 2681 591 2767 Deum,
616 2698 651 2756 et
672 2685 788 2777 qualia
811 2685 874 2770 sit,
886 2682 943 2757 'de
963 2688 1094 2781 quibus
1108 2701 1143 2760 et
1194 2688 1287 2779 gulia
1308 2686 1490 2760 doctrinae
1509 2686 1678 2757 membris
1698 2681 1850 2753 fideliter
1871 2677 2031 2762 retineo,
2061 2672 2175 2771 quain

152 2788 336 2864 Romal.
357 2785 507 2872 dicitur,
537 2782 588 2858 Ut
608 2787 700 2856 ordo
724 2810 913 2880 corporum
937 2792 1083 2874 muudi,
1110 2804 1145 2861 et
1196 2784 1369 2862 catholica
1396 2785 1553 2860 Ecclesia
1582 2784 1949 2873 Dei-intelliguntur,
1990 2790 2029 2850 ct
2055 2776 2174 2847 dnn

151 2907 315 2963 motuum
329 2887 552 2972 coelestium,
580 2889 798 2960 conservatio
815 2891 1029 2980 specierum,
1054 2893 1144 2963 etin
1196 2915 1318 2963 omnes
1340 2892 1479 2963 furores
1495 2892 1681 2961 damnatos
1696 2885 1838 2959 iudiciis
1852 2875 2050 2954 catholicae
2063 2874 2175 2951 Eccle-
2213 2972 2215 2977 Ι

154 2989 301 3064 homine
315 2990 467 3063 noticiae
481 2989 721 3061 discernentes
735 2985 882 3061 honesta
897 3007 932 3065 et
946 2995 1082 3086 turpia,
1109 3009 1145 3066 et
1197 2995 1268 3065 siae
1290 2991 1379 3078 Dei,
1411 2992 1594 3079 videlicet,
1626 2986 1821 3072 Ethnicoa,
1851 2980 2072 3076 Epicureos,
2091 2976 2172 3055 stoi
2213 3044 2215 3053 .

153 3097 285 3165 vindex
306 3091 537 3163 conscientia:
564 3094 626 3162 sed
649 3115 748 3162 mens
771 3088 976 3167 Christiana
997 3097 1144 3189 aspiciat
1196 3118 1273 3183 cos,
1298 3092 1531 3169 Academicos
1552 3108 1588 3167 et
1607 3093 1762 3175 similes,
1787 3090 1873 3161 item
1896 3082 2085 3169 Iudaicos,
2104 3077 2198 3153 Ut·-

153 3194 403 3289 patefactiones
413 3190 499 3277 Dei,
522 3193 630 3264 lactas
645 3193 683 3262 in
699 3195 887 3266 eductione
900 3196 1024 3291 populi
1035 3197 1143 3272 lsrael
1195 3193 1416 3284 hometicos,
1462 3192 1669 3281 Ebioneos,
1714 3185 1975 3274 Manichacus,
2024 3181 2171 3265 Ατίωα,

122 3304 129 3312 ’
154 3324 196 3369 er
219 3295 400 3392 Aegypto,
427 3294 466 3364 in
490 3295 756 3366 resuscitatione
776 3311 1020 3385 mortuorum,
1045 3302 1143 3371 etin
1196 3294 1586 3392 πνευματομαχικούς,
1613 3296 1834 3386 Pelagianos,
1858 3288 2094 3371 Novatiauos
2112 3280 2170 3357 Dt-

155 3400 236 3470 aliis
255 3397 458 3480 miraculis,
484 3396 580 3466 etin
601 3410 675 3468 tota
693 3393 841 3468 historia
856 3399 1007 3470 Domini
1031 3402 1145 3472 nostri
1196 3402 1392 3488 natisticos,
1417 3415 1452 3472 et
1466 3402 1630 3490 magiam,
1658 3411 1691 3470 et
1707 3397 1824 3468 cultus
1836 3391 2032 3473 idolorum,
2058 3378 2170 3461 Ethai-

154 3495 387 3571 lesuChristi.
439 3495 557 3566 Habet
572 3511 607 3569 et
621 3499 680 3589 pia
690 3522 791 3569 mens
802 3523 876 3571 non
886 3504 1007 3592 ignara
1019 3504 1144 3594 poeni·
1198 3526 1275 3588 coa,
1300 3516 1334 3575 et
1357 3517 1513 3575 recentes
1533 3501 1650 3593 Papae
1671 3515 1705 3572 et
1718 3489 1998 3570 Monachorum.
2048 3484 2169 3563 Etllss

156 3601 289 3672 tentiae
312 3602 349 3668 in
367 3599 441 3668 suis
457 3599 760 3670 consolationibus
776 3612 869 3672 certa
883 3604 1084 3674 testimonia
1101 3607 1144 3675 de
1197 3606 1326 3695 gratias
1351 3627 1437 3694 ago,
1462 3605 1558 3698 quod
1583 3625 1640 3672 me
1665 3627 1706 3672 ex
1728 3596 1785 3671 hia
1807 3596 1964 3671 tenebris
1989 3592 2122 3677 eduxit,
2140 3600 2170 3657 et

155 3700 254 3789 Deo,
277 3701 369 3771 sicut
390 3698 523 3769 Paulus
544 3701 680 3793 inquit,
705 3699 830 3775 Roma.
848 3703 898 3776 8.:
932 3703 1010 3797 lpse
1028 3707 1145 3798 Spiri-
1198 3710 1355 3776 insuam
1380 3702 1575 3777 Ecclesiam
1599 3702 1797 3774 collocavit.
1863 3697 1919 3770 Ac
1940 3695 2110 3789 profiteor
2125 3712 2173 3759 me

156 3821 214 3878 tus
233 3816 382 3877 testatur
402 3801 541 3893 spiritui
564 3816 706 3887 nostro,
732 3805 827 3896 quod
848 3807 958 3877 simus
981 3808 1044 3877 filii
1066 3805 1145 3882 Dei.
1197 3832 1270 3879 esse
1285 3808 1484 3878 membrum
1499 3803 1677 3877 Ecclesiae
1690 3802 1759 3876 Dei
1772 3797 1965 3875 etDomini
1980 3795 2095 3869 nostri
2108 3790 2174 3866 leo

155 3902 205 3980 Et
224 3898 428 3978 2Coriuth.
448 3905 497 3978 1.:
531 3902 639 3973 Dedit
661 3900 895 3976 arrhabonem
922 3909 1084 4000 spiritum
1107 3911 1145 3979 in
1196 3905 1349 3996 Christi,
1374 3922 1408 3980 et
1430 3909 1558 3980 invoco
1577 3905 1693 3979 Deum
1717 3930 1798 3977 cum
1823 3895 2078 3993 totaEcclesia
2097 3906 2174 3967 recte

157 4011 266 4081 corda
286 4021 419 4079 nostra.
470 4000 517 4076 Et
538 4019 630 4075 recte
650 4009 783 4078 dictum
799 4022 851 4080 est
867 4011 912 4080 ab
929 4009 1144 4101 Augustino:
1197 4012 1388 4097 sentiente,
1413 4034 1520 4104 quam
1534 4032 1608 4081 non
1623 4009 1717 4100 lingo
1733 4009 1848 4078 ideam
1860 4001 2104 4084 Platonicam,
2125 3995 2175 4065 sed

155 4108 315 4185 effidem
331 4109 397 4180 ⁸⁰5²
411 4130 448 4177 *θ
463 4108 615 4178 “edere-
1197 4115 1278 4185 dico
1294 4126 1431 4185 coetum
1445 4113 1622 4184 visibilem
1636 4134 1722 4197 esse,
1744 4110 1867 4203 inquo
1877 4115 1984 4176 sonat
1994 4096 2177 4175 vorEran·

260 4208 309 4281 lt.
342 4207 420 4300 Ago
434 4209 542 4300 igitur
557 4211 686 4299 gratias
699 4206 795 4296 Deo,
821 4216 916 4306 quod
933 4237 969 4283 se
984 4216 1148 4305 patefecit
1198 4217 1282 4307 gelii
1303 4216 1526 4307 incorrupta,
1552 4214 1653 4285 cuius
1674 4225 1794 4284 coetus
1813 4208 2018 4280 membrum
2035 4216 2090 4275 est
2104 4196 2178 4272 batt

29 4396 33 4402 ¹
158 4312 279 4406 generi
306 4305 465 4381 humano
494 4311 694 4384 illustribus
727 4314 959 4405 testimoniis,
1007 4331 1042 4388 et
1069 4318 1148 4388 vult
1199 4319 1275 4412 ipsa
1296 4313 1453 4388 Ecclesia
1481 4313 1609 4387 harum
1642 4315 1847 4405 regionum,
1878 4310 1918 4379 iu
1941 4306 2078 4402 quibus
2096 4303 2178 4381 vim,

158 4412 304 4506 agnosci
319 4413 431 4482 lilium
448 4414 696 4497 mediatorem,
721 4431 756 4487 et
772 4440 853 4488 vera
869 4418 938 4487 fide
954 4420 1148 4511 amplector
1199 4421 1265 4492 etsi
1277 4420 1316 4488 in
1333 4414 1399 4488 hac
1414 4443 1558 4513 quoque
1571 4439 1698 4505 magua
1715 4428 1766 4485 est
1779 4411 1979 4486 infirmitas.

158 4530 271 4591 totam
291 4514 490 4585 doctrinam
512 4514 551 4583 in
566 4511 825 4607 Prophetarum
841 4532 877 4592 et
891 4519 1147 4613 Apostolorum
1302 4518 1348 4590 V,
1389 4518 1508 4590 Homo
1539 4521 1703 4590 conditus
1726 4530 1779 4588 est
1799 4540 1821 4586 a
1842 4512 1919 4587 Deo
1940 4511 2019 4583 sine
2040 4518 2180 4603 poenita

159 4618 263 4689 libris
293 4616 479 4701 traditam,
525 4628 559 4685 et
588 4614 879 4708 comprehensam
910 4622 949 4691 in
976 4621 1146 4718 Symbola
1170 4662 1176 4768 Ι
1200 4636 1235 4694 et
1263 4621 1304 4692 iu
1333 4623 1510 4693 creatione
1539 4634 1687 4692 ornatus
1714 4631 1766 4691 est
1797 4613 1929 4687 illustri
1954 4611 2090 4684 noticia
2109 4604 2180 4685 ΒΕ.
2213 4656 2215 4671 =

158 4717 388 4815 Apostolico,
415 4717 551 4789 Niceno
565 4733 601 4790 et
614 4715 872 4796 Athanasiano.
1200 4737 1236 4797 et
1263 4723 1477 4795 rectitudine
1505 4721 1700 4794 voluntatis
1728 4735 1764 4791 et
1788 4717 1926 4807 cordis,
1973 4720 2180 4805 congruente

261 4817 329 4892 lll.
364 4816 413 4890 Et
434 4819 529 4891 iuxta
547 4812 640 4891 hanc
657 4822 855 4895 doctrinam
871 4827 977 4897 credo
994 4847 1067 4896 esse
1082 4826 1150 4896 ali·
1200 4850 1281 4897 cum
1293 4826 1465 4919 sapientia
1478 4838 1513 4896 et
1524 4826 1707 4897 voluntate
1721 4822 1809 4908 Dei,
1835 4835 1870 4891 et
1881 4817 2048 4889 libertate
2061 4814 2181 4886 votur-

159 4945 266 5018 quam
286 4944 406 4993 veram
420 4917 489 4992 Dei
505 4916 721 5009 Ecclesiam,
744 4948 836 5020 quae
856 4940 908 4998 est
928 4941 1047 5000 coetus
1063 4929 1149 4997 visi·
1199 4929 1282 5000 tatis
1309 4951 1385 4998 non
1412 4926 1600 5020 impedite,
1631 4925 1777 5022 luitquej
1797 4920 1970 5014 templum
1994 4917 2083 5003 Μ,
2114 4914 2182 5007 tl*

159 5023 244 5097 bilis
262 5024 474 5114 amplectens
493 5019 748 5114 Evangelium,
773 5028 812 5097 in
836 5053 907 5123 quo
931 5045 1033 5102 coetu
1055 5031 1150 5101 tilius
1200 5053 1282 5100 cens
1297 5027 1386 5108 Deo.

159 5124 227 5198 Dei
246 5124 421 5196 mediator
442 5137 495 5194 est
510 5123 631 5196 efficax
647 5129 978 5218 perministerium,
1005 5147 1039 5203 et
1054 5133 1149 5202 mul·
1301 5130 1366 5205 vt.
1408 5129 1559 5224 Propter
1578 5127 1663 5203 haec
1682 5132 1777 5200 dona
1799 5127 1870 5197 dici
1895 5150 1976 5197 eum
1994 5118 2182 5211 lmagim

161 5243 216 5299 tos
231 5223 556 5318 regeneratSpiritu
574 5242 715 5316 sancto,
740 5245 780 5302 ut
795 5233 866 5303 sint
881 5246 1021 5304 aeterna
1039 5234 1149 5323 ipsius
1172 5190 1176 5277 l
1199 5229 1267 5304 Dei
1291 5230 1430 5330 Paulus
1459 5257 1601 5327 quoque
1627 5244 1775 5303 testatur
1803 5225 1936 5322 Ephes.
1959 5223 2014 5301 A:
2049 5218 2184 5293 tnauite
