4680 6038
149 187 225 266 tst
615 180 780 261 DECL.
812 179 887 257 DE
920 177 1066 256 Vtra
1103 177 1175 255 ET
1214 177 1482 257 scutuuls
1514 182 1710 263 Patutt.
2103 190 2182 269 888

257 358 364 434 Nunc
377 379 488 453 pauca
504 357 550 427 de
564 355 642 449 ipso
660 352 809 430 authore
825 356 1001 437 adiiciam,
1016 366 1057 426 ut
1070 377 1142 448 quo
1193 351 1383 425 lectionem
1398 345 1586 446 effugitis,
1603 358 1665 454 qui
1684 359 1724 428 iu
1743 360 1929 453 pestilente
1946 366 2029 435 aire
2043 362 2183 439 diutius

158 482 320 559 tempore
336 462 482 547 vixerit,
507 461 634 556 etquis
648 461 774 547 fuerit,
798 457 1028 556 cognoscatis,
1053 478 1144 552 quae
1195 456 1329 528 versari
1352 456 1502 548 cogitur.
1551 453 1608 530 ltx
1637 455 1746 534 huius
1774 464 1886 535 seculi
1916 465 2094 589 prQitate
2125 460 2182 540 hic

157 566 318 641 narratio
332 590 412 638 cum
430 564 476 635 sit
491 562 597 635 nobis
611 563 829 635 occasionem
853 562 1056 655 praebitura
1081 583 1145 630 cu·
1196 573 1316 630 noster
1336 555 1468 633 author
1490 560 1571 632 illas
1585 561 1719 655 impias
1731 578 1769 637 at
1782 562 1977 660 Epicureas
1990 568 2181 661 upiuiouss

159 671 297 744 iusdam
311 668 526 740 necessariae
540 659 607 738 hoc
625 681 781 757 tempore
794 664 1060 749 admonitionis,
1085 685 1145 733 ae-
1195 655 1335 749 hausit,
1360 663 1458 756 quod
1480 676 1584 754 negat
1595 661 1713 739 Deum
1736 690 1811 740 esse
1825 669 1936 741 alium
1951 695 2061 765 quam
2074 690 2182 744 mnu·

159 798 271 871 quum
294 785 364 854 est,
398 771 573 864 patienter
605 793 669 840 vos
695 792 772 839 eam
791 768 938 854 audire,
971 767 1078 861 idque
1104 776 1145 836 ut
1194 765 1303 851 dum,
1327 764 1423 837 tollit
1439 766 1714 857 providentiam,
1739 784 1773 842 et
1789 772 1916 844 irridet
1930 797 2003 861 cos,
2027 773 2182 871 quiere—

154 876 306 962 faciatis,
332 874 438 945 etiarn
454 897 530 944 oro.
788 956 800 975 1
1196 867 1282 938 dant
1295 867 1429 959 inferos
1450 889 1541 955 esse,
1568 866 1631 942 aut
1651 872 1789 951 animas
1809 889 1968 968 separata
1983 902 2004 949 a
2021 877 2181 971 corpusi-

260 976 401 1048 Plinius
417 970 875 1075 secundusNovocomensis
888 975 967 1048 fuit.
992 968 1143 1044 Comum
1196 970 1263 1040 bus
1279 992 1460 1063 superasse
1475 995 1515 1041 ac
1533 970 1662 1045 vivere.
1970 1040 1976 1049 ,

158 1097 275 1156 autem
286 1079 408 1152 ltaliae
418 1076 696 1169 Transpadanae
705 1079 878 1171 oppidum
890 1092 953 1163 est,
968 1099 1042 1145 non
1060 1097 1145 1166 pro-
1296 1069 1485 1144 Caeterum
1499 1098 1616 1146 mores
1632 1075 1709 1148 eius
1722 1099 1797 1147 non
1811 1079 1961 1170 perinde
1975 1078 2181 1174 inquinatos

159 1186 219 1258 cul
243 1181 490 1254 aMediolauo
508 1181 554 1249 ad
570 1178 717 1251 Larium
734 1181 868 1268 lacum,
895 1180 959 1275 qui
981 1201 1077 1248 nunc
1099 1177 1143 1245 ab
1196 1175 1321 1262 luisse,
1354 1179 1586 1269 temperantia
1609 1179 1720 1271 ipsius
1743 1180 1968 1255 erindeiessa
1994 1183 2183 1256 assiduitas

159 1283 228 1359 hoc
244 1286 321 1378 ipso
340 1284 473 1377 oppido
489 1283 542 1354 bet
557 1279 697 1368 §humet
720 1283 784 1372 [seb
810 1284 1019 1375 appellatur.
1069 1278 1144 1348 Alii
1196 1279 1332 1368 arguit,
1364 1303 1455 1373 quae
1476 1279 1625 1351 virtutes
1652 1284 1838 1376 praecipua
1861 1300 1945 1357 sunt
1965 1309 2030 1358 ceu
2055 1283 2181 1381 ἀλεξη-

155 1388 401 1461 Veronensem
430 1410 510 1456 eum
533 1385 689 1472 iaciunt,
720 1387 810 1456 moti
835 1382 903 1456 hoc
925 1394 1144 1475 argumento,
1195 1374 1322 1477 τήρια,
1347 1395 1469 1452 contra
1485 1381 1659 1475 plurimos
1676 1385 1848 1456 viciorum
1874 1389 2029 1461 morboi.
2085 1388 2182 1462 ldem

156 1494 255 1589 quod
269 1489 464 1572 Catullum,
490 1511 596 1582 quem
615 1501 753 1560 constat
769 1487 1011 1560 Veronensem
1027 1484 1144 1568 luisse,
1197 1486 1324 1577 probat
1338 1485 1445 1554 etiam
1462 1485 1616 1556 amicitia
1629 1484 1838 1578 Vespasiani
1854 1488 2098 1583 imperatoris,
2121 1516 2183 1565 cu·

157 1618 263 1667 suum
287 1604 559 1663 conterraneum
584 1605 695 1662 vocat.
747 1590 859 1663 Natus
873 1606 925 1663 est
939 1603 1078 1672 autem,
1104 1599 1145 1657 ut
1198 1588 1253 1656 ius
1286 1587 1470 1678 integritas
1501 1601 1539 1658 et
1554 1591 1722 1661 severitas
1756 1592 1795 1660 in
1828 1617 1970 1670 morum
1991 1594 2182 1688 disciplina

158 1696 341 1786 colligitur
363 1719 459 1764 anno
482 1693 620 1764 decimo
645 1691 872 1785 imperatoris
889 1691 1047 1776 Tiberii,
1071 1713 1144 1773 seu,
1196 1689 1338 1761 laudata
1353 1691 1545 1759 admodum
1563 1705 1614 1762 est
1629 1692 1668 1763 in
1683 1687 1852 1780 historiis,
1879 1699 2181 1789 quemadmodum

157 1813 238 1894 post
253 1810 403 1868 mortem
422 1792 595 1885 Augusti,
621 1819 692 1890 quo
710 1809 867 1890 tempore
884 1794 1062 1867 Dominus
1077 1816 1144 1863 no-
1196 1792 1262 1860 filii
1284 1816 1426 1886 quoque
1451 1790 1547 1879 Titi,
1577 1796 1709 1888 quibus
1734 1798 1909 1868 ambobus
1939 1822 2021 1869 cum
2043 1798 2183 1875 Plinius

158 1917 231 1975 ster
255 1898 353 1971 lesus
374 1894 540 1969 Christus
563 1899 634 1969 iam
660 1913 781 1985 natus,
823 1913 858 1971 et
879 1921 984 1990 agens
1008 1919 1143 1967 annum
1197 1916 1298 1965 carus
1313 1909 1348 1966 et
1361 1893 1657 1967 familiarissimus
1672 1898 1794 1969 inerit:
1822 1915 1965 1972 nonest
1979 1902 2184 1988 verisimile,

158 2004 282 2077 aetatis
305 2001 512 2072 vicesimum
527 2015 682 2087 sertum,
708 2003 824 2074 adhuc
848 2003 914 2074 sub
937 2024 1021 2072 cura
1038 2012 1072 2070 et
1088 1998 1139 2068 di·
1197 2021 1277 2068 eum
1288 1996 1346 2068 sui
1361 1997 1469 2067 secuti
1483 1996 1664 2069 licentiam
1681 2002 1720 2069 in
1735 2002 1895 2075 moribus
1908 2028 2111 2098 usurpasse.

158 2106 308 2199 sciplina
342 2117 529 2198 parentum
563 2121 655 2187 erat,
691 2129 756 2176 nec
787 2108 873 2176 dum
907 2102 1145 2173 ministerium
1297 2095 1464 2195 Erudijio
1481 2100 1557 2170 eius
1572 2114 1691 2173 autem
1708 2129 1788 2174 cum
1805 2107 1979 2177 excellens
1993 2122 2097 2194 esset,
2113 2108 2185 2196 illo,

158 2233 262 2282 suum
287 2207 430 2300 publice
453 2200 693 2282 inchoaverat.
746 2207 831 2281 Fuit
851 2221 967 2279 autem
984 2208 1015 2275 is
1030 2225 1145 2274 annus
1197 2202 1241 2271 dc
1267 2227 1338 2296 quo
1363 2213 1482 2294 postea
1498 2204 1653 2287 dicetur,
1677 2208 1816 2278 ardenti
1834 2209 1953 2280 studio
1970 2226 2183 2304 comparata,

156 2311 288 2387 natalis
312 2308 444 2394 Plinii,
477 2312 713 2398 sexagesimus
746 2311 893 2404 quintus
922 2321 1002 2403 post
1033 2308 1146 2376 inter·
1197 2304 1305 2377 latere
1326 2329 1401 2375 non
1421 2305 1549 2396 potnit.
1605 2307 1727 2403 ltaque
1748 2310 1854 2381 etiam
1876 2312 2097 2405 aptioribus
2115 2311 2182 2385 lm-

154 2418 287 2489 lcctum
301 2409 355 2485 M.
370 2409 590 2495 Ciceronem,
614 2413 760 2506 quintus
775 2422 1145 2503 annuspostmortem
1198 2408 1437 2499 peratoribus‚
1471 2408 1673 2501 praecipue
1702 2436 1785 2482 vero
1819 2416 2009 2505 postremis
2035 2418 2182 2501 duobus,

158 2513 368 2591 Germanici
393 2510 569 2603 Caesaris,
611 2511 689 2586 Titi
711 2513 807 2584 Livii
827 2513 1017 2598 Historici,
1049 2526 1084 2583 et
1104 2509 1146 2583 P.
1197 2509 1386 2603 quosdiri,
1402 2511 1447 2579 ad
1462 2510 1651 2600 dignitates
1667 2513 1838 2587 militares
1854 2530 1996 2589 evectus
2011 2532 2075 2593 est.
2107 2514 2179 2599 Or·

157 2614 288 2691 Ovidii
309 2615 461 2699 Poetae,
493 2615 557 2709 qui
580 2629 651 2687 tres
676 2608 892 2709 praestantes
916 2614 1081 2706 ingenio,
1111 2626 1145 2683 et
1196 2612 1299 2707 dines
1315 2626 1432 2684 autern
1449 2625 1484 2684 et
1498 2627 1631 2685 turmas
1648 2617 1749 2688 duxit
1763 2618 1801 2687 in
1810 2616 1997 2712 Hispaniis
2011 2620 2183 2704 esdtsica,

156 2720 282 2793 multis
298 2718 378 2789 aliis
394 2717 500 2787 donis
517 2694 612 2802 viri:
631 2721 756 2791 eodem
776 2743 870 2791 anno
886 2720 1064 2792 obierunt.
1090 2711 1144 2786 Eo
1198 2716 1385 2808 praecipue
1410 2716 1556 2786 veroin
1581 2715 1774 2790 Germania
1804 2737 1944 2809 nostra,
1980 2726 2020 2795 in
2043 2750 2114 2820 qua
2135 2727 2181 2797 its

156 2837 317 2916 tempore
334 2821 396 2890 illa
413 2820 584 2891 orationis
599 2820 749 2894 Latinae
764 2824 900 2914 puritas
914 2834 949 2891 et
962 2820 1146 2912 elegantia,
1198 2817 1261 2889 diu
1284 2831 1443 2889 versatus
1457 2831 1527 2904 est,
1551 2832 1592 2889 ut
1612 2823 1822 2915 conquisitis
1844 2840 1878 2897 et
1891 2828 2117 2919 perlustratis
2129 2829 2180 2899 di·

156 2939 193 2998 et
209 2923 477 3016 compositionis
491 2923 594 3010 ratio,
619 2950 709 3018 quae
723 2926 839 2997 fuerat
851 2925 1034 2999 Ciceronis
1051 2935 1146 2993 aeta·
1197 2920 1348 3012 ligenter
1363 2921 1574 3006 annalibus,
1599 2926 1719 2997 omnia
1743 2926 1858 3012 bella,
1877 2954 1969 3023 quae
1990 2955 2076 3002 cum
2092 2928 2180 3002 Ger·

156 3040 214 3113 te,
246 3026 316 3097 iam
341 3020 512 3096 uomihil
535 3040 610 3097 erat
632 3028 751 3099 studio
768 3028 956 3112 novitatis,
989 3042 1028 3097 ut
1045 3026 1146 3110 solet,
1197 3022 1315 3093 manis
1329 3025 1372 3093 ad
1390 3046 1576 3118 sucusque
1590 3039 1749 3118 tempora
1774 3027 1983 3104 aRomanis
1997 3048 2095 3124 gesta
2109 3034 2182 3106 t'ue·

159 3131 347 3201 immutata
371 3128 409 3197 iu
433 3122 614 3200 horridius
640 3133 820 3223 quoddam
845 3145 882 3202 et
898 3130 1073 3203 concisius
1089 3129 1147 3199 di·
1198 3139 1300 3216 rant,
1326 3126 1568 3218 descripserit,
1603 3128 1728 3219 viginti
1754 3156 1794 3203 ea
1817 3135 2065 3208 voluminibus
2089 3130 2181 3209 cons-

159 3232 265 3305 cendi
280 3212 416 3322 genus}
434 3230 538 3325 quale
555 3231 594 3300 in
608 3226 716 3305 huius
731 3229 893 3305 authoris
909 3233 1050 3324 scriptis
1067 3256 1143 3303 cer·
1197 3229 1339 3321 plexus,
1374 3230 1438 3322 qui
1462 3228 1548 3299 libri
1572 3231 1602 3300 si
1636 3246 1814 3315 extarent,
1847 3231 2063 3319 haberemus
2089 3234 2181 3311 baud

157 3360 244 3408 nere
266 3335 365 3420 licet,
396 3334 459 3427 qui
483 3347 600 3404 tamen
618 3337 680 3407 ubi
697 3337 872 3420 adolevit,
905 3337 1009 3407 etiam
1024 3357 1145 3405 causas
1197 3324 1307 3403 dubie
1323 3346 1357 3403 et
1370 3333 1574 3421 regionum,
1600 3346 1636 3404 et
1653 3338 1867 3429 populorum
1885 3337 2179 3415 Germanicorum

158 3439 291 3509 inforo
316 3437 407 3528 egit,
428 3450 462 3507 et
479 3435 591 3507 libros
607 3437 907 3510 deGrammatica
924 3438 1144 3528 conscripsit.
1197 3434 1333 3504 certissr
1371 3458 1428 3505 aru
1441 3435 1728 3527 descriptionem,
1750 3465 1856 3534 quam
1872 3467 2180 3540 nuncsaepecum

160 3540 259 3613 Vixit
282 3555 401 3613 autem
423 3540 541 3611 seculo
556 3541 718 3612 omnium
734 3567 825 3637 quae
838 3542 1000 3627 fuerunt,
1026 3540 1145 3626 credo,
1197 3537 1321 3608 dolore
1342 3537 1593 3610 desideramus.
1753 3626 1761 3639 ,

158 3644 447 3735 corruptissimo,
470 3643 536 3714 uhi
554 3668 627 3714 non
651 3645 757 3715 modo
775 3644 913 3734 legibus
928 3643 1079 3728 scelera,
1105 3666 1145 3712 ac
1300 3636 1575 3717 Commendatae
1605 3643 1712 3713 etiam
1742 3645 1774 3715 ei
1804 3647 1952 3720 fuerunt
1972 3649 2020 3719 ab
2049 3650 2180 3743 aliquot

158 3747 367 3841 praesertim
406 3744 595 3832 libidines,
633 3770 709 3817 non
746 3742 1042 3832 cohercehantur,
1083 3747 1144 3816 sed
1198 3738 1477 3835 imperatoribus
1490 3767 1611 3814 rerum
1627 3745 1937 3839 imperatoriamm
1962 3751 2181 3843 procuratiu-

158 3852 205 3922 ab
229 3850 314 3942 ipsis
343 3847 622 3941 imperatoribus
644 3852 683 3920 in
708 3851 834 3941 vulgus
848 3850 1010 3943 pessimis
1027 3872 1145 3918 exem·
1197 3869 1281 3931 nes,
1312 3844 1352 3914 in
1380 3846 1511 3940 quibus
1541 3871 1622 3918 cum
1644 3848 1751 3919 isdem
1771 3865 1808 3922 et
1836 3853 2062 3941 diligentiam
2083 3875 2179 3929 susm

157 3952 229 4045 plis
249 3965 502 4045 propagantur.
558 3950 671 4024 Natus
691 3954 787 4023 enim
810 3968 969 4045 tempore
992 3951 1144 4033 Tiberii,
1197 3945 1425 4040 Principibus
1440 3951 1639 4042 probasset,
1666 3954 1886 4044 pervenitad
1902 3978 2159 4052 magnasopes.

157 4056 225 4128 sub
240 4054 520 4150 inquinatissimi
532 4070 567 4127 et
582 4056 818 4127 crudelissimi
843 4058 1015 4150 principis
1028 4056 1143 4147 impe·
1300 4049 1535 4144 Praecipuum
1549 4067 1680 4139 autem,
1707 4079 1772 4126 cur
1787 4058 1831 4125 de
1847 4052 1914 4128 hoc
1930 4053 2083 4131 authore
2095 4054 2181 4151 mihi

156 4159 213 4230 rio
235 4158 404 4232 tredecim
430 4180 543 4227 annos
567 4157 666 4234 vixit.
719 4157 820 4230 Vidit
842 4171 961 4253 postea
974 4159 1142 4229 immania
1197 4149 1257 4225 hic
1275 4155 1467 4258 dicendum
1489 4168 1675 4248 putarem,
1699 4173 1751 4230 est
1766 4158 1865 4230 illius
1879 4161 2179 4237 incredibilem·

155 4259 287 4333 scelera
301 4256 382 4331 Caii
398 4256 599 4348 Caligulae,
623 4259 786 4344 Claudii,
812 4261 975 4333 Neronis.
1016 4260 1143 4332 Postea
1196 4258 1297 4328 dium
1323 4256 1465 4348 legendi
1490 4271 1525 4328 et
1547 4261 1745 4332 annotandi
1760 4285 1819 4348 ea,
1846 4288 1937 4356 quae
1956 4264 2180 4359 interlegeu-

154 4362 226 4434 fuit
248 4374 423 4453 spectator
446 4361 667 4435 tristissimae
687 4364 872 4448 lanienae,
895 4364 960 4435 ubi
985 4376 1055 4435 tres
1072 4361 1144 4432 lm-
1196 4361 1283 4459 dum
1303 4360 1552 4432 observatione
1574 4363 1682 4451 digua
1712 4379 1961 4452 occurrerunt,
1994 4393 2105 4464 quarn
2129 4390 2179 4441 as·

155 4477 337 4559 peratores
358 4463 527 4555 deinceps
550 4486 625 4535 sese
637 4480 763 4538 mutuo
779 4468 1028 4551 coniecerunt,
1054 4463 1145 4535 Gal·
1195 4463 1400 4534 siduitatem
1440 4464 1551 4556 ipsius
1590 4464 1791 4536 luculenter
1827 4469 2013 4561 descripsit
2052 4470 2179 4543 sororis

155 4568 221 4652 ba,
246 4560 349 4639 Otho
366 4578 401 4637 et
419 4564 605 4648 Vitellius,
630 4581 665 4638 et
682 4570 808 4641 'secum
825 4593 915 4663 pene
929 4568 1073 4661 imperii
1088 4567 1145 4637 vi·
1196 4566 1310 4650 filius,
1332 4563 1473 4637 Plinius
1489 4564 1616 4637 lunior
1630 4568 1669 4637 iu
1685 4564 1846 4661 Epistola
1860 4573 2014 4665 quadam
2036 4570 2180 4647 stse

155 4690 213 4740 res
226 4681 449 4748 everterunt,
473 4689 561 4763 quas
578 4682 699 4761 postea
722 4685 840 4741 tamen
856 4694 980 4742 rursus
994 4682 1142 4742 conatus
1196 4668 1340 4749 cilium,
1366 4667 1405 4737 in
1427 4692 1497 4763 qua
1522 4669 1629 4754 dicit,
1654 4672 1872 4743 avunculum
1889 4692 2014 4757 suum,
2040 4698 2089 4745 ue
2105 4674 2180 4771 qui·

156 4785 210 4845 est
224 4771 375 4842 excitare
397 4768 635 4863 Vespasianus
658 4786 777 4865 pater,
806 4774 870 4867 qui
902 4773 1009 4844 etiam
1036 4773 1144 4843 disci-
1196 4772 1276 4840 dem
1293 4793 1397 4840 curae
1413 4771 1571 4863 corporis
1588 4796 1733 4865 operam
1750 4774 1907 4861 dedisse,
1933 4789 1995 4847 aut
2018 4798 2180 4853 coenam
2219 4836 2224 4855 .

154 4873 292 4969 plinam
330 4896 471 4944 morum
509 4873 748 4946 severioribus
782 4875 920 4965 legibus
948 4870 1142 4949 cohercuit.
1196 4873 1273 4942 sine
1291 4871 1441 4943 lectione
1457 4874 1632 4944 librorum
1650 4889 1711 4946 aut
1733 4878 2003 4952 auscultatione.
2055 4879 2182 4955 Surre-

156 4973 228 5047 sed
245 4975 435 5068 imperium
459 4976 536 5047 eius
561 5000 635 5046 nou
651 4979 805 5050 multum
823 4978 917 5049 ultra
932 5001 1061 5049 novem
1077 5000 1142 5047 an·
1195 4975 1286 5045 xisse
1306 4973 1504 5070 plerunque
1527 4979 1682 5048 secunda
1706 4971 1795 5050 h'ora
1819 4982 1952 5068 noctis,
1977 4995 2019 5054 ut
2032 5006 2103 5059 uus
2140 4992 2143 4999 '

155 5098 223 5147 nos
236 5077 391 5153 duravit.
444 5074 487 5148 lu
502 5079 565 5149 tali
581 5103 722 5150 morum
740 5081 991 5173 corruptione,
1015 5093 1051 5150 et
1066 5079 1144 5149 bel·
1196 5099 1394 5158 metamus,
1423 5078 1603 5149 interdum
1632 5080 1768 5172 prima,
1800 5105 1903 5177 saepe
1930 5083 2039 5155 etism
2057 5000 2194 5259 ἐ

153 5179 272 5249 lorum
287 5177 539 5251 intestinorum
556 5181 655 5252 rabie
671 5183 735 5277 qui
757 5183 903 5269 vivunt,
928 5204 1031 5273 aegre
1051 5181 1161 5282 effu-n
1195 5192 1318 5264 nocte,
1342 5180 1435 5251 sicut
1457 5182 1532 5273 ipse
1554 5195 1702 5253 testatur
1712 5180 1874 5272 Plinius,
1895 5208 1934 5257 se
1952 5206 2035 5255 cum

153 5279 278 5374 giunt‚
308 5279 397 5374 quin
424 5281 561 5457 sliquip
591 5285 837 5356 communium
868 5285 1044 5356 viciorum
1074 5283 1142 5375 ipsi
1194 5281 1437 5356 valetudinem
1464 5290 1706 5375 computasse,
1742 5279 1811 5354 hoc
1842 5297 1914 5371 est,
1951 5307 2081 5359 mmno
2110 5310 2184 5361 nus

153 5404 297 5480 quoque
312 5381 509 5470 imbibant,
561 5397 666 5457 tnon
680 5384 786 5460 facile
802 5382 1009 5479 soirtagium
1032 5399 1068 5458 et
1083 5385 1141 5459 in-
1195 5384 1276 5477 plus
1289 5384 1462 5476 temporis
1474 5384 1710 5477 impendisse,
1733 5409 1841 5481 qnam
1864 5387 2065 5461 vsletudini
2079 5404 2185 5465 tuest·
