4680 6038
604 225 768 307 onec.
808 223 1165 307 nu-nnasuo
1199 225 1508 305 norunon
1903 164 1906 168 Α
1994 231 2071 309 aas

131 407 167 477 o
194 399 241 474 de
262 405 418 475 Erusmo'
440 401 707 498 retardarem
732 409 899 476 recitata
928 426 953 474 a
970 407 1026 477 M.
1079 407 1253 496 egregias,
1278 404 1316 474 in
1343 401 1559 472 inveniendo
1587 426 1753 484 acumen,
1781 418 1816 475 et
1838 405 1877 475 in
1892 407 2064 497 eligendis

131 503 447 579 artholomaeo
473 505 759 580 Gulltreuter
777 509 987 596 Groaseasi,
1079 507 1295 599 argumentis
1324 519 1358 577 et
1389 504 1574 577 sententiis
1601 506 1825 597 prudentiam
1849 523 1883 578 et
1913 510 2065 580 circum-

479 609 592 686 1557.
1081 611 1297 703 spectionem
1306 664 1324 694 ‚,
1343 609 1381 679 in
1407 607 1608 700 eloquendo
1628 610 1802 681 sermonis
1824 611 1984 703 copiam,
2009 612 2067 680 lu·

1082 715 1179 784 ruina
1214 714 1428 803 figurarum,
1463 725 1680 782 venustatem
1713 726 1745 783 et
1774 715 1951 804 leporem,
1994 739 2065 807 quo

1079 820 1167 888 adeo
1191 815 1348 899 excellit,
1374 828 1414 884 ut
1434 813 1531 903 ipsae
1548 808 1710 885 Charites
1731 817 1892 909 undique
1914 816 2064 886 floribus

1079 918 1314 1011 conspersisse
1332 915 1407 985 eius
1426 915 1622 984 orationem
1639 917 1752 986 videri
1767 919 1913 1009 possint.

1179 1020 1274 1092 Sunt
1295 1033 1413 1091 autem
1435 1018 1576 1106 legendi
1599 1019 1730 1090 summi
1745 1020 1910 1108 artifices,
1935 1019 2066 1092 utHo·

1079 1146 1216 1210 merus,
1242 1122 1430 1205 Isocrates,
1456 1119 1581 1191 Cicero
1597 1136 1631 1193 et
1647 1122 1728 1207 alii,
1756 1146 1830 1191 non
1856 1126 1952 1217 quod
1978 1124 2065 1193 imi-

1080 1227 1148 1297 tari
1169 1227 1289 1298 omnia
1312 1227 1507 1316 possimus,
1535 1226 1594 1293 scd
1617 1238 1737 1311 ntea,
1764 1249 1854 1319 quae
1875 1226 2066 1297 transferre

1079 1331 1124 1398 ad
1152 1352 1218 1399 nos
1247 1350 1454 1421 possumus,
1488 1326 1573 1395 inde
1603 1347 1794 1400 sumamus.
1846 1326 2067 1408 Sermonem,

1078 1455 1197 1502 rerum
1225 1431 1442 1516 doctrinam,
1467 1428 1615 1498 consilia
1638 1430 1676 1497 in
1700 1430 1807 1499 rebus
1823 1430 2068 1523 disponendis,

1080 1536 1163 1605 etsi
1189 1559 1294 1628 quem
1318 1547 1444 1604 natura
1468 1532 1632 1616 adiuvat,
1663 1543 1845 1626 utcunque
1861 1533 2005 1623 vestigia
2028 1532 2067 1600 in

1081 1637 1282 1730 eloquendo
1295 1658 1499 1729 sequamur.
1538 1631 1784 1724 Intelllgamus
1799 1636 1895 1704 enim
1912 1635 2068 1705 dissimi-

1079 1740 1131 1808 les
1146 1763 1219 1809 esse
1235 1753 1390 1822 naturas,
1415 1751 1584 1809 ettamen
1600 1736 1824 1821 infirmiores,
1847 1737 2069 1807 adiuvandus

1080 1865 1154 1912 esse
1171 1855 1266 1926 arte,
1292 1843 1397 1909 bonis
1412 1839 1599 1930 exemplis,
1626 1853 1661 1908 et
1682 1838 1922 1934 qualicunque
1948 1862 2068 1911 assue-

1079 1944 1250 2029 factione,
1277 1942 1421 2015 utlib'u
1444 1940 1649 2034 pictoribus.

1182 2044 1242 2117 Sic
1267 2045 1375 2136 igitur
1396 2045 1441 2112 de
1467 2038 1613 2113 historia
1633 2038 1774 2115 Erasmi
1797 2048 1934 2128 dicam,
1959 2045 2068 2115 simul

135 2120 224 2192 'Tibi
250 2125 476 2216 ΟΠΠΙῙΡΟῑ8118
491 2125 587 2196 9⁰⁰⁵
605 2140 746 2197 deleme
768 2125 1029 2221 Pfllefnfflnlnl
1079 2162 1120 2220 ut
1142 2150 1186 2218 de
1207 2151 1282 2218 eius
1306 2147 1486 2231 oratione,
1518 2158 1553 2215 et
1575 2147 1619 2213 de
1642 2146 1782 2238 scriptis
1810 2149 1946 2243 aliquid
1968 2170 2068 2217 verc-

131 2220 153 2294 ri
169 2224 248 2295 lesu
264 2222 420 2312 Christi,
446 2243 583 2300 creator
606 2230 695 2299 coeli
719 2244 753 2300 et
774 2243 888 2300 terrae
914 2243 947 2301 et
963 2224 1029 2298 ho·
1080 2252 1195 2320 ,unde
1210 2253 1400 2334 addamus,
1427 2272 1500 2317 non
1518 2259 1557 2317 u,
1574 2246 1745 2321 iudicavi,
1758 2246 1878 2321 Mida,
1892 2253 1935 2319 d,
1951 2245 2068 2344 Apol.

131 2350 195 2410 ¹¹⁰2
221 2353 293 2396 ⁰¹¹³
310 2354 390 2398 ⁰⁰¹⁰
406 2330 479 2400 5¹3⁰
502 2345 564 2402 1¹¹⁰
587 2331 1029 2404 ⁰⁰³‘l0ffl01l0ml¹¹⁰¹¹⁰·
1081 2353 1172 2439 line,
1206 2356 1266 2423 sed
1289 2365 1330 2423 ut
1354 2350 1519 2420 iuventus
1543 2350 1654 2439 magis
1675 2367 1769 2437 amet
1795 2367 1830 2425 et
1852 2353 1946 2443 legat
1966 2350 2069 2421 utilia

131 2424 211 2499 lesu
228 2427 392 2519 Christo,
416 2445 450 2503 et
467 2432 607 2524 Spiritu
631 2450 774 2521 sancto,
800 2435 928 2525 gratias
952 2435 1027 2524 agi·
1079 2451 1221 2526 Erasmi
1235 2455 1385 2545 scripta,
1412 2443 1502 2546 qm
1516 2451 1626 2523 mul„
1641 2467 1737 2524 ,ung

131 2588 135 2612 ν
176 2533 469 2645 ‘l¹¹⁰d,l¹¹¹¹¹¹⁰¹¹⁸a
494 2537 670 2621 h⁰¹¹5¹³l02
712 2562 794 2609 ⁰⁰⁰1
827 2538 895 2607 ³¹5³
922 2537 1028 2606 ¹¹⁰bl⁸
1181 2555 1351 2627 Continet
1373 2568 1489 2625 autern
1512 2567 1546 2624 et
1563 2554 1634 2624 vita
1651 2556 1726 2624 eius
1746 2557 1938 2627 multarum
1954 2556 2070 2626 virtu·

131 2636 314 2704 mfflbssffl
333 2638 499 2707 b⁰¹¹efi⁰l³
526 2654 698 2730 Pf³⁰⁸l³⁸2
725 2656 906 2739 lumem
932 2642 1028 2733 q¹¹⁰d
1080 2675 1155 2731 turn
1198 2658 1376 2750 exempla,
1412 2655 1630 2742 sedulitatis,
1670 2658 1862 2749 patientiae
1893 2659 2069 2738 laborum,

144 2752 407 2808 ”⁰³³⁰lefflam
424 2739 620 2811 Ecclffilam
646 2740 1024 2833 ⁹⁶⁰⁰EV⁰¹¹8²55⁰⁰¹·
1081 2761 1272 2832 modestiae
1295 2774 1329 2831 et
1348 2758 1611 2830 beneficentiae.
1664 2759 1785 2849 Quare
1810 2763 1855 2830 de
1877 2774 1952 2832 toto
1977 2761 2070 2831 vitae

131 2897 134 2921 ‚
161 2852 196 2910 et
218 2863 335 2909 servas
360 2842 454 2912 inter
476 2868 541 2914 nos
558 2860 678 2916 coetus
694 2848 897 2919 docentium
915 2861 950 2918 et
963 2846 1022 2914 di·
1081 2888 1187 2936 cursu
1203 2865 1338 2949 dicam,
1363 2877 1535 2957 quanqum
1551 2886 1592 2931 ,x
1607 2861 1676 2930 fid,
1691 2863 1809 2953 digni,
1823 2865 1954 2936 audivi,

131 2941 212 3014 5⁰⁰¹
228 2956 324 3011 “¹³¹⁰
345 2947 565 3018 d⁰⁰lfi⁰³¹¹¹·'
1181 2965 1320 3038 Mentio
1334 2967 1371 3035 lit
1386 2963 1601 3035 Batavorum
1621 2963 1659 3032 in
1678 2965 1801 3037 multis
1817 2962 1986 3039 historiis.
2020 2962 2071 3034 Hi

137 3059 235 3132 Haec
254 3062 410 3152 ingentia
426 3069 520 3137 bona
539 3093 613 3137 non
630 3092 711 3137 casu
726 3083 952 3161 sparguntur,
968 3071 1026 3138 sed
1080 3095 1177 3140 nunc
1212 3067 1387 3138 Hollandi
1421 3067 1667 3140 nominantur.
1725 3065 1866 3138 Horum
1900 3070 1987 3142 urbs
2021 3080 2072 3138 est

140 3178 227 3234 sunt
243 3163 310 3234 Dei
336 3179 370 3235 et
396 3192 502 3259 opera
522 3185 557 3242 et
574 3174 681 3243 donc.
733 3171 787 3241 Ac
800 3196 867 3242 nos
882 3173 1028 3264 quidem
1080 3173 1174 3242 clara
1199 3170 1503 3254 Rotcrodamnm‚
1538 3169 1576 3235 in
1598 3192 1668 3262 qua
1688 3182 1791 3240 natus
1816 3184 1869 3240 est
1890 3167 2071 3253 Erasmus,

131 3290 189 3338 mr
207 3268 375 3356 indignos
390 3294 463 3341 esse
477 3286 575 3364 tanta
588 3273 839 3359 beneficentia,
868 3275 1029 3365 se'dpro'·
1080 3273 1401 3362 acdomusexigua
1418 3282 1605 3363 parentum
1623 3262 1731 3340 hodie
1748 3272 1957 3342 ostenditur.
1997 3269 2070 3340 Na-

137 3383 234 3441 tuam
263 3373 434 3462 gloriam,
465 3377 510 3446 sit
539 3375 659 3470 aliqua
686 3371 843 3446 Ecclesia
874 3399 1025 3445 consen·
1080 3390 1137 3448 tus
1153 3389 1205 3445 est
1228 3389 1345 3446 autem
1371 3398 1466 3443 anno
1483 3371 1692 3457 millesimo,
1718 3373 2069 3469 quadringentesimo

133 3523 145 3555 ,
172 3487 206 3543 te
221 3486 314 3542 rectc
331 3476 533 3563 celebrans,
559 3491 593 3548 te
620 3479 802 3554 invocans.
853 3477 937 3550 Sint
960 3474 1027 3548 ho-
1080 3478 1293 3569 sexagesimo
1310 3476 1471 3569 septimo,
1488 3476 1547 3543 die
1566 3474 1733 3545 vicesimo
1749 3488 1873 3546 octavo
1890 3473 2071 3560 Octobris,

131 3577 394 3647 ,doctrinarum
410 3582 541 3665 studia,
556 3581 668 3651 simus
684 3594 719 3651 et
734 3605 800 3650 nos
817 3581 911 3672 agni,
936 3605 1026 3675 quos
1081 3577 1167 3653 hora
1183 3594 1307 3678 quarta
1324 3592 1407 3650 ante
1423 3578 1507 3648 solis
1524 3590 1654 3657 cruam.
1707 3578 1871 3673 Suntque
1895 3580 1934 3649 in
1952 3579 2072 3672 positu

131 3679 226 3749 emio
244 3695 367 3769 gestas.
420 3682 517 3755 Haec
530 3685 683 3774 petimus
698 3685 907 3755 ardentibus
922 3687 1025 3767 votis,
1080 3685 1262 3756 stellarum
1287 3682 1560 3774 significationes
1587 3681 1740 3770 ingenii,
1773 3679 2011 3776 Eloquentiae
2037 3694 2070 3750 ct

140 3794 183 3852 ut
197 3796 342 3874 propter
354 3784 469 3857 lilium
486 3787 719 3859 mediatorem
745 3803 915 3879 praestes,
941 3810 1029 3879 sup·
1080 3788 1210 3880 leporis
1226 3811 1299 3855 non
1315 3789 1497 3858 obscurae.

131 3904 357 3975 aprecamnr.
1181 3889 1320 3959 Literas
1340 3887 1486 3957 Latinas
1511 3900 1546 3958 et
1568 3883 1723 3958 Graecas
1738 3884 1952 3959 Darentriae
1974 3886 2069 3955 didi-

139 3982 371 4059 Consnetudo
393 4001 447 4058 est
471 4003 589 4059 autern
614 3985 762 4062 honesta
786 3991 827 4062 in
856 3987 913 4061 his
942 4017 1029 4063 con·
1080 3992 1128 4063 cit
1145 3993 1184 4061 in
1209 3987 1330 4060 schola
1349 3986 1547 4060 Alexandri
1564 3985 1688 4078 Hegii,
1713 3988 1775 4081 qui
1799 3988 1987 4057 familiaris
2003 3988 2071 4058 fnit

131 4088 214 4163 ibus
233 4093 370 4176 dicere,
395 4092 439 4159 de
454 4092 573 4185 aliqua
588 4093 831 4164 doctrinarum
847 4109 957 4186 parte,
969 4109 1030 4167 aut
1079 4089 1275 4186 Rodolpho
1287 4090 1485 4183 Agricolae.
1539 4088 1593 4159 Ac
1607 4088 1734 4160 solitus
1749 4096 1802 4158 e'st
1819 4086 2071 4180 ipseErasmus

131 4192 196 4283 epla
214 4217 513 4279 commemorare,
542 4196 761 4267 discentibus
774 4197 890 4272 utilia.
1079 4220 1225 4268 narrare
1246 4195 1467 4289 praesagium
1490 4186 1676 4283 Rodolphi
1701 4188 1889 4282 Agricolae
1919 4194 1963 4262 de
1984 4193 2072 4261 ado·

136 4290 215 4367 Etsi
245 4310 364 4366 autem
390 4320 557 4388 promea
581 4299 752 4371 tenuitate
779 4314 1027 4390 argumentum
1079 4299 1243 4370 lescentis
1257 4300 1390 4369 studio.
1445 4294 1551 4365 Forte
1567 4298 1771 4365 ostenderat
1787 4293 1923 4385 Hegiua
1938 4289 2070 4386 hospiti

131 4420 156 4469 ts
180 4399 324 4469 difficile
347 4400 476 4489 eligere
500 4401 709 4486 debueram,
734 4417 949 4474 tamencum
973 4399 1029 4473 his
1079 4397 1274 4494 Rodolpho
1308 4403 1348 4471 in
1382 4394 1540 4469 scholam
1576 4397 1755 4488 ingresso,
1805 4399 2070 4468 adolescentum

131 4521 182 4587 u,
207 4503 302 4571 inter
316 4502 465 4587 amicos,
492 4505 665 4596 quaedam
681 4506 726 4574 de
742 4499 871 4576 horum
891 4520 1030 4598 tempo-
1079 4505 1222 4598 scripta.
1273 4502 1437 4596 Cumque
1459 4501 1675 4596 tyrocinium
1702 4494 1793 4570 illud
1825 4501 2011 4592 probaret,
2038 4511 2073 4568 et

140 4605 269 4676 studiis
298 4606 473 4696 disputari
496 4606 674 4693 audirem,
707 4633 778 4700 quo
802 4609 841 4677 in
865 4631 1029 4680 sermone
1080 4608 1318 4698 gratularetur
1342 4604 1491 4684 studiis,
1517 4603 1685 4695 praetulit
1708 4617 1827 4673 tamen
1850 4598 2074 4673 Erasmicum

131 4708 235 4776 rasmi
259 4704 494 4777 Roterodami
518 4711 653 4779 mentio
677 4710 801 4795 fiebat,
825 4706 934 4782 huius
959 4713 1029 4782 viri
1080 4711 1250 4802 scriptum
1282 4709 1447 4788 caeteris,
1482 4719 1628 4797 propter
1661 4705 1883 4776 inventionis
1911 4727 2073 4787 acumen,

131 4808 224 4879 riam
248 4811 438 4902 praecipue
462 4805 532 4880 huc
557 4813 695 4882 adferre
711 4814 872 4899 decrevi,
897 4839 971 4885 non
990 4831 1029 4886 ut
1080 4813 1254 4884 orationis
1278 4812 1490 4905 puritatem,
1517 4822 1551 4878 et
1575 4809 1722 4897 figuras,
1756 4820 1836 4899 apte
1858 4830 1922 4876 ceu
1943 4807 2073 4877 lloscu·

131 4936 140 4980 t
166 4911 368 4997 laudando,
401 4912 519 5005 inepta
551 4915 788 4985 ostentatione
819 4917 1027 5007 preconium
1079 4917 1134 4987 los
1156 4916 1400 5006 interspersos.
1459 4907 1585 5004 quue
1615 4910 1746 5001 scripto
1769 4911 1857 4980 adeo
1881 4909 2073 4979 delectatus

131 5014 211 5087 'uiae
225 5039 324 5085 meae
339 5017 510 5101 facerem,
533 5031 572 5089 ut
587 5018 616 5086 si
637 5018 744 5086 velim
761 5015 954 5089 Herculem
969 5034 1030 5091 aut
1081 5036 1143 5106 est,
1168 5032 1209 5089 ut
1227 5044 1267 5088 cx
1284 5014 1510 5088 lineamentis
1529 5037 1683 5106 quoqne,
1698 5015 1742 5081 de
1758 5012 1879 5082 indole
1894 5011 2093 5083 coniectu.

131 5141 169 5186 m
193 5117 357 5188 laudare:
391 5119 453 5189 sed
476 5132 518 5190 ut
543 5121 783 5191 adolescentes
809 5118 1030 5206 adhortarer,
1079 5138 1307 5193 ramsumere
1325 5133 1478 5212 cuperet.
1506 5113 1608 5185 lubet
1625 5115 1735 5205 igitur
1748 5110 2074 5193 vocariErasmum,

131 5219 224 5311 ripta
242 5221 318 5290 eius
330 5221 433 5291 utilia
449 5220 578 5312 legant,
597 5237 630 5293 ct
646 5224 796 5295 virtutes
814 5225 926 5317 ipsius
942 5250 1029 5318 pro·
1080 5250 1184 5319 quem
1211 5249 1292 5294 curn
1315 5248 1426 5316 pauca
1457 5219 1653 5289 sciscitatus
1684 5233 1793 5303 essct,
1833 5216 2075 5309 contemplans

146 5321 393 5408 considerent,
419 5324 561 5418 quasin
577 5338 673 5395 tanta
689 5326 826 5416 ingenii
850 5329 1030 5419 magnitn·
1080 5329 1229 5418 figuram
1246 5326 1389 5418 capitis,
1415 5338 1450 5393 et
1472 5316 1646 5412 charopos
1673 5321 1817 5405 oculos,
1842 5314 2008 5390 hortatur
2031 5321 2079 5419 “A

131 5478 142 5512 ,
165 5447 275 5517 quaa
290 5423 367 5498 Deo
383 5427 578 5501 instructus
591 5428 680 5515 fuit,
703 5423 830 5502 habuit
851 5432 1031 5505 multaret
1079 5431 1311 5514 discendum,
1338 5427 1522 5522 inquiens:
1553 5422 1612 5492 Tu
1628 5423 1697 5493 eris
1710 5421 1798 5493 olim
1813 5443 1976 5512 magnus.

131 778 350 865 tper'meutes
366 787 507 846 nostrae
521 766 636 848 Deum
657 776 883 859 intueantur,
911 790 946 848 et
967 801 1028 847 co-

131 890 189 948 rtes
216 878 260 945 dc
289 879 470 948 continuis
499 878 698 966 beneficiis,
731 893 892 952 autorem
917 903 1029 971 agno-

131 992 160 1065 t,
175 972 218 1048 'et
236 979 433 1067 celebrent,
460 996 494 1054 et
515 983 749 1068 misceantur,
776 983 892 1053 crebri
917 982 1028 1072 gemi-

131 1095 265 1173 tropter
285 1095 443 1152 nostram
469 1084 737 1175 indignitatem,
764 1098 797 1156 et
820 1085 1027 1155 ardentibus

152 1200 333 1275 petamus,
357 1186 525 1275 nosluce
548 1188 613 1257 tilii
628 1187 715 1275 Dei,
741 1184 890 1259 Domini
914 1188 1028 1258 nostri

147 1280 304 1371 Christi,
337 1303 372 1357 et
396 1286 535 1381 Spiritu
565 1306 688 1361 sancto
721 1291 930 1381 gubernari,
962 1315 1028 1361 nos

131 1389 177 1477 gi
201 1402 235 1457 et
259 1392 402 1458 servari.
440 1392 558 1464 Sicut
580 1393 699 1487 inquit
720 1390 834 1479 Deus,
859 1419 896 1464 se
916 1407 1029 1483 gesta-

131 1514 161 1559 m
180 1513 254 1559 esse
271 1487 488 1581 Ecclesiam,
513 1495 605 1567 sicut
617 1510 737 1588 pastor
759 1510 899 1568 teneros
919 1520 1028 1586 agnos

143 1692 302 1765 Maxime
319 1722 403 1767 vero
420 1697 459 1766 in
475 1697 628 1790 publicis
643 1702 901 1792 congressibus,
918 1698 1030 1790 signi·

131 1821 153 1867 o
176 1804 383 1869 ostendatur
404 1801 633 1890 gratitudinis
661 1817 695 1875 et
709 1805 946 1876 invocationis
961 1827 1030 1885 no·

132 1948 143 1971 .
195 1900 338 1971 Mecum
372 1905 481 1993 igitur
510 1903 616 1974 initio
640 1907 711 1997 piis
734 1908 912 1978 mentibus
937 1901 1029 1975 hanc

131 2025 193 2072 nm
207 2017 241 2073 et
258 2008 482 2098 praecipuam
498 2007 671 2077 orationis
685 2025 819 2101 partem
838 2009 992 2082 recitate.
