4680 6038
173 204 249 306 aas
644 221 802 300 ouen
836 219 911 298 uu
942 219 1177 298 sauons
1219 217 1348 294 vna.
1382 205 1770 301 ΡΗιιοεοΡΗ.“
2130 225 2210 304 sco

178 405 282 498 cipue
310 401 535 472 celebrantur
556 393 730 482 Rhodus,
757 395 858 468 lonia
874 393 979 466 Asiae
1003 384 1167 475 minor'is,
1189 482 1191 488 Ι
1216 395 1347 465 stolum
1363 394 1511 464 electum
1531 418 1589 465 vas
1608 396 1869 468 misericordiae
1885 397 2009 487 genuit
2030 409 2069 468 et
2084 399 2207 469 erudi·

179 530 307 598 magna
325 502 495 591 Graecia,
523 502 669 572 Tarsus.
719 496 774 570 Ex
798 498 899 569 lonia
924 500 1019 569 enim
1044 520 1167 569 rursus
1217 497 1279 570 vit.
1343 493 1502 590 Utraque
1535 511 1569 568 et
1592 494 1744 571 Rhodus
1769 514 1804 572 et
1826 498 1961 572 Tarsus
1988 524 2072 571 cum
2100 501 2208 572 armis

181 611 298 684 Attica
314 603 446 692 schola,
461 620 494 676 ct
507 603 740 675 Massiliensis
755 603 930 694 proiectae
943 615 1038 676 sunt.
1063 595 1167 672 Rho·
1216 597 1391 670 Romanis
1408 600 1478 670 late
1493 600 1753 692 imperantibus
1768 603 1945 688 cessisset,
1970 596 2205 695 αὐτονομίαν

181 714 240 785 dia
257 705 377 781 schola
393 706 579 804 Aegyptiis
597 718 769 777 vestutate
785 706 945 798 proxima
963 706 1051 789 luit,
1078 726 1168 797 quae
1218 715 1363 794 propter
1383 702 1584 773 studiorum
1608 705 1847 777 celebritatem
1881 706 2031 778 retinuit
2062 729 2205 779 muces-

182 829 217 887 et
237 814 327 884 situs
342 812 627 903 opportunitate,
653 822 688 880 et
703 809 914 879 amoenitate
938 832 978 877 ae
1000 806 1169 898 temperie
1217 805 1317 874 sione
1333 828 1576 898 consensuque
1598 807 1722 899 populi
1736 807 1903 881 Romani.
1953 807 2116 902 Utraque
2141 807 2205 881 iso-

183 917 292 1001 eoeli,
315 928 349 985 et
372 914 501 983 artium
522 912 684 983 omnium
707 924 811 1004 atque
831 910 1007 1001 imprimis
1030 904 1170 980 mathe·
1218 906 1450 978 munitatibus
1480 909 1607 977 donata
1637 924 1706 995 est,
1746 913 1791 981 ab
1815 907 1974 981 Antonio
1996 909 2203 985 Triumviso

183 1021 391 1091 maticarum
406 1016 561 1099 cultura,
588 1037 726 1106 semper
740 1038 820 1082 cum
833 1011 993 1108 Aegypto
1011 1011 1169 1083 certavit.
1219 1008 1364 1093 Tarsus,
1387 1009 1573 1080 aTiherio
1587 1009 1736 1083 Caesare
1750 1007 1914 1086 Rhodus.
1964 1007 2200 1106 Pythagoram

184 1120 318 1205 Allusit
338 1121 382 1187 ad
408 1113 493 1188 haec
518 1131 662 1187 venuste
675 1115 869 1201 Pindarus,
896 1116 1031 1205 lingens
1049 1113 1168 1184 lovem
1219 1124 1377 1181 autorem
1412 1128 1445 1183 et
1478 1130 1742 1204 propagatorem
1767 1111 1968 1187 Matheseos
2001 1115 2041 1183 in
2080 1140 2199 1210 magns

184 1216 339 1295 Rhodiis
363 1244 470 1291 aureo
495 1220 608 1289 imbre
633 1199 780 1310 pluisse,
808 1220 904 1312 quod
919 1219 1025 1310 primi
1040 1218 1078 1286 its
1094 1214 1170 1286 Eu·
1220 1212 1370 1284 Graecia
1386 1230 1596 1306 exceperunt
1611 1218 1717 1307 longo
1736 1219 1862 1288 ordine
1878 1212 2093 1310 Philosophi
2109 1246 2200 1312 praa.

186 1349 274 1418 ropa
292 1324 422 1393 editam
444 1347 463 1391 a
487 1346 559 1391 sese
574 1320 776 1391 Minervam
794 1321 1031 1412 excepissent,
1045 1323 1091 1390 'et
1108 1323 1171 1388 de-
1220 1330 1368 1400 stantes,
1393 1342 1545 1410 quorum
1565 1318 1703 1412 aliquos
1718 1320 1859 1405 Sicilia,
1881 1321 2021 1414 aliquos
2045 1320 2123 1412 ipss
2139 1322 2199 1395 lta·

183 1429 288 1499 cretis
310 1428 354 1494 de
376 1426 474 1495 cultu
502 1425 605 1498 editis
626 1424 818 1494 coluissent
843 1424 1042 1509 sacrificiis,
1071 1421 1170 1492 nullo
1223 1420 1270 1488 lia
1294 1420 1478 1511 produxit,
1504 1420 1642 1514 aliquos
1668 1423 1804 1494 insulae
1826 1423 1974 1493 vicinae.
2027 1420 2199 1499 Intechos

184 1547 302 1604 tamen
332 1523 494 1597 adhibito
530 1527 630 1617 igne,
668 1550 772 1620 quem
807 1529 903 1620 quod
935 1522 1171 1596 Athenienses
1220 1524 1515 1593 commendantur
1552 1525 1739 1616 praecipue
1777 1525 1951 1616 Telauges
1982 1521 2197 1622 Pythagorae

184 1648 304 1726 postea
322 1629 540 1698 addidissent
554 1627 753 1699 Minervam
772 1624 932 1698 Athenas
955 1628 1171 1719 praetulisse,
1220 1623 1331 1708 lilius,
1362 1621 1613 1717 Empedocles,
1646 1622 1900 1719 Epicharmus,
1932 1623 2106 1701 Architas
2135 1631 2198 1703 Ta·

113 1758 118 1765 ·
184 1736 318 1808 scilicet
340 1733 436 1825 quod
452 1727 590 1802 Rhodii
615 1732 774 1822 occupati
793 1731 922 1802 studiis
948 1731 1171 1820 gravioribus
1220 1725 1400 1807 sentinus,
1428 1727 1621 1798 Alcmaeon
1638 1726 1874 1815 Crotoniates,
1900 1728 2099 1822 Hippasus,
2122 1729 2199 1805 Phi·

184 1834 535 1931 pervestigandornm
559 1848 720 1904 motuum
747 1834 975 1917 coelestium,
1001 1835 1171 1926 eloquen-
1219 1828 1351 1913 lolaus,
1375 1825 1733 1919 Eudoxus-Cnidius,
1761 1832 1921 1904 Platonis
1942 1858 2082 1918 comes,
2110 1837 2199 1910 cuius

185 1942 270 2010 tiam
294 1936 415 2005 minus
439 1950 671 2008 exercuerunt
694 1961 800 2030 quam
827 1931 1080 2018 Athenienses,
1107 1934 1171 2006 etsi
1220 1954 1326 2023 supra
1343 1933 1475 2002 mentio
1490 1934 1580 2004 lacta
1604 1949 1677 2019 est,
1703 1935 1882 2006 Timaeus.
1935 1935 2081 2009 lonicae
2105 1934 2199 2011 scho-

184 2043 278 2112 inter
301 2039 368 2111 tria
393 2034 574 2110 rhetorum
598 2061 727 2128 genera
749 2034 886 2111 Rhodii
917 2039 1022 2108 etiam
1048 2063 1172 2106 recen·
1221 2034 1274 2103 lae
1290 2047 1449 2104 autorem
1469 2059 1613 2106 suarum
1630 2038 1899 2130 disciplinarum
1924 2055 2146 2130 agnoscunt,
2166 2067 2199 2114 ac
2236 2091 2238 2097 .

184 2157 318 2215 sentm.
1219 2136 1431 2227 profitentur
1447 2133 1632 2209 Thaletem
1653 2138 1836 2213 Milesium
1856 2165 1984 2232 genere
2008 2156 2046 2215 et
2068 2146 2200 2237 origine
2236 2226 2238 2231 Ι

285 2242 421 2314 Habuit
441 2244 480 2313 in
510 2240 643 2317 Rhodo
669 2267 750 2314 suas
779 2244 1046 2316 observationes
1078 2240 1172 2333 Hip-
1220 2232 1445 2324 Phoenicen,
1478 2242 1540 2333 qui
1565 2238 1729 2336 Astyagis
1752 2245 1943 2315 Medorum
1974 2245 2067 2335 regis
2088 2249 2199 2319 seculo

184 2342 349 2442 parchus.
401 2344 473 2417 Nec
495 2346 625 2438 opinor
646 2345 832 2420 Colossum
853 2348 956 2432 solis,
986 2346 1048 2440 qui
1076 2346 1171 2415 inter
1221 2355 1303 2410 ante
1330 2336 1572 2411 monarchiam
1597 2341 1774 2416 Persicam
1803 2348 1964 2439 eclipsim
1981 2345 2079 2420 Solis
2103 2376 2199 2444 prse-

185 2464 316 2542 septem
340 2448 467 2518 mundi
491 2450 659 2519 miracula
688 2464 985 2519 commemoratur
1015 2448 1169 2542 cylindri
1220 2442 1321 2518 dixit.
1372 2441 1426 2514 Ex
1441 2439 1498 2513 his
1513 2445 1692 2517 derivatae
1707 2464 1792 2519 susat
1806 2447 1927 2521 Attica
1948 2464 1984 2522 et
1999 2449 2198 2525 Massilien-

57 2544 61 2557 ’
185 2568 246 2623 aut
269 2551 415 2621 obelisci
438 2552 566 2641 ligura,
597 2552 634 2620 in
663 2552 773 2620 alium
801 2552 909 2621 fnisse
939 2552 1170 2620 fabrefactum
1221 2544 1279 2617 sis.
1334 2541 1520 2616 Thaletem
1553 2549 1662 2619 secuti
1694 2566 1778 2622 stant
1799 2553 1904 2643 longa
1928 2553 2020 2623 serie
2042 2556 2196 2660 plurimi,

183 2669 281 2726 tanta
304 2653 493 2723 altitudine
510 2678 633 2738 usum,
664 2654 733 2723 nisi
757 2656 801 2723 ad
825 2645 1171 2748 συμπαρατηρήσεις
1220 2645 1505 2734 Anaximander,
1548 2648 1806 2740 Anaximenes,
1848 2656 2100 2747 Anaxagoras,
2132 2656 2198 2730 Ar·

183 2758 387 2839 stellarum,
430 2769 464 2825 et
498 2757 685 2848 praecipue
715 2756 961 2825 inerrantium.
1033 2754 1169 2824 Fecisse
1220 2744 1380 2836 chelaus,
1401 2751 1582 2838 Socrates,
1608 2753 1722 2827 Plato.
1781 2756 1891 2829 Hunc
1913 2755 2127 2833 Aristoteles
2146 2787 2197 2833 cs·

181 2856 279 2931 hunc
298 2852 474 2929 Chareten
497 2857 676 2953 Lyndium
701 2857 847 2953 Lysippi
878 2858 1092 2950 discipulum
1114 2880 1170 2927 se-
1220 2853 1331 2943 cepit,
1358 2865 1393 2923 et
1410 2851 1629 2948 Speusippus
1645 2881 1707 2929 seu
1724 2862 1841 2951 potius
1857 2861 2088 2940 Xenocrates.
2130 2862 2195 2955 Qui

182 2959 365 3055 ptuaginta
389 2960 591 3031 cubitorum
612 2961 802 3033 altitudine
818 2959 957 3031 Plinius
980 2973 1083 3031 autor
1106 2974 1168 3041 est,
1219 2955 1265 3022 ed
1280 2950 1507 3045 Aristotelem
1520 2961 1566 3028 ab
1582 2959 1773 3034 Academia
1790 2962 1949 3035 Platonis
1962 2965 2195 3041 discedentem

181 3065 245 3159 qui
262 3077 296 3134 et
312 3075 538 3135 terraemotu
555 3078 791 3156 prostratum,
817 3086 896 3133 cum
915 3064 1044 3133 iaceret
1058 3063 1168 3132 mira·
1218 3079 1255 3126 *θ
1277 3060 1525 3144 contulerunt,
1551 3061 1867 3155 Peripateticorum
1892 3067 1961 3137 sibi
1985 3092 2125 3142 noman
2144 3070 2195 3141 in·

179 3168 260 3237 culo
274 3164 381 3234 luisse
396 3166 564 3257 prodidit.
615 3166 685 3238 Sed
704 3181 856 3237 erectum
877 3165 1169 3236 rursusacresti·
1218 3159 1400 3234 diderunt.
1451 3159 1599 3257 Reliqui
1615 3168 1755 3259 sequuti
1771 3168 2010 3241 Xenocratem
2025 3196 2193 3245 successa·

177 3283 295 3341 tutum
313 3264 499 3337 Sarraceni
520 3269 628 3358 longo
650 3281 809 3361 tempore
833 3282 930 3358 post,
956 3293 1035 3337 cum
1056 3268 1168 3359 impe·
1218 3286 1293 3331 rem
1315 3266 1353 3332 in
1376 3262 1590 3352 Academia,
1622 3293 1754 3338 nomen
1779 3270 2079 3345 Academicorum
2101 3299 2193 3348 usur

177 3387 279 3442 rante
300 3365 495 3440 Constante
517 3368 672 3441 Heraclii
697 3372 770 3441 lilio
791 3367 963 3443 Rhodum
986 3392 1167 3460 expugna·
1218 3379 1360 3455 parunt,
1375 3379 1408 3435 et
1425 3385 1654 3439 recensentur
1666 3374 1794 3444 ordine
1806 3371 1862 3447 his
1877 3375 2101 3449 nominibus.
2132 3377 2193 3449 Po·

177 3488 249 3545 tam
267 3471 509 3561 diripuissent,
523 3474 715 3544 crudeliter
729 3473 890 3543 demoliti
906 3473 1167 3561 confregerunt.
1217 3466 1348 3552 lemon,
1373 3464 1539 3555 Crantor,
1563 3472 1738 3544 Arcesilas
1752 3479 1889 3548 mediae
1905 3475 2123 3552 Academiae
2135 3505 2190 3552 cu-

117 3624 124 3635 ·
178 3571 311 3645 Aereas
327 3572 371 3640 de
386 3598 427 3642 eo
443 3595 574 3642 massas
590 3574 820 3663 noningentis
836 3574 978 3643 camelis
997 3572 1164 3642 ludaeum
1217 3580 1285 3652 tor,
1310 3567 1486 3664 Lacydes,
1509 3568 1699 3663 Evander,
1727 3575 1925 3668 Agesilaus,
1947 3581 2006 3651 vel
2021 3598 2063 3655 ut
2079 3582 2191 3656 Cicero

176 3676 353 3770 quendam
379 3687 592 3766 asportasse,
625 3671 794 3746 historiae
816 3689 973 3746 recentes
997 3674 1165 3762 referunt,
1214 3665 1400 3760 Egesinus,
1414 3670 1614 3747 Carneades
1629 3703 1742 3749 novae
1757 3696 1859 3754 autor
1876 3680 2104 3775 Academiae,
2116 3684 2192 3782 Cly

175 3780 274 3848 unde
289 3775 470 3848 aestimari
487 3777 696 3866 magnitudo
720 3790 845 3869 potest.
898 3776 1034 3847 Ferunt
1057 3778 1163 3847 etiam
1214 3769 1417 3859 tomachus,
1443 3772 1621 3871 Pyrrhus,
1647 3779 1849 3856 Heraclitus
1872 3785 2019 3880 Tyrius.

175 3879 411 3969 Aristippum,
426 3902 508 3947 cum
523 3879 659 3950 amissis
676 3880 860 3969 naufragio
878 3879 1032 3952 fortunis
1045 3881 1165 3949 omni·
1315 3874 1364 3946 Hi
1378 3878 1525 3968 digressi
1541 3880 1735 3956 aPlatonis
1751 3888 1906 3979 vestigiis
1914 3888 2128 3961 Academiae
2138 3913 2191 3960 rc·

174 3983 241 4053 bus
256 3985 330 4074 ipse
346 4004 425 4051 rum
442 3981 564 4070 paucis
581 3985 624 4052 ad
642 3982 741 4053 littus
755 3977 940 4054 Rhodium
964 3982 1084 4052 tabula
1100 4007 1162 4052 ve-
1214 3978 1299 4049 teris
1314 3981 1478 4070 dogmata
1496 4002 1745 4076 corruperunt.
1771 3986 1893 4078 Quare
1907 3991 1970 4084 qui
1989 3992 2103 4063 samu
2116 4005 2190 4065 sunt

173 4099 251 4157 ctus
272 4083 491 4176 pervenisset
513 4084 653 4170 salvus,
674 4098 709 4156 et
732 4085 968 4155 obambulans
988 4085 1027 4153 in
1043 4084 1162 4155 littore
1211 4081 1396 4176 aliquanto
1413 4097 1492 4175 post
1507 4082 1667 4159 Platonis
1681 4103 1888 4178 sectatores,
1913 4116 1989 4163 non
2006 4091 2191 4168 Academi·

171 4186 400 4278 geometricas
423 4187 550 4276 figuras
570 4190 808 4281 conspexisset
821 4181 996 4257 machinis
1011 4187 1161 4279 quibus-
1211 4207 1270 4254 eos
1295 4207 1370 4256 sese
1390 4201 1553 4278 suspecto
1577 4191 1741 4277 nomine,
1764 4196 1825 4264 sed
1852 4193 2058 4268 Platonicos
2079 4196 2191 4269 vocari

170 4292 254 4358 dam
278 4287 490 4378 insculptas,
517 4289 658 4362 iussisse
681 4292 796 4362 socios
819 4290 1049 4360 bonoanimo
1076 4313 1161 4376 esse,
1210 4287 1414 4373 voluerunt,
1429 4289 1899 4389 coniunxeruntquerursus
1914 4323 1995 4370 curn
2004 4293 2191 4372 Academia

169 4394 265 4485 qnod
283 4385 470 4460 hominum
488 4392 633 4481 vestigia
648 4395 845 4487 reperisset,
871 4391 1159 4486 gratulatumque
1209 4390 1320 4460 veteri
1341 4392 1586 4484 peripateticas
1605 4391 1756 4471 scholas.
1807 4396 2025 4474 Claruernnt
2048 4426 2091 4474 ex
2114 4403 2192 4487 illis,

168 4492 238 4564 sibi
266 4509 300 4564 et
323 4492 489 4584 reliquis,
523 4498 619 4586 quod
644 4520 718 4566 non
745 4496 784 4566 in
806 4495 908 4567 littus
932 4495 1157 4565 barbaricum
1207 4517 1288 4562 cum
1316 4493 1380 4564 alii
1412 4507 1487 4565 turn
1510 4521 1594 4566 vero
1620 4495 1865 4587 Aristarchus,
1893 4499 2129 4589 Ammonius,
2159 4518 2192 4576 et

167 4596 270 4666 eiecti
295 4607 426 4680 essent,
462 4595 686 4668 confirmasse
708 4593 965 4670 humanitatem
988 4619 1069 4686 erga
1090 4593 1156 4669 ho-
1207 4595 1296 4666 alter
1329 4591 1412 4667 huic
1440 4590 1644 4690 ὁμώνυμος
1681 4619 1918 4694 cognomento
1964 4603 2111 4690 κακκᾶς
2138 4607 2190 4679 sd

165 4699 273 4789 spites
297 4711 332 4769 et
352 4697 559 4788 naufragos,
584 4723 659 4769 non
684 4701 885 4772 defuturam
909 4700 982 4770 illis
996 4693 1157 4770 homini·
1203 4691 1452 4795 κακκοφόρος,
1468 4699 1650 4788 Plotinus,
1673 4704 1846 4792 Amelius,
1861 4706 2093 4794 lamblichus,
2107 4708 2190 4782 Plu-

164 4802 247 4887 bus,
271 4803 365 4895 apud
393 4824 483 4895 quos
508 4792 635 4871 harum
658 4803 790 4872 artium
815 4804 932 4876 studia
960 4816 1156 4874 tractaren·
1204 4796 1364 4888 tarchus,
1388 4800 1582 4898 Syrianus,
1607 4802 1756 4878 Proclus
1770 4807 1916 4904 Lytius,
1939 4813 2043 4884 cuins
2069 4829 2106 4888 et
2128 4809 2190 4911 hy·

161 4916 234 4975 tur.
287 4902 421 4972 Tarsus
444 4915 629 4994 tantopere
653 4905 870 4987 celebratur,
890 4921 931 4978 ut
954 4906 1074 4974 sinon
1091 4930 1154 4976 ex·
1203 4897 1367 4996 potheses
1393 4920 1515 4977 estant
1543 4910 1803 4982 astronomicae
1825 4926 1860 4984 et
1879 4907 2117 5013 pendpptrmc
2135 4942 2190 4990 cs·

161 5005 343 5091 calluisse,
379 5027 545 5097 aequasse
569 5020 687 5077 tamen
711 5009 768 5077 vel
790 5004 1062 5094 Alexandriam,
1096 5009 1153 5080 vel
1200 5003 1413 5103 τραβίβλου
1428 5005 1633 5091 Ptolemaei,
1655 5011 1822 5086 Marinus
1837 5029 1872 5087 et
1889 5018 2010 5107 plures
2025 5020 2102 5101 alii,
2117 5044 2189 5093 uos

160 5101 321 5179 Athenas
342 5108 632 5198 praecellentium
658 5111 883 5200 ingeniorum
908 5113 1027 5203 copia,
1059 5135 1150 5204 quos
1201 5111 1353 5182 alterum
1374 5110 1569 5202 excipiente
1592 5114 1630 5183 in
1661 5117 1782 5187 eadem
1811 5119 1982 5208 statione,
2021 5123 2124 5195 velut
2150 5123 2186 5194 in

159 5210 282 5280 multis
323 5210 429 5282 terris
463 5214 783 5301 praestantissimos
810 5213 1068 5306 suppeditavit,
1115 5227 1149 5284 et
1200 5213 1274 5282 acie
1291 5213 1462 5285 continua
1479 5217 1631 5307 quadam
1648 5221 1879 5291 successionis
1893 5223 1984 5295 serie
1997 5248 2090 5317 pene
2107 5226 2188 5298 inde

155 5309 245 5380 flore
260 5336 299 5383 ac
316 5314 435 5402 vigore
452 5314 653 5385 studiorum
669 5319 849 5401 tradatur,
875 5320 934 5387 sed
959 5315 1148 5405 indigenas
1199 5337 1310 5408 nsque
1326 5316 1372 5386 ab
1384 5317 1530 5386 exordio
1552 5318 1781 5394 monarchiae
1793 5320 1987 5397 Caesarum
2009 5329 2057 5400 ad
2084 5328 2188 5403 initis

151 5412 239 5500 lere,
264 5437 340 5484 non
353 5429 490 5486 exteros
503 5416 594 5490 aluit
607 5418 713 5494 ullos.
764 5416 1027 5492 HaecPsulum
1046 5415 1147 5511 Apo-
1196 5431 1360 5491 motuum
1374 5416 1699 5496 Sarracenicorum.
