4680 6038
73 226 153 305 786
767 230 798 306 1.
849 220 1147 307 cnaotucott
1168 221 1420 307 CARlONlS.
2035 236 2121 311 tao

72 402 195 475 minus
208 422 332 495 aspera
346 401 414 476 fuit
425 424 507 495 erga
515 397 730 489 Ecclesiam,
756 426 864 499 quam
881 404 972 476 aliae
986 426 1068 475 ωο-
1116 396 1224 471 luisse
1239 394 1468 493 Pmphetam,
1483 424 1503 472 a
1519 396 1597 475 Deo
1612 400 1773 490 missum,
1797 427 1921 477 recem
1934 407 2117 497 protectio

71 500 254 581 uarcbiae.
304 503 421 600 Cyrus
443 529 539 576 anno
563 506 777 600 primopost
794 519 931 599 captam
946 504 1067 601 Baby·
1117 500 1214 572 inter
1236 503 1357 573 leones
1381 505 1549 577 ostendit.
1598 500 1713 577 Erant
1730 506 1840 598 igitur
1853 504 2012 581 Ecclesia
2030 504 2121 596 Dei,'·

71 608 195 679 ionem
217 606 331 679 edidit
344 609 546 694 decretum,
571 632 643 703 quo
658 608 827 679 concessit
849 606 988 681 ludaeis
1008 630 1066 678 re-
1115 603 1229 695 ipsius
1250 604 1452 697 auditores,
1484 607 1547 701 qui
1570 609 1748 698 professus
1776 624 1828 682 est
1847 610 2046 682 doctrinam
2066 610 2107 683 in

71 710 199 782 ditum·
211 709 251 779 iu
275 708 448 802 patriam,
473 724 508 782 et
525 712 624 782 dedit
644 712 811 785 mandata
826 713 871 782 de
887 711 1065 784 instaura·
1116 706 1218 777 libris
1232 702 1492 801 Prophetarum
1509 710 1692 795 traditam,
1715 724 1750 782 et
1770 706 1863 783 hanc
1882 713 1930 784 ita
1947 713 2107 784 illustra·

75 813 177 886 tione
202 812 354 904 templi,
373 825 408 883 et
430 813 593 886 attribuit
615 813 763 886 reditus.
814 810 969 907 Fuitque
994 814 1067 882 dux
1114 808 1184 893 vit,
1218 821 1354 879 utnon
1385 811 1500 880 solum
1527 811 1671 896 dixerit,
1704 815 1810 906 quale
1829 815 1990 886 futurum
2016 828 2107 887 esset

72 912 201 1008 populi
231 911 444 985 Iudaeorum
468 914 686 1000 Zorobabel,
716 939 828 1007 nepos
851 917 942 1005 regis
968 913 1065 984 leco-
1114 931 1262 999 regnum
1280 910 1451 997 Messias,
1478 925 1615 1006 etquae
1629 916 1810 1002 beneficia,
1836 917 1897 987 sed
1913 916 2019 986 etiam
2035 940 2105 986 nu·

72 1016 166 1087 niae.
210 1012 386 1108 Deinceps
398 1017 495 1088 enim
519 1018 597 1089 sine
618 1019 715 1109 regio
739 1018 1065 1089 nomineducesex
1113 1035 1252 1081 merum
1284 1036 1462 1082 annorum
1492 1016 1680 1106 expressit,
1722 1019 1815 1088 intra
1839 1039 1929 1112 quos
1954 1016 2106 1089 Messias

72 1118 186 1211 stirpe
205 1114 324 1187 David
347 1120 480 1212 populo
507 1118 718 1192 ludaeorum
747 1122 996 1211 praefuerunt,
1029 1128 1065 1187 et
1113 1137 1179 1204 pro
1203 1136 1331 1203 genere
1355 1109 1512 1186 humano
1539 1119 1679 1188 futurus
1702 1133 1777 1190 erat
1798 1120 1956 1195 victima.
2005 1117 2104 1190 llaec

72 1220 143 1293 fuit
165 1241 327 1291 summus
348 1224 509 1293 sacerdos
526 1221 642 1309 lesus,
666 1224 761 1293 lilius
778 1222 934 1295 losedek.
985 1219 1063 1291 Hos
1114 1217 1238 1286 concio
1261 1216 1486 1309 praecipuam
1508 1214 1696 1309 Evangelii
1718 1222 1917 1295 doctrinam
1944 1221 2104 1315 eomple-

71 1324 166 1393 duos
185 1322 350 1393 ductores
371 1346 499 1414 magna
522 1327 714 1397 multitudo
737 1327 903 1396 comitata
928 1336 999 1409 est,
1021 1334 1063 1393 ut
1113 1318 1239 1390 clitum-

69 1424 244 1516 scriptum
267 1438 319 1495 est
340 1425 378 1495 in
402 1427 497 1497 libro
512 1424 657 1499 Esdrae.
709 1428 763 1499 Hi
784 1426 916 1498 reversi
939 1426 977 1495 in
1001 1422 1062 1494 lu·
1214 1420 1269 1491 Ac
1292 1422 1397 1491 valde
1420 1425 1564 1512 prodest
1586 1426 1753 1498 omnibus
1778 1421 1989 1498 hominibus
2009 1417 2103 1495 hanc

70 1529 198 1599 dmm
213 1548 336 1598 rursus
357 1530 520 1600 condere·
529 1532 654 1601 urbem
670 1529 921 1626 lerosolymam
938 1549 1063 1619 coepe-
1112 1520 1225 1614 ipsam
1249 1524 1457 1596 concionem
1482 1527 1704 1597 notissimam
1727 1552 1822 1615 esse,
1845 1551 1939 1622 quae
1954 1524 2112 1620 quidem·

69 1642 180 1713 runt,
205 1643 242 1699 et
261 1630 492 1701 fundamenta
513 1633 635 1724 templi
660 1633 828 1705 iecerunt,
1112 1638 1147 1695 et
1168 1625 1353 1717 perspicue
1375 1628 1504 1698 refutat
1519 1626 1680 1701 ludaeos.
1731 1629 1826 1720 Quia
1843 1654 1923 1701 cum
1938 1628 2103 1713 affirmet,

172 1727 270 1801 Haec
300 1733 489 1804 laetissima
519 1734 622 1806 initia
652 1737 792 1809 turbata
820 1748 904 1808 sunt
932 1731 1063 1825 partim
1112 1740 1227 1797 stante
1256 1727 1381 1818 politia
1411 1728 1569 1801 Mosaios
1598 1748 1789 1804 venturum
1817 1754 1892 1804 essa
1921 1728 2103 1815 Messium,

67 1855 91 1902 a
114 1830 240 1902 vicinis
271 1832 524 1923 samaritanis,
556 1838 686 1929 partim
717 1838 843 1910 aulicis
865 1835 1062 1910 calumniis.
1112 1851 1188 1899 nou
1202 1829 1353 1899 dubium
1368 1844 1438 1917 est,
1464 1855 1580 1902 errare
1597 1830 1764 1920 Iudaeos,
1785 1834 1848 1927 qui
1862 1834 2024 1906 noudum
2040 1853 2102 1900 ve-

68 1930 162 2007 Cum
184 1935 280 2005 enim
299 1951 399 2028 pater
410 1934 526 2033 Cyrus
540 1940 674 2011 bellum
698 1942 866 2011 adversus
882 1937 1063 2029 Massage-
1111 1931 1204 2001 nisse
1218 1928 1386 2003 Messian]
1403 1933 1654 2008 vociferantur.
1706 1936 1817 2027 Saepe
1834 1936 1943 2025 igitur
1964 1935 2103 2022 legatur

67 2048 123 2107 tas
139 2049 292 2127 gereret,
316 2052 351 2109 et
366 2036 557 2135 Cambyses
572 2043 671 2112 domi
688 2056 871 2133 regnaret,
897 2036 1063 2111 inchoata
1112 2046 1219 2125 caput
1234 2055 1372 2103 nonum
1380 2034 1553 2122 Danielis,
1569 2037 1633 2109 uhi
1646 2039 1817 2128 scriptum
1831 2051 1899 2109 cst:
1925 2035 2102 2127 „Septua-

68 2138 267 2209 aedibcotio
295 2142 417 2233 templi
446 2144 563 2214 edicto
589 2140 775 2239 Cambysis
797 2138 977 2236 prohibita
1000 2153 1063 2216 est.
1112 2136 1210 2226 ginta
1232 2130 1473 2207 hebdomades
1498 2139 1659 2209 decretae
1681 2154 1765 2209 sunt
1792 2162 1899 2231 super
1925 2138 2101 2230 populum

66 2234 120 2311 Et
138 2253 416 2312 consentaneum
439 2259 508 2331 est,
541 2246 814 2319 calumniatores
833 2247 871 2316 in
893 2245 975 2317 aula
996 2239 1063 2315 hac
1113 2252 1234 2324 tuum,
1259 2251 1296 2309 et
1309 2260 1416 2330 super
1435 2241 1559 2311 urbem
1581 2255 1737 2313 sanctam
1755 2255 1873 2326 tuam,
1896 2252 1938 2309 ut
1955 2238 2103 2309 liniatur

67 2363 157 2411 usos
175 2344 476 2432 esse-occasione,
509 2349 606 2438 quod
629 2372 709 2420 cum
734 2349 868 2420 bellum
897 2348 1063 2418 illaturus
1112 2340 1379 2433 praevaricatio,
1401 2355 1435 2413 el
1449 2342 1656 2433 obsiguetur
1672 2355 1866 2435 peccatum,
1891 2353 1926 2411 et
1940 2341 2000 2410 bat
2017 2361 2102 2430 pro-

66 2456 159 2513 esset
168 2440 359 2538 Cambyses
367 2442 564 2542 Aegyptiis,
589 2448 806 2543 disputatum
823 2464 884 2536 est,
911 2447 1062 2520 ludaeos
1113 2442 1258 2534 piciatio
1271 2466 1338 2533 pro
1353 2459 1515 2535 peccato,
1540 2459 1576 2515 et
1590 2447 1791 2517 adducatur
1811 2442 1949 2515 iusticia
1972 2439 2104 2531 sempi-

64 2566 111 2613 ex
128 2542 301 2637 Aegyptia
317 2547 427 2639 stirpe
442 2572 536 2632 esse,
561 2563 595 2620 et
611 2554 808 2623 carendum
824 2576 915 2639 esse,
939 2574 985 2620 ne
1000 2546 1063 2621 lu·
1113 2557 1233 2628 lerna,
1257 2555 1298 2613 ¹¹¹
1309 2546 1529 2636 wmplealur·
1543 2548 1631 2617 νῑθὶο
1649 2560 1685 2618 el
1705 2541 1912 2638 prophetia,
1937 2558 1972 2617 θῑ
1988 2564 2103 2632 ⁰⁰8³·

66 2644 147 2714 daei
170 2669 207 2715 se
225 2670 304 2716 cum
322 2646 506 2745 Aegyptiis
529 2654 795 2745 coniungerent.
850 2654 902 2727 lta
918 2678 939 2724 a
955 2650 1063 2724 Cam.
1113 2659 1173 2717 tur
1186 2656 1327 2715 sanctus
1343 2660 1559 2722 sanctorum.
1600 2647 1697 2721 Scito
1715 2669 1798 2737 ergo
1814 2645 2102 2721 etconsiderato:

66 2744 166 2840 bysis
187 2760 346 2839 tempore
363 2755 537 2845 usquead
563 2758 758 2827 secundum
777 2780 912 2827 anuum
925 2753 1064 2845 Longi-
1113 2742 1174 2819 Ab
1188 2746 1284 2818 exitu
1303 2748 1498 2832 sermonis,
1524 2764 1564 2821 ut
1585 2750 1714 2821 iterum
1732 2745 1914 2820 habitetur
1928 2760 1963 2818 et
1978 2744 2101 2817 aedib-

69 2848 168 2918 mani
186 2848 397 2922 instauratio
415 2855 586 2947 impedita
599 2871 660 2928 est.
695 2857 749 2928 Ac
764 2873 841 2931 rum
853 2881 978 2930 rursus
994 2880 1064 2927 no-
1113 2864 1212 2922 cetur
1224 2847 1437 2936 Ierusalem,
1460 2875 1571 2945 usque
1585 2848 1825 2922 adChristum
1839 2848 1987 2936 Ducem,
2012 2843 2103 2917 heb-

67 2974 114 3021 vs
128 2952 370 3023 consolatione
395 2958 548 3048 populus
568 2983 633 3053 per
645 2956 851 3052 Haggaeum
876 2955 1063 3033 etzaeha.
1114 2952 1283 3022 domades
1311 2965 1442 3044 septem
1473 2967 1509 3025 et
1536 2950 1776 3023 hebdomades
1806 2950 1986 3041 sexaginta
2009 2950 2103 3019 duae

67 3051 401 3128 riamconfrrmatus
414 3072 477 3129 est.
1114 3066 1238 3134 erunt,
1264 3062 1300 3123 et
1322 3077 1464 3125 rursum
1485 3050 1644 3124 habitata
1662 3055 1746 3139 erit,
1772 3069 1806 3126 et
1827 3053 2007 3122 aedificata
2023 3049 2103 3142 pla·

174 3152 248 3225 Etsi
270 3174 387 3230 autem
403 3160 545 3231 eductio
560 3184 600 3236 er
617 3158 779 3257 Aegypto
794 3160 984 3252 gloriosior
999 3174 1063 3242 est,
1113 3168 1170 3225 tea
1186 3152 1442 3251 lerosolymae,
1467 3169 1501 3225 et
1517 3156 1630 3239 muri,
1657 3156 1695 3225 in
1711 3155 1873 3247 augustis
1888 3169 2103 3243 temporum·

66 3269 103 3325 et
125 3258 321 3330 manifestis
345 3260 526 3333 miraculis
549 3262 661 3353 magis
684 3276 829 3344 ornata,
859 3262 942 3356 quia
966 3260 1064 3335 Deus
1112 3252 1163 3331 Et
1196 3269 1277 3347 post
1309 3251 1548 3327 hebdomades
1583 3258 1762 3347 sexaginta
1800 3258 1889 3328 duas
1920 3253 2103 3324 occidetur

66 3357 186 3430 voluit
210 3365 397 3433 ostendere
422 3363 625 3435 testimonia
652 3367 696 3435 de
719 3366 815 3456 lege,
847 3378 965 3436 tamen
987 3388 1063 3435 non
1113 3354 1296 3444 Christus,
1334 3372 1372 3429 et
1399 3359 1564 3429 nouerit
1593 3360 1768 3451 populus,
1803 3372 1838 3430 et
1860 3356 2039 3429 civitatem
2066 3365 2104 3424 et

65 3460 190 3530 minus
218 3464 362 3534 difficile
385 3466 469 3550 fuit,
502 3467 688 3557 dissipatas
709 3468 862 3538 familias
887 3466 1063 3555 colligere,
1114 3459 1364 3531 sanctuarium
1385 3463 1544 3533 destruet
1572 3460 1726 3553 populus
1747 3458 1859 3531 Ducis
1878 3456 2040 3534 venturi,
2067 3465 2103 3525 et

65 3576 103 3633 et
119 3562 272 3634 inermes
288 3590 352 3658 per
364 3580 416 3638 tot
432 3567 594 3639 inimicas
610 3582 730 3660 gentes
744 3572 893 3653 ducere,
920 3582 953 3639 et
969 3569 1063 3640 inter
1112 3561 1194 3631 finis
1207 3562 1283 3632 eius
1297 3562 1508 3651 inundatio,
1535 3576 1569 3633 el
1584 3563 1664 3632 finis
1681 3564 1766 3659 belli
1783 3561 1927 3633 definita
1944 3558 2104 3629 vestim·

67 3657 189 3735 hostes
205 3689 327 3738 rursus
341 3683 502 3739 extruere
517 3672 662 3758 urbem,
688 3685 723 3743 et
741 3672 931 3763 collapsam
949 3668 1062 3743 Rem·
1113 3662 1162 3735 Et
1190 3665 1413 3735 confirmabit
1444 3678 1695 3736 testamentum
1726 3665 1849 3736 multis
1876 3658 2104 3733 hebdomade

68 3767 249 3858 publicam
261 3771 447 3842 restituere
462 3785 543 3862 post
556 3796 669 3844 annos
689 3774 928 3868 septuaginta,
955 3797 1061 3866 qrram
1113 3789 1205 3851 rina,
1233 3778 1268 3835 et
1296 3766 1335 3835 in
1358 3767 1510 3837 dimidio
1539 3762 1773 3838 hebdomadis
1793 3764 1956 3836 deficient
1985 3756 2103 3831 hostia

68 3868 159 3940 olirn
180 3869 294 3943 luerat
315 3896 395 3943 eum
420 3875 541 3945 valido
573 3876 725 3946 exercitu
755 3874 907 3946 alienam
929 3887 1062 3944 terram
1113 3884 1148 3940 et
1161 3867 1390 3955 sacrificium,
1413 3886 1448 3941 et
1464 3869 1531 3944 erit
1544 3870 1737 3959 superalas
1752 3866 1970 3937 abominatio
1987 3874 2104 3931 vasta·

67 3994 253 4062 occnpare.
297 3972 457 4069 Utraque
474 3999 529 4046 res
544 3979 700 4050 ostendit
716 3976 831 4049 Deum
850 3974 1064 4046 mirabiliter
1113 3970 1221 4041 tionis
1241 3984 1449 4062 perpetuae,
1475 3985 1509 4040 et
1524 3971 1669 4040 definita
1688 3970 1830 4041 vastitas
1846 3968 1955 4036 eflusa
1972 3965 2050 4034 crit.

67 4096 211 4143 servare
233 4088 267 4145 et
288 4100 409 4165 regere
431 4074 645 4165 Ecclesiam,
678 4094 713 4151 et
735 4079 826 4149 velle
847 4078 919 4172 peti
941 4092 977 4149 et
1000 4102 1063 4148 ex·
1216 4069 1259 4140 ln
1277 4068 1345 4143 hoc
1359 4072 1527 4143 vaticinio
1544 4087 1579 4143 et
1595 4072 1763 4141 beneficia
1780 4069 1934 4141 Moesiae
1950 4066 2103 4136 recitau-

12 4250 15 4257 ,
67 4175 203 4269 peotari
220 4176 384 4247 divinum
403 4181 596 4262 auxilium,
619 4181 710 4253 sicut
727 4196 760 4253 et
778 4182 815 4251 in
831 4177 897 4253 har
913 4180 987 4271 ipsa
1004 4205 1063 4250 re-
1086 4206 1089 4233 Ι
1113 4188 1192 4253 lut,
1219 4187 1254 4243 el
1274 4197 1368 4244 mors
1391 4172 1544 4243 Messias
1564 4173 1799 4265 praedicitur,
1825 4186 1861 4242 ct
1878 4184 2015 4260 tempus
2036 4168 2104 4236 ad·

12 4268 20 4285 “
66 4276 256 4349 stitutione
283 4283 486 4351 consolatur
510 4278 739 4367 Zachariam,
772 4285 916 4354 anxium
939 4284 1063 4352 dede.
1114 4288 1240 4345 ventus
1258 4276 1478 4368 exprimitur.
1519 4274 1770 4345 Hebdomades
1786 4275 1881 4343 enim
1898 4269 2102 4356 intelligen-

65 4380 232 4451 feusione
257 4383 519 4465 multitudiuis,
554 4387 764 4466 rrrnlierum,
798 4408 1063 4474 puerperarum,
1113 4381 1179 4448 dae
1206 4391 1291 4447 sunt
1311 4401 1489 4447 annorum
1522 4373 1781 4467 hebdomades,
1812 4389 1852 4446 ut
1881 4374 1919 4442 in
1943 4370 2104 4442 Levitico

67 4481 270 4566 infantum,
298 4507 441 4573 senum,
469 4487 701 4557 imbecillium
727 4488 954 4570 familiarum,
981 4510 1061 4555 cum
1114 4481 1227 4573 capite
1241 4476 1303 4553 25.
1325 4494 1440 4550 textus
1456 4480 1626 4572 loquitur.
1674 4478 1767 4551 Snnt
1782 4478 1891 4567 igitur
1906 4470 2104 4544 hebdoma-
2169 4536 2174 4545 .

12 4648 22 4673 ,
66 4585 235 4655 nondum
258 4580 430 4656 haberent
453 4600 563 4678 tecta,
589 4612 712 4658 muros
728 4602 763 4659 et
784 4590 977 4680 praesidia,
1006 4589 1063 4656 in·
1086 4604 1090 4647 ι
1113 4586 1175 4652 dcs
1203 4582 1423 4681 septuaginta
1447 4582 1531 4650 arciri
1557 4579 1644 4654 490.
2108 4644 2114 4661 .

66 4686 215 4783 quiens:
242 4684 325 4757 Non
347 4686 384 4755 in
400 4690 574 4772 exercitu,
600 4713 673 4760 non
703 4692 740 4759 in
763 4694 915 4776 robore,
940 4692 1000 4759 sed
1024 4691 1062 4758 in
1217 4684 1317 4753 Dicit
1332 4699 1448 4754 autem
1466 4680 1612 4751 Daniel:
1644 4680 1731 4752 Post
1748 4676 1989 4750 hebdomades
2003 4694 2103 4789 sexa-

64 4786 209 4882 spiriru
226 4812 317 4873 meo,
337 4791 423 4860 dicit
439 4788 630 4867 Dominus.
682 4791 786 4862 ltem:
811 4790 889 4884 Ego
905 4818 966 4863 ero
983 4816 1062 4862 mu·
1114 4786 1211 4875 girata
1236 4789 1324 4855 duas
1348 4785 1529 4855 occidetur
1549 4780 1731 4863 Christus,
1762 4781 1813 4849 sic
1835 4794 1975 4858 tamen,
2001 4787 2041 4842 ut
2064 4794 2102 4889 rn

65 4914 133 4961 rus
150 4890 274 4979 igneus
289 4892 421 4963 circum
437 4914 508 4965 eos.
1114 4889 1267 4957 dimidio
1292 4884 1525 4957 hebdomadis
1551 4885 1735 4956 confirmet
1763 4892 2033 4956 testamentum,
2065 4874 2103 4940 rd

174 4990 258 5079 Quo
283 4991 392 5081 igitur
415 4994 453 5061 in
481 4994 561 5062 loeo
582 5007 669 5065 tunc
695 4996 802 5066 fixerit
829 4992 1006 5075 Ecclesia,
1029 5007 1061 5063 et
1115 5003 1184 5068 cst,
1209 4993 1334 5059 ‹loceat
1351 5001 1385 5057 et
1402 4988 1601 5057 testimonia
1624 4985 1805 5069 ostendat,
1831 4995 1865 5051 et
1887 4978 2018 5049 deinde
2042 4997 2104 5062 pa-

63 5116 163 5189 quae
177 5088 340 5165 habuerit
365 5095 585 5177 testimonia,
608 5097 764 5168 ostendit
788 5094 873 5167 haec
890 5098 1064 5179 reductio,
1114 5093 1224 5163 tiatur
1239 5103 1274 5160 et
1293 5102 1462 5179 restrrgat.

64 5198 108 5267 in
133 5218 204 5289 qua
229 5196 446 5267 multarunt
469 5196 652 5269 miracula.
715 5196 874 5289 Tempus
896 5198 1062 5287 congruit
1217 5191 1399 5281 Significat
1420 5202 1537 5259 autem
1552 5185 1703 5270 Daniel,
1726 5187 1826 5254 unde
1839 5184 1883 5252 sit
1901 5172 2104 5290 inchoapda

63 5322 152 5370 terra
177 5297 345 5366 vaticinio
369 5296 554 5377 ieremias»,
588 5300 650 5391 qni
676 5303 869 5389 praedixit,
895 5313 974 5390 post
996 5324 1063 5367 an·
1113 5294 1335 5369 numeratio,
1360 5315 1439 5362 cum
1467 5291 1534 5359 ait:
1570 5287 1629 5358 Ab
1651 5288 1747 5357 exitu
1762 5284 1955 5359 sermonis,
1981 5289 2018 5343 ut
2039 5287 2107 5341 tte-

66 5424 138 5469 nos
161 5396 213 5469 70
234 5400 405 5491 populum
438 5400 636 5470 rediturum
667 5425 752 5472 esse.
800 5400 848 5475 Et
871 5399 1061 5472 Danielem
1114 5422 1193 5468 ram
1227 5390 1408 5466 habitetur
1436 5405 1473 5461 et
1506 5390 1710 5461 aedificetur
1741 5386 1947 5459 ierusalem.
2009 5374 2109 5443 llaec
