4680 6038
267 197 346 277 ddd
669 184 831 263 meet.
868 180 944 260 DE
972 179 1297 260 CHARITUM
1328 174 1905 257 APPELLATIONIBUS.
1939 204 1942 209 ·
2227 178 2304 257 Md

270 390 330 445 tur
352 373 498 442 illorum
522 363 665 447 officiis,
691 362 748 431 vel
768 373 809 431 ut
832 359 942 433 multa
966 357 1193 452 speculentur
1216 357 1261 426 ad
1313 350 1405 426 Cum
1428 366 1631 425 reverenter
1648 347 1848 440 exhibitum
1866 373 1940 425 esse
1957 345 2176 446 αὐτόματον
2183 400 2198 437 ,
2223 350 2303 423 lssr·

271 482 331 546 etis
355 475 450 566 ipsos
472 467 698 550 evertendos,
724 462 897 556 aquibus
920 461 959 531 in
983 459 1260 531 familiaritatem
1314 457 1401 528 baro
1421 456 1476 526 illi
1497 455 1566 528 suit
1585 454 1739 552 ἄκαιρος
1763 453 1909 541 εὔνοια,
1936 455 2000 549 qui
2022 479 2104 527 cum
2123 454 2196 525 alia
2213 454 2303 526 dona

271 576 416 647 admissi
441 584 537 644 sunt.
588 567 685 639 llaec
705 564 851 638 Sinonis
875 576 936 632 aut
952 563 1049 634 Sexti
1068 559 1262 653 Tarquinii
1314 559 1501 644 retineret,
1526 553 1595 629 hoc
1619 552 1898 650 pulcherrimum
1917 580 2008 648 opus
2024 581 2106 630 cum
2121 567 2302 629 contume-

273 678 419 750 artificia
450 697 529 744 cum
560 672 619 742 vix
648 668 764 740 caveri
796 666 871 737 nlla
902 665 1085 754 vigilantia
1116 663 1263 755 possint,
1314 661 1362 731 lia
1384 662 1489 732 etiam
1513 661 1614 730 reddi
1638 660 1757 746 iussit,
1790 661 1970 754 quianon
1994 658 2041 732 sit
2064 658 2168 752 pium
2192 658 2300 731 consi·

272 779 377 851 bonis
392 774 607 847 conscientia
622 766 789 840 honestae
806 767 999 837 voluntatis
1013 782 1133 836 tamen
1144 777 1263 857 postea
1315 765 1439 832 derare
1461 777 1578 835 motus
1601 762 1778 836 coelestes.
1838 760 1935 832 Hinc
1958 775 1995 834 et
2014 760 2131 851 gentis
2151 773 2191 833 et
2211 761 2300 833 dosis

272 881 400 951 solatio
426 892 488 948 est.
547 875 616 946 Sed
646 873 701 941 illi
725 868 840 941 Deum
871 869 1050 938 vindicem
1077 890 1149 937 esse
1174 866 1264 935 insi·
1315 864 1515 935 barbariem
1529 864 1721 937 aestimate.
1773 862 1843 937 Sed
1860 863 1972 934 multo
1989 859 2299 937 humaninsFrtn·

272 985 414 1055 diarum
439 994 471 1049 et
494 977 644 1046 violatae
667 972 748 1042 fidei
773 971 912 1042 debitae
935 971 1057 1053 anricis
1079 969 1264 1062 experien-
1315 990 1377 1037 cus
1398 981 1527 1037 noster.
1578 964 1648 1036 Hic
1663 979 1706 1038 nt
1720 967 1812 1037 liber
1828 966 2070 1037 multisnotus
2086 965 2211 1049 fieret,
2235 966 2298 1037 ins·

273 1073 351 1168 tur,
377 1094 513 1152 utvere
530 1079 731 1147 dictumest
748 1078 902 1164 apo‘eta:
1316 1070 1361 1138 sit
1381 1094 1461 1139 eum
1486 1068 1524 1136 in
1540 1066 1707 1138 Latinum
1729 1092 1930 1138 sermonem
1956 1066 2153 1138 transferri.
2208 1063 2297 1140 Fuit-

324 1219 408 1285 Situ
423 1222 535 1283 oblitus
552 1242 600 1295 cs,
628 1229 659 1279 at
674 1213 729 1278 Dii
742 1182 961 1292 meminerunt,
987 1217 1125 1275 meminit
1138 1211 1223 1279 fides.
1316 1165 1938 1362 31ῐὲΙιὲῗέἓιὶῖὶἒὲἓῑῖᾞξῇῖῗωδ’
1964 1170 2027 1264 qni
2044 1183 2131 1243 mne
2147 1166 2297 1243 Imm

637 1450 646 1467 ⁸
824 1449 832 1466 ‚
1114 1447 1123 1464 ,
1175 1447 1184 1464 ,
1416 1370 1495 1447 Etsi
1511 1388 1628 1445 autem
1644 1372 1887 1466 interpretatio
1906 1397 2134 1470 nequaqnam
2152 1370 2296 1459 estnitj·

273 1455 397 1528 Tertia
419 1453 512 1524 inter
533 1448 701 1524 Charites
725 1444 854 1521 Thana
882 1463 950 1533 est,
983 1471 1073 1542 quae
1094 1447 1265 1565 srgnrhcat
1316 1476 1381 1563 p„
1407 1489 1525 1548 gamen
1551 1478 1636 1548 fide,
1652 1478 1856 1549 amorim„
1871 1477 1994 1563 defuit,
2020 1477 2084 1572 quq
2101 1494 2298 1548 commu,

274 1557 552 1651 derffllssffll‘ms
601 1552 764 1672 lldefloel
788 1551 1060 1672 gratitudinem,
1108 1572 1264 1669 P‘fflufn
1314 1580 1428 1650 factus
1446 1579 1521 1650 eius
1537 1580 1622 1651 libri
1638 1580 1809 1665 lectione,
1835 1592 1954 1673 postea
1972 1581 2147 1673 quasdam
2164 1574 2297 1648 vitiosas

273 1682 339 1752 1²1⁰
366 1681 501 1738 merce,
534 1655 648 1726 ⁰ffi⁰¹³
673 1678 739 1772 Pl?
763 1653 900 1772 ⁰ffi⁰¹¹⁵5
957 1651 1028 1724 sed
1053 1646 1264 1771 h²{⁰‚¹“l¹³
1315 1682 1540 1753 adorationes
1562 1682 1705 1754 taxavit.
1756 1681 1798 1752 ld
1819 1707 1899 1751 cum
1919 1704 2022 1771 aegre
2040 1677 2296 1753 ferretsudits-

273 1755 367 1852 proh
394 1759 516 1842 dolor,
540 1756 664 1847 procul
688 1756 775 1824 altas
797 1768 973 1849 sequrtur,
999 1766 1215 1824 moesticiam
1231 1766 1265 1822 et
1315 1808 1396 1854 mm
1421 1786 1524 1856 ,urba
1578 1785 1715 1876 impetu
1740 1784 1779 1853 in
1802 1807 1921 1853 ,mem
1946 1785 2038 1854 saepo
2094 1782 2163 1878 quq
2185 1780 2297 1853 „gub

274 1863 378 1933 vultu
401 1874 436 1931 et
460 1859 604 1930 sordida
623 1860 931 1930 vesteostendens.
981 1850 1152 1926 Ostendit
1168 1855 1263 1924 enim
1316 1838 1852 1981 eosqongotgmpooedocuem
1894 1837 2206 1978 “compagem
2220 1880 2298 1954 ego,

275 1964 345 2033 vita
364 1961 561 2032 communis
575 1983 681 2052 quam
698 1982 777 2028 rara
792 1958 838 2028 sit
854 1982 918 2051 pro
934 1956 1070 2047 magnis
1086 1956 1264 2028 beneficiis
1316 1988 1421 2062 dium
1449 1989 1583 2064 oeulos·
1642 1988 1744 2060 Talis
1773 1941 1885 2080 mapsa
1916 1985 2069 2060 fideliter
2096 1984 2298 2058 docem-gu,

273 2064 464 2154 gratitudo.
524 2060 685 2131 Primum
703 2085 809 2154 quam
826 2059 977 2151 turpiter
993 2059 1123 2149 ingrati
1141 2081 1264 2177 omnes
1314 2112 1416 2185 ,nepe
1440 2091 1612 2163 ,eddqm
1661 2089 1769 2162 Addo
1791 2104 1827 2162 e,
1845 2088 2086 2162 „magonem
2104 2091 2152 2159 de
2170 2082 2297 2182 hwa,

273 2186 397 2237 sumus
412 2162 507 2248 Deo,
533 2161 633 2232 cuius
654 2161 824 2233 beneficia
843 2161 883 2231 in
902 2161 1134 2231 fabricatione
1149 2173 1264 2232 nostrr
1315 2192 1455 2285 ingrato
1485 2191 1654 2263 memoria
1683 2194 1827 2285 dignam
1885 2215 1976 2287 qu„
2007 2192 2105 2286 ,pud
2134 2189 2297 2263 &nm

274 2265 452 2359 torporis,
493 2264 532 2339 iu
559 2263 753 2333 donatione
779 2264 893 2348 vitae,
923 2264 961 2332 in
992 2263 1161 2334 missione
1188 2262 1264 2348 filii,
1315 2309 1422 2367 em
1470 2290 1662 2387 ppfflpppus
1684 2247 2034 2366 Macedo’audaoem
2064 2292 2220 2365 mmm
2241 2286 2297 2361 h,

273 2366 506 2460 patefactione
521 2364 720 2449 doctrinae,
745 2364 954 2436 collectione
971 2360 1168 2450 Ecclesiae,
1194 2389 1266 2434 nn·
1315 2399 1395 2469 bui,
1410 2402 1419 2417 ·
1437 2421 1543 2491 quem
1559 2411 1601 2467 u,
1618 2392 1764 2467 haber„
1782 2396 2093 2490 obsequentium
2109 2395 2149 2467 3„
2164 2394 2297 2489 pedm,

149 2517 154 2523 .
274 2467 461 2541 tricatione
482 2481 516 2536 et
539 2467 678 2536 assidua
700 2466 938 2559 protectione,
963 2480 1092 2563 quotus
1114 2466 1265 2562 quisque
1313 2500 1377 2580 153,
1402 2451 1536 2591 beleun
1558 2499 1692 2569 maio„
1713 2499 1871 2591 praemi,
1895 2499 1994 2570 Μὴ
2016 2520 2121 2592 qm
2141 2496 2295 2567 mm·

273 2570 330 2641 ”²¹
346 2568 501 2641 “mim
516 2565 726 2642 ‘⁰¹¹⁵id‘m'
1314 2599 1406 2673 Cum
1431 2614 1547 2672 autem
1565 2601 1603 2670 in
1620 2625 1721 2671 saeva
1738 2613 1943 2692 tempestate
1956 2598 2110 2672 misisset
2122 2620 2205 2669 eum
2218 2618 2295 2688 spe-

377 2697 605 2797 Alphonsum
621 2700 755 2793 Regem
771 2698 1045 2795 Neapolitanum
1070 2706 1263 2796 sapientem
1315 2704 1471 2774 culatum
1488 2703 1565 2772 loca
1580 2704 1774 2796 quaedam,
1798 2704 1941 2773 rediens
1956 2701 2061 2772 miles
2077 2699 2293 2791 namagtnn

273 2804 477 2898 Principem
508 2816 672 2890 narrant,
702 2804 734 2874 si
760 2807 903 2898 quando
929 2806 1039 2877 iratus
1061 2808 1131 2878 fuit
1155 2809 1264 2880 alicui
1313 2806 1417 2888 lacit,
1441 2818 1476 2877 et
1497 2805 1536 2873 in
1559 2805 1651 2875 mari
1669 2805 1847 2899 periisset,
1873 2804 1943 2875 nisi
1960 2799 2293 2875 rusticnsinritino

273 2909 431 2997 ingrato,
455 2906 599 2978 solitum
618 2928 691 2976 sese
708 2907 754 2976 ab
769 2906 867 2977 illius
881 2908 1141 3000 vituperatione
1157 2934 1262 2981 revo-
1313 2910 1449 2994 littore,
1474 2920 1660 2999 conspecto
1675 2907 1772 2978 illius
1788 2906 1956 3000 periculo,
1983 2927 2137 2997 propere
2151 2903 2192 2975 in
2204 2926 2294 3001 cyrn-

273 3032 363 3089 care,
384 3003 439 3078 his
455 3008 588 3079 verbis:
613 3003 690 3097 Ego
706 3033 788 3078 vero
804 3033 868 3080 cur
881 3005 989 3082 huius
1006 3011 1129 3103 culpae
1143 3026 1262 3085 tanto·
1312 3013 1394 3081 bam
1411 3008 1665 3095 descendisset,
1690 3023 1724 3081 et
1740 3033 1820 3079 eum
1837 3010 1924 3079 dum
1942 3008 2036 3078 inter
2050 3007 2185 3105 fluctus
2196 3006 2293 3077 iacta·

272 3134 356 3203 pere
375 3131 580 3194 succenseo,
606 3110 670 3201 qui
692 3133 806 3179 meam
831 3135 992 3183 accusare
1015 3114 1133 3204 potius
1153 3116 1262 3186 debe·
1312 3127 1373 3184 tur
1398 3111 1599 3204 excepisset.
1661 3107 1823 3204 Cumque
1849 3108 2096 3181 semianimem
2122 3108 2163 3179 in
2181 3104 2289 3179 vitan

271 3236 366 3296 mm,
391 3235 472 3282 cum
487 3209 564 3280 Deo
583 3211 696 3280 multo
714 3212 825 3300 magis
841 3213 998 3304 ingratus
1013 3215 1098 3295 sim,
1124 3217 1187 3309 qui
1202 3218 1261 3286 in·
1311 3236 1411 3285 snam
1442 3213 1608 3294 vexisset,
1641 3212 1762 3282 triduo
1791 3236 1872 3283 eum
1900 3211 2056 3287 officiose
2083 3222 2289 3296 renutat

270 3312 507 3383 numerabilia
521 3313 617 3382 bona
631 3309 723 3381 mihi
739 3313 876 3387 tribuit.
927 3313 999 3385 Sed
1015 3341 1194 3404 oroenm,
1219 3332 1261 3389 ut
1311 3328 1506 3386 recreatum
1537 3315 1666 3385 viatico
1700 3315 1856 3386 instruit.
1918 3310 1983 3382 llle
2010 3313 2288 3407 discedensprs-

215 3486 229 3501 ,
272 3410 338 3484 hae
366 3413 587 3483 confessione
611 3436 709 3483 meae
730 3414 854 3505 culpae
877 3415 1041 3489 leniatur.
1101 3415 1181 3489 Hoc
1204 3443 1260 3490 sa-
1311 3417 1419 3487 mittit
1435 3441 1472 3486 se
1489 3417 1699 3486 heneficium
1717 3417 1793 3486 eius
1808 3414 1899 3505 Regi
1915 3415 2206 3507 praedicaturum
2218 3434 2287 3494 esst,

270 3514 485 3605 pientissimi
498 3512 607 3603 Regis
624 3515 822 3603 exemplum
839 3538 940 3607 saepe
954 3520 1198 3601 recordemur,
1225 3535 1260 3592 et
1311 3534 1344 3590 et
1368 3519 1605 3611 perfecturum
1626 3531 1667 3589 ut
1688 3518 1718 3587 ei
1743 3517 1854 3609 gratia
1877 3517 2061 3590 reseratur.
2123 3514 2285 3590 nevam

271 3628 429 3685 nostram
445 3614 738 3703 ingratitudinem
752 3616 988 3706 deploremus.
1039 3618 1181 3709 Singuli
1197 3623 1260 3693 de·
1310 3621 1354 3690 ad
1370 3615 1580 3710 Philippum
1603 3634 1725 3691 narrat
1745 3619 1987 3710 naufragium,
2013 3618 2191 3701 beneficia
2209 3618 2283 3689 tite

271 3718 356 3786 inde
392 3729 555 3807 parentes
585 3729 720 3785 vestros
754 3716 985 3806 intueamini,
1029 3735 1064 3791 et
1100 3718 1258 3813 cogitetis
1308 3723 1437 3794 ratoris
1449 3721 1504 3792 sui
1519 3734 1632 3793 astute
1647 3722 1819 3803 occultat,
1846 3735 1881 3794 et
1895 3732 1936 3792 ut
1950 3733 2090 3792 norunt
2102 3721 2206 3793 aulas
2217 3741 2281 3790 rer·

269 3830 403 3912 quanta
426 3839 481 3886 res
498 3817 543 3886 sit
559 3812 697 3915 στοργὴ
713 3816 751 3885 ἰιι
768 3820 934 3891 cordibus
949 3845 1072 3891 eorum
1087 3846 1168 3912 erga
1183 3849 1257 3908 vos,
1308 3848 1386 3895 sum
1400 3821 1567 3894 Hesiodi:
2197 3850 2202 3859 ·

269 3932 403 4013 quanta
424 3917 646 4003 sollicitudo,
672 3933 844 4012 quantum
863 3923 1024 3993 laborum
1042 3940 1075 3995 et
1091 3927 1256 3997 dolorum
1404 3920 1503 3996 attur
1524 3917 1581 3986 οὐκ
1601 3917 1709 4004 ἀγαθὴ
1733 3917 1919 4004 apparetur
1942 3917 2045 4004 ἄνδρα
2065 3918 2195 4001 tortiles

267 4020 308 4090 in
331 4020 559 4106 educatione,
585 4020 624 4089 in
645 4021 801 4106 morbis,
828 4035 861 4094 et
882 4024 961 4093 aliis
986 4027 1161 4116 periculis.
1213 4027 1255 4097 ln
1307 4027 1487 4100 Audacter
1510 4028 1624 4120 poscit
1646 4050 1710 4118 pro
1734 4027 1856 4098 labore
1875 4027 2093 4118 praemium,
2116 4039 2154 4098 ct
2176 4037 2277 4097 namt

266 4117 335 4192 hac
358 4122 638 4193 consideratione
662 4123 820 4193 saniores
842 4147 963 4197 omnes
988 4128 1090 4198 valde
1109 4130 1255 4220 pudebit
1306 4131 1346 4200 in
1366 4155 1408 4201 eo
1428 4131 1547 4200 littore
1572 4129 1695 4199 villam
1719 4151 1810 4212 esse,
1844 4142 2146 4223 quam-tanquam
2166 4150 2276 4200 monn·

266 4222 535 4313 ingratitudinis
556 4247 650 4297 suae.
707 4223 852 4312 Quanta
873 4230 1094 4300 contumacia
1117 4244 1169 4303 est
1191 4233 1256 4302 ad·
1305 4245 1465 4302 mentum
1489 4230 1545 4301 sui
1567 4230 1715 4322 periculi
1741 4230 1811 4300 sibi
1834 4229 1962 4300 donari
1980 4230 2081 4322 petit.
2133 4226 2214 4303 Rex
2226 4230 2274 4299 do

267 4346 389 4393 versus
409 4322 656 4412 Magistratus,
681 4323 844 4397 Pastores
858 4323 1096 4401 Ecclesiarnm
1119 4348 1154 4406 et
1167 4333 1256 4402 fide·
1305 4347 1367 4407 nat
1384 4346 1419 4405 et
1433 4332 1543 4403 mittit
1558 4346 1798 4425 quaestorem,
1823 4331 1886 4426 qui
1899 4332 1931 4402 ei
1948 4331 2207 4424 possessionem
2220 4344 2274 4402 tra·

265 4423 318 4492 les
341 4422 521 4497 Doctores.
588 4423 737 4496 Miserat
757 4425 886 4500 Carolo
909 4435 1035 4521 ltlagno
1059 4430 1255 4524 lmperato'r
1305 4437 1377 4510 dat.
1428 4432 1535 4504 Dolet
1550 4458 1585 4504 se
1600 4434 1752 4505 rusticus
1768 4457 1809 4503 ex
1824 4456 1890 4504 suo
1903 4447 1939 4506 et
1952 4434 2130 4505 maiorum
2147 4452 2283 4505 suorum·
2328 4496 2330 4507 .

264 4521 683 4615 Constantinopolitanus
704 4527 798 4599 inter
816 4532 885 4604 alia
903 4535 997 4625 regia
1012 4536 1105 4606 dona
1120 4537 1253 4607 librum
1303 4538 1417 4607 fundo
1441 4536 1587 4627 expelli,
1612 4535 1812 4629 etquidem
1834 4533 2274 4607 benemeritumdemilite
2328 4527 2330 4534 ’

263 4622 430 4721 Dionysii
451 4649 613 4717 graecum
644 4643 805 4701 accurate
830 4634 1016 4725 scriptum,
1060 4637 1127 4710 luit
1157 4639 1251 4708 enim
1302 4634 1462 4731 Exponit
1485 4638 1594 4728 igitur
1608 4635 1797 4726 Quaestori
1819 4635 1991 4724 integram
2013 4636 2098 4708 facti
2115 4634 2275 4709 narratic-
2328 4624 2330 4639 ¹

264 4727 352 4797 olim
368 4725 522 4818 Regium
546 4727 628 4800 talia
651 4729 763 4811 dona,
789 4745 826 4804 et
845 4734 969 4808 dantes
992 4751 1025 4809 et
1042 4738 1253 4833 accipientes
1303 4763 1404 4824 nem,
1430 4763 1536 4832 quam
1560 4739 1681 4825 miles,
1704 4739 1787 4832 quia
1808 4761 1935 4828 negare
1958 4762 2032 4809 non
2055 4751 2213 4830 poterat,
2233 4737 2274 4807 h·

263 4828 509 4919 magnifacere.
572 4827 677 4901 Nunc
704 4846 837 4926 quanta
866 4835 913 4906 sit
945 4835 1051 4912 huius
1080 4843 1252 4934 temporis
1303 4856 1397 4913 tetur
1420 4865 1538 4911 veram
1562 4863 1645 4911 esse.
1703 4838 1832 4911 Censet
1855 4840 1963 4929 igitur
1987 4837 2168 4929 Quaestor
2188 4861 2274 4911 anan·

262 4929 466 5015 barbaries,
491 4954 612 5002 recens
626 4935 825 5025 exemplum
843 4942 1008 5016 ostendit.
1058 4939 1251 5013 Nonenim
1302 4946 1384 5014 data
1408 4943 1604 5012 dillerenda
1627 4963 1719 5026 esse,
1745 4953 1781 5011 et
1801 4940 1899 5011 iubet
1913 4955 2093 5034 utrunque
2108 4940 2272 5015 usumsd

261 5033 377 5103 multo
398 5045 479 5103 ante
503 5047 653 5104 mortem
669 5033 822 5129 inclytus
836 5034 914 5108 Rex
926 5037 1062 5113 Daniae
1077 5040 1252 5117 Christis·
1300 5041 1433 5134 Regem
1459 5043 1641 5134 proficisci.
1708 5041 1822 5112 Audit
1843 5040 1923 5114 Rex
1938 5045 2159 5133 possessoris
2182 5040 2273 5115 mui-

261 5155 331 5203 nus
361 5132 459 5203 misit
489 5146 695 5205 automaton
723 5151 928 5228 argenteum
949 5158 1111 5216 motuum
1135 5146 1251 5217 coele·
1301 5160 1397 5231 tum,
1421 5159 1455 5216 et
1476 5145 1632 5215 officium
1658 5142 1733 5213 eins
1752 5142 1894 5229 laudat,
1917 5157 1952 5216 et
1975 5144 2076 5215 iubet
2097 5169 2181 5217 eurn
2201 5141 2273 5217 reti·

262 5234 387 5316 stium,
414 5248 448 5306 et
461 5234 648 5305 artificiose
664 5236 814 5322 sactum,
839 5244 885 5312 ad
901 5239 1250 5317 DucemMoscovio-
1300 5270 1386 5317 nere
1408 5246 1549 5332 villam,
1574 5269 1664 5339 quae
1686 5258 1721 5314 et
1743 5245 1895 5315 maiores
1912 5245 2023 5335 ipsius
2039 5259 2077 5318 et
2093 5247 2210 5340 ipsum
2223 5268 2272 5317 rs-

324 1321 412 1406 Quae
428 1336 458 1387 ts
472 1339 508 1385 ut
521 1323 674 1405 poeniteat
694 1317 856 1400 postmodo
870 1318 944 1380 faeti
955 1317 1047 1379 faciet
1062 1319 1117 1378 tui.

143 5350 148 5359 ·
261 5357 361 5419 rum,
393 5349 434 5407 ut
463 5337 672 5424 nominant,
704 5352 847 5413 acturus
877 5346 922 5416 de
950 5371 1034 5439 pace
1064 5345 1250 5426 Lisoniae.
1298 5348 1434 5443 gientes
1449 5362 1639 5442 exceperat.
1702 5344 1858 5429 M'ditem
1875 5347 1974 5421 iubet
1990 5372 2071 5419 cum
2088 5347 2271 5440 ignominis
