4680 6038
73 226 149 304 111
340 216 345 231 ·
762 212 803 310 1.·
836 222 1404 310 onaourcoucsnroms.
1819 324 1822 329 ,
2014 199 2099 319 rsa

174 400 266 474 Cum
290 396 431 474 Amasis
453 403 624 475 tenuisset
640 399 790 497 Aegypti
822 426 971 496 regnum
993 426 1059 474 an·
1109 399 1213 491 plena
1226 401 1295 474 suit
1308 398 1490 501 Aegyptus
1506 414 1768 488 teterrimorum
1782 412 1983 503 1111111111,-
2005 419 2086 495 ideo

69 527 140 576 nos
168 507 400 599 quadraginta
429 521 599 599 quatuor,
633 518 674 576 ut
698 505 821 575 scribit
843 504 1060 589 Herodotus,
1108 503 1241 573 crebris
1254 510 1511 582 mutationibus
1525 517 1637 605 regni,
1661 531 1697 589 et
1712 520 1819 590 variis
1834 522 2089 596 calamitatibus

71 607 237 680 successit
252 608 346 678 filius
360 601 717 693 Psammcnt'tus,
743 601 810 677 hoc
824 621 893 694 est,
918 608 1059 703 clypeus
1105 605 1231 694 punita
1245 621 1308 682 est.
1357 608 1551 706 Postquam
1566 632 1683 689 autern
1696 622 1740 689 de
1752 617 1950 711 Chaldaeis,
1975 624 2086 720 Assy-

68 710 281 793 inclinatus,
307 711 368 804 qui
383 734 464 780 cum
484 735 541 781 sex
562 732 700 781 menses
719 723 913 798 regnasset,
937 723 1058 803 raptus
1107 706 1169 776 riis
1190 721 1224 778 et
1247 705 1430 805 Aegyptiis
1453 716 1630 806 diximus,
1663 721 1703 790 in
1720 723 1850 816 quibus
1864 727 1980 816 regnis
1996 740 2086 797 tem·

69 824 124 882 est
145 835 165 880 a
189 809 382 907 Cambyse,
415 836 495 904 rege
516 811 677 896 Persico,
712 824 745 881 et
767 811 952 905 aliquanto
977 824 1058 902 post
1106 832 1192 900 pore
1220 811 1355 902 primae
1389 813 1616 891 monarchiae
1645 824 1779 894 multae
1805 829 2020 898 mutationes
2050 841 2087 900 et

68 912 285 983 interiectus.
337 914 500 1008 Suntque
515 915 608 1005 apud
632 912 853 983 Herodotum
872 917 916 984 de
932 912 1055 983 Psam·
1104 911 1315 983 vastationes
1344 918 1559 991 acciderunt.
1617 921 1722 995 Nunc
1744 950 1866 998 rursus
1894 930 1938 999 de
1961 929 2085 1022 politia

66 1016 205 1086 menito
228 1009 296 1087 hae
326 1019 564 1100 narrationes,
596 1016 724 1106 dignae
745 1016 932 1085 memoria:
963 1014 1055 1087 Cum
1105 1008 1213 1083 lsrael
1229 1015 1405 1105 dicemus,
1430 1032 1465 1090 et
1488 1023 1644 1094 breviter
1662 1027 1856 1118 catalogum
1873 1027 2036 1102 iudicum
2049 1044 2086 1104 et

65 1116 142 1187 lilia
165 1119 354 1189 duceretur
378 1118 471 1190 iuter
494 1119 649 1210 captivas
665 1117 786 1188 servili
804 1112 947 1199 habitu,
968 1118 1054 1187 mis-
1102 1110 1241 1204 Regum
1267 1116 1477 1191 inseremus:
1510 1148 1592 1195 narn
1615 1150 1671 1196 res
1685 1143 1800 1216 gestae
1814 1132 1982 1220 legendae
2000 1145 2085 1205 sunt

69 1241 126 1288 sas
140 1220 184 1288 ad
199 1242 327 1313 aquam
344 1221 546 1307 serendam,
569 1221 660 1291 sedit
682 1232 780 1312 pater
797 1215 1054 1289 Psammenitns
1102 1215 1141 1284 in
1168 1213 1374 1309 prophetica
1403 1218 1570 1312 historia,
1600 1242 1634 1299 et
1657 1230 1763 1301 simul
1786 1232 2083 1305 considerandum

67 1321 165 1392 inter
191 1334 329 1414 captos,
368 1322 493 1393 videns
526 1335 807 1416 praetereuntem
838 1321 968 1407 filiam,
1014 1344 1054 1390 ac
1100 1330 1169 1398 est,
1197 1321 1313 1412 qualis
1335 1322 1387 1392 ibi
1410 1324 1517 1396 luerit
1545 1323 1720 1417 Ecclesia,
1746 1330 1849 1422 Quae
1871 1334 2083 1407 sint'aDeo

65 1422 212 1493 caeteris
235 1424 459 1514 plorantibus
485 1424 559 1517 ipse
590 1425 716 1496 tacitus
738 1424 847 1509 sedit,
878 1424 991 1494 oculis
1014 1423 1052 1491 io
1099 1418 1252 1492 illustria
1268 1423 1470 1497 testimonia
1491 1441 1648 1511 ostensa,
1676 1431 1748 1522 Qui
1763 1430 1963 1527 Prophetae
1983 1435 2083 1505 missi

66 1537 199 1595 terram
221 1525 355 1595 defixis.
400 1524 526 1599 Postea
541 1551 621 1599 cum
637 1527 732 1596 filius
757 1528 946 1597 duceretur
960 1525 1053 1595 inter
1099 1520 1190 1602 sint,
1218 1521 1319 1613 Quae
1333 1527 1443 1600 suerit
1456 1530 1567 1599 sorma
1584 1533 1865 1621 gubernationis,
1891 1534 2083 1626 Quomodo

64 1638 222 1697 caeteros
239 1628 521 1715 interficiendus,
547 1628 637 1698 sedit
654 1630 777 1700 eodem
793 1628 899 1698 modo
914 1628 1051 1702 tacitus,
1098 1624 1240 1695 defensa
1263 1626 1308 1697 sit
1327 1627 1454 1719 politia
1478 1630 1588 1703 lsra'e'l
1610 1646 1755 1727 propter
1770 1633 1982 1724 Ecclesiam,
2007 1662 2081 1708 non

63 1724 152 1798 Post
171 1723 236 1798 hos
258 1754 337 1799 cum
360 1730 544 1801 familiaris
570 1731 715 1825 quidam
747 1731 936 1800 duceretur
959 1730 1052 1799 inter
1099 1718 1264 1796 humanis
1292 1730 1470 1812 consiliis,
1503 1735 1562 1801 scd
1590 1730 1717 1806 aDeo
1745 1738 1896 1809 subinde
1925 1740 2081 1810 excitatis

63 1829 243 1921 captivos,
276 1833 416 1923 plorare
447 1846 481 1903 et
509 1847 614 1926 caput
634 1833 740 1903 ferire
768 1832 895 1923 coepit.
954 1829 1051 1900 Haec
1097 1827 1269 1914 ducibus,
1301 1831 1395 1903 sicut
1419 1846 1453 1902 et
1475 1830 1665 1908 Zacharias
1690 1840 1792 1908 dicit:
1819 1838 1901 1910 Non
1923 1840 1961 1909 in
1983 1864 2081 1910 exer-

63 1954 144 2000 cum
167 1933 472 2005 animadvertisset
494 1931 705 2029 Cambyses,
730 1932 943 2023 interrogari
968 1957 1049 2002 eum
1097 1927 1191 2014 citu,
1224 1954 1299 2000 non
1323 1932 1362 2001 in
1383 1936 1532 2023 robore,
1563 1939 1692 2032 sedin
1715 1938 1854 2033 Spiritu
1870 1965 1971 2027 mco,
1995 1941 2082 2013 die-it

61 2031 185 2114 iussit,
218 2058 282 2104 cur
306 2059 402 2104 nunc
424 2034 599 2127 ploraret,
624 2060 704 2107 curn
728 2048 830 2105 antea
852 2034 977 2105 tacitus
992 2034 1049 2102 vi·
1095 2023 1296 2107 Dominus.

61 2134 172 2205 disset
204 2137 287 2206 duci
316 2137 424 2205 filiam
456 2152 489 2208 et
525 2137 664 2207 tilium?
714 2135 934 2228 Respondit,
972 2133 1050 2206 Do-

60 2237 309 2307 mesticamala
324 2239 459 2307 maiora
476 2261 549 2308 esse
572 2238 755 2332 lacrymis,
780 2239 840 2308 scd
865 2238 971 2307 amici
990 2262 1047 2307 ca·
1326 2264 1497 2334 gagfe„
1525 2271 1669 2357 mub-
1697 2271 1852 2344 pum·

60 2334 256 2407 lamitatem
279 2361 381 2429 posse
403 2339 568 2434 lacrymis
593 2339 798 2431 significari.
847 2336 963 2411 Aiunt
985 2362 1049 2408 au·

59 2450 154 2523 tem,
176 2437 348 2511 Croesum
363 2441 425 2534 qui
438 2442 546 2512 simul
561 2442 694 2527 adfuit,
719 2453 753 2511 et
763 2438 947 2533 Principes
960 2440 1048 2511 Per·

58 2538 152 2608 sicos
168 2540 423 2635 illacrymasse,
449 2556 485 2613 ct
500 2541 698 2636 Cambysen
713 2541 954 2612 misericordia
968 2565 1048 2611 mo·

1196 2397 1288 2472 Cum
1302 2398 1328 2471 Ι
1334 2401 1468 2475 srae'l
1472 2404 1569 2476 itae
1587 2411 1820 2503 quadraginta
1835 2437 1948 2484 annos
1964 2415 2002 2485 in
2017 2417 2079 2486 de-

1094 2512 1187 2599 serto
1203 2501 1372 2589 fuissent,
1401 2502 1584 2578 Moises
1608 2513 1777 2598 moritur,
1812 2517 2078 2608 quadragesimo

57 2653 136 2711 turn
163 2640 304 2712 iussisse
335 2643 450 2715 filium
477 2644 510 2715 ei
542 2644 682 2715 restitui
707 2644 933 2715 incolumem.
987 2639 1045 2714 Ad
1093 2624 1188 2671 ³⁰⁰⁰
1204 2617 1284 2694 9⁰⁸¹
1301 2607 1432 2677 ‘xitum
1450 2632 1490 2678 ⁹¹
1506 2605 1686 2704 Aegypm’
1713 2616 1951 2689 cumviffl'el
1966 2641 2079 2691 ΜΟ·

57 2764 165 2834 quern
188 2745 429 2814 reducendum
452 2770 533 2817 curn
558 2747 682 2818 nuncii
707 2746 949 2830 mitterentur,
975 2745 1046 2814 iam

56 2844 263 2914 adolescens
279 2846 484 2918 interlectos
499 2861 587 2917 erat.
640 2846 712 2940 lpsi
733 2861 850 2918 tamen
865 2845 1046 2916 Psamme-
1194 2822 1931 2928 11¹¹l⁶⁸¹¹⁰⁰²⁸⁸ll1⁰⁸⁸&(llllslllldux
1953 2837 2079 2931 P⁰P¹¹li

56 2944 137 3016 nito
150 2959 237 3018 tunc
254 2947 361 3016 vitam
377 2949 524 3018 donavit
537 2945 745 3045 Cambyses,
772 2961 806 3020 et
820 2961 895 3018 erat
916 2949 948 3017 ei
964 2950 1046 3018 red·
1093 2919 1222 3007 lffllils
1248 2949 1362 2996 ³⁰⁰⁰⁸
1379 2929 1524 3019 11111013
1540 2934 1639 3002 111108·

1093 2717 1234 2773 centum
1251 2721 1285 2779 et
1298 2707 1438 2797 viginti.

55 3047 198 3117 diturus
214 3045 436 3143 Aegyptum,
459 3063 501 3122 ut
523 3074 601 3121 earn
623 3064 791 3143 tanquam
810 3049 927 3140 regius
945 3072 1046 3141 prae-
1193 3040 1277 3113 Non
1306 3045 1375 3116 luit
1402 3060 1519 3116 autem
1552 3051 1724 3122 successio
1746 3053 1878 3124 ducum
1909 3081 1951 3127 ex
1982 3074 2077 3133 certe

54 3147 170 3218 fectus
190 3151 414 3241 gubernaret.
472 3149 544 3222 Sed
573 3176 654 3222 cnm
676 3150 937 3221 Psammenitus
971 3174 1045 3219 non
1091 3144 1218 3236 stirpe,
1243 3158 1306 3216 aut
1329 3147 1454 3216 electio
1476 3149 1564 3221 certi
1584 3148 1752 3237 Senatus,
1783 3156 1846 3227 sed
1867 3158 1965 3230 velut
1987 3157 2075 3232 Ari·

52 3249 271 3345 quiesceret,
304 3266 339 3324 et
361 3251 567 3324 sollicitaret
590 3249 784 3346 Aegyptios
806 3253 851 3322 ad
875 3251 1046 3323 delectio·
1090 3245 1255 3317 stocratia
1278 3259 1353 3317 erat
1376 3245 1567 3320 Seniorum
1591 3252 1629 3320 in
1651 3254 1800 3343 singulis
1822 3257 2007 3353 tribubus,
2040 3275 2075 3334 et

52 3374 159 3441 netu,
183 3353 286 3425 iussit
302 3378 383 3425 eum
401 3371 519 3447 postea
535 3352 723 3449 Cambyses
744 3353 905 3424 interfici.
1089 3370 1226 3419 1111111111
1243 3348 1415 3420 1111011118
1432 3364 1508 3421 ml
1530 3352 1617 3442 11111
1640 3338 1801 3437 (filinae,
1833 3380 1939 3452 quam
1959 3385 2076 3434 sacer-

158 3452 333 3549 Deinceps
356 3457 556 3552 Aegyptum
580 3458 806 3527 retinuerunt
826 3453 958 3526 Persici
987 3478 1045 3524 re-
1090 3451 1191 3520 dotes
1212 3449 1373 3541 quotidie
1394 3452 1587 3539 docebant,
1611 3450 1659 3528 Et
1682 3451 1721 3525 hi
1736 3460 2013 3534 consulebantur
2029 3466 2075 3535 ds

52 3579 116 3649 ges
138 3581 252 3652 usque
275 3561 320 3628 ad
334 3555 484 3628 Darium
504 3552 682 3643 Nothum,
708 3557 809 3629 cuius
833 3581 928 3627 anno
946 3568 1043 3627 sexto
1090 3550 1307 3643 gravissimis
1328 3552 1500 3643 negociis,
1530 3554 1634 3626 utin
1658 3558 1940 3632 Deuteronomio
1971 3586 2074 3636 man·

50 3659 248 3756 Amyrteus
273 3660 387 3731 Saites
402 3661 529 3731 deiecit
551 3685 571 3730 a
592 3658 727 3746 Persis,
759 3673 795 3731 et
821 3660 861 3729 in
882 3655 1043 3752 Aegypto
1089 3656 1211 3723 datum
1247 3666 1333 3724 1111.
1404 3650 1457 3725 lta
1498 3650 1561 3725 tex
1594 3652 1677 3727 Dei
1711 3672 1787 3731 erat
1827 3663 1991 3747 domina,
2037 3679 2074 3739 et

51 3763 228 3851 regnavit.
278 3757 327 3832 Et
342 3775 422 3854 post
441 3757 538 3833 hunc
560 3757 787 3853 Nepherites,
813 3756 984 3846 Arboris,
1009 3773 1043 3831 et
1089 3754 1217 3825 rectrix
1251 3748 1359 3825 huius
1392 3756 1535 3846 populi,
1570 3781 1636 3829 nee
1667 3761 1855 3855 quisquam
1887 3767 2073 3857 appetebat

49 3862 276 3936 Nectsnebos
300 3866 401 3956 prior
427 3878 462 3934 et
489 3864 684 3956 posterior,
716 3886 823 3958 quem
845 3862 980 3954 expulit
1001 3885 1042 3930 ex
1089 3879 1259 3946 regnum,
1284 3857 1367 3949 quia
1390 3858 1565 3944 sciebant,
1589 3854 1686 3930 hunc
1701 3864 1873 3954 populum
1889 3859 1970 3933 Des‘
1988 3890 2073 3955 esse,

48 3988 164 4059 reguo
186 3965 349 4039 Persicus
381 3990 443 4036 rex
466 3960 610 4050 Ochos,
642 3966 705 4059 qui
727 3964 866 4039 Sidone
896 3963 1041 4035 incensa
1089 3971 1125 4029 et
1148 3981 1168 4028 a
1188 3951 1273 4025 Deo
1293 3959 1449 4050 protegi,
1480 3983 1545 4031 nec
1567 3955 1732 4031 humanis
1747 3964 1906 4034 consiliis
1918 3966 2072 4038 sormam

46 4089 258 4163 progressus
281 4068 503 4161 recuperavit
525 4066 737 4162 Aegyptum.
799 4064 954 4156 Fugiens
977 4088 1043 4136 au·
1088 4057 1356 4151 gubernationis
1384 4084 1514 4130 novam
1545 4062 1829 4133 constituendam
1857 4088 1948 4153 esse,
1979 4068 2071 4142 sicut

48 4182 127 4243 11111
149 4169 371 4242 11111111111
401 4170 441 4240 iu
470 4164 722 4265 Aethiopiam,
753 4169 835 4241 exul
859 4169 914 4238 ibi
944 4191 1042 4238 mor·
1090 4160 1238 4233 Gedeon
1260 4160 1395 4254 inquit:
1428 4159 1510 4230 Non
1532 4162 1747 4235 dominabor
1765 4166 1891 4253 vestri,
1916 4192 1982 4240 nec
2003 4171 2070 4241 do·

47 4285 138 4347 tuus
153 4286 216 4345 est.
1087 4263 1283 4333 minabitur
1296 4262 1404 4333 vestri
1420 4262 1514 4332 filius
1529 4286 1648 4345 meus,
1673 4267 1732 4337 sed
1750 4267 1994 4340 dominabitur
2008 4295 2070 4343 ve.

154 4373 296 4446 Deinde
314 4386 395 4467 post
418 4394 533 4445 anuos
556 4372 632 4444 iere
653 4370 781 4465 viginti
803 4384 971 4465 occupata
989 4381 1041 4441 est
1067 4365 1153 4436 stri
1188 4359 1390 4434 Dominus.
1463 4362 1524 4435 Sic
1560 4364 1733 4438 divinitus
1775 4385 1980 4444 conservata
2017 4387 2070 4447 111

48 4472 236 4573 Aegyptus
258 4478 304 4547 ab
320 4472 545 4561 Alexandro,
570 4488 780 4570 postquem
803 4475 943 4547 1111111
958 4469 1041 4541 Μ1-
1087 4462 1175 4537 haec
1197 4465 1430 4537 Aristocratia
1452 4488 1565 4537 annos
1586 4481 1666 4560 post
1688 4466 1792 4541 losue
1813 4485 1987 4545 1111111111
2010 4475 2068 4544 vi-

46 4580 223 4652 cedonics
244 4579 356 4670 stirpe
378 4600 476 4668 reges
489 4575 643 4672 Aegypti
659 4577 823 4658 luerunt,
847 4577 894 4647 de
908 4574 1040 4671 quibus
1087 4567 1177 4659 ginti
1197 4568 1373 4662 quinque,
1399 4568 1575 4662 usquead
1599 4583 1747 4643 mortem
1769 4567 1841 4645 Eli.
1891 4571 2069 4648 Excitavit

46 4679 148 4754 inira
162 4682 320 4752 dicemus
336 4679 373 4748 in
390 4679 494 4751 tertia
509 4673 730 4749 monarchis.
1086 4685 1203 4742 autem
1226 4670 1327 4740 Deus
1348 4669 1437 4739 alias
1457 4669 1582 4739 exalia
1606 4672 1703 4743 tribu
1717 4672 1859 4743 11111111
1880 4676 2004 4759 duces,
2025 4687 2068 4748 ut

155 4782 261 4855 Nunc
293 4795 451 4867 veterum
479 4802 604 4870 regum
627 4776 885 4875 Aegyptiorum
906 4773 1038 4847 catalo-
1085 4774 1303 4856 ostenderet,
1328 4772 1451 4842 divina
1474 4773 1633 4863 potentia
1654 4774 1775 4864 colligi
1790 4786 1825 4845 11
1847 4776 1978 4846 servari
1995 4772 2066 4849 Ec·

47 4908 137 4979 gum
167 4883 352 4968 contexui,
384 4895 425 4953 ut
452 4881 574 4976 aliquo
601 4883 710 4953 modo
735 4878 893 4972 conspici
915 4875 1038 4969 possit,
1085 4874 1244 4961 clesiam,
1278 4896 1344 4943 nec
1374 4872 1535 4942 foelicem
1559 4896 1633 4945 1111
1653 4875 1962 4964 gubernationem,
1995 4879 2066 4952 nisi

48 4988 232 5082 quomodo
247 4984 355 5055 series
370 5005 490 5054 rerum
507 4981 802 5078 Aegyptiacorum
823 4983 867 5051 ad
885 4978 1036 5072 primam
1082 4970 1168 5046 Deo
1189 4974 1342 5050 iuvante.
1393 4972 1511 5046 Simul
1534 4988 1651 5045 autem
1671 4975 1886 5047 defensionis
1910 4978 2066 5053 miracu·

49 5103 85 5162 et
103 5089 297 5161 secundam
319 5079 585 5168 monarchiam,
614 5100 650 5155 et
671 5086 718 5156 sd
740 5082 905 5176 politiam
928 5076 1036 5151 lsrael
1083 5076 1332 5149 latestimonia
1346 5076 1492 5147 suerunt
1507 5074 1554 5146 de
1571 5076 1731 5147 doctrina
1746 5073 1831 5149 huic
1852 5081 1977 5172 populi
1990 5094 2064 5151 tra-

10 5172 15 5223 ¹
48 5203 236 5283 congruat.
292 5182 471 5258 Excelluit
495 5197 614 5257 autem
638 5181 820 5281 Aegyptus
844 5182 981 5253 artibus
1001 5191 1037 5251 et
1081 5179 1175 5265 dita,
1208 5191 1243 5249 et
1271 5180 1502 5249 ostenderunt
1527 5177 1568 5248 in
1598 5173 1667 5247 hoc
1689 5180 1822 5272 populo
1850 5202 1931 5249 vere
1957 5182 2065 5253 luisse

10 5272 19 5329 ¹
48 5291 208 5384 legibus,
237 5302 273 5360 et
293 5287 550 5382 aliquantisper
577 5286 740 5359 1111111111
762 5279 889 5378 loseph
909 5278 1036 5354 Eccle-
1080 5274 1275 5352 Ecclesiam
1299 5275 1388 5360 Dei,
1421 5292 1457 5351 et
1479 5293 1698 5371 praesentem
1719 5280 1758 5351 in
1782 5303 1822 5353 ea
1845 5303 1920 5353 esse
1934 5277 2063 5358 Deum.

10 5376 139 5471 'siam
166 5392 221 5465 ibi
246 5390 478 5484 plantaverat.
533 5385 606 5469 Sed
636 5387 786 5485 reliquis
814 5382 1034 5481 temporibus
1080 5377 1134 5454 Ac
1148 5384 1255 5455 duces
1269 5393 1348 5475 post
1362 5379 1465 5453 losua
1479 5382 1642 5452 fuerunt:
1678 5408 1681 5412 ·
