4680 6038
171 216 254 291 sas
599 320 610 329 ‚
808 208 1079 325 ‚permeet
1105 212 1529 345 dresserum

277 385 340 460 64.
379 381 428 460 Et
451 379 582 462 166666.
604 384 667 457 20.
698 382 846 457 dicitur:
899 383 945 455 ln
974 384 1167 479 praeceptis
1217 392 1375 488 iusticia,
1397 432 1430 479 3,.
1447 416 1505 493 L„

171 503 314 584 patrum
337 503 534 560 vestrorum
554 488 668 559 nolite
691 476 870 573 incedere,
904 511 969 557 666
985 486 1167 557 idoliseo·
1217 488 1323 569 Nulla
1345 526 1439 577 6666
1460 458 1627 603 mxx
1705 508 1724 527 ”
1797 560 1802 577 .

170 619 254 665 rum
277 592 503 686 polluamini.
551 588 629 682 Ego
646 588 824 662 Dominus
837 587 935 663 Deus
956 603 1091 675 vester,
1123 586 1167 659 ln
1216 592 1300 667 Iesu
1316 604 1508 684 ambulant.

172 697 371 789 praeceptis
383 695 473 765 meis
488 695 679 769 ambulate.
1317 698 1380 775 60.
1419 703 1700 799 securem...
1744 778 1747 783 .

274 793 336 870 65.
377 795 438 868 Sic
461 797 566 868 initio
589 810 623 869 et
647 795 816 890 deinceps
834 793 969 868 'obruta
1003 808 1055 868 est
1083 816 1166 865 vera
1216 819 1335 867 errore
1365 818 1425 876 aut
1454 806 1593 882 levitate
1625 774 1788 917 arrrphhih
1819 792 1870 831 Ἦ

168 902 353 986 doctrina,
381 924 461 971 cum
476 899 679 991 superstitio
694 894 852 971 humana
873 901 1019 970 adderet
1041 910 1077 969 et
1097 896 1166 966 66-
1215 919 1377 990 pugnans
1409 926 1488 973 cum
1517 908 1744 995 fundament«.
1766 876 1867 1005 Ὗ,
1888 880 1925 987 ,²⁶

160 1016 267 1093 'geret
283 1026 397 1073 novos
415 1004 547 1088 cultus,
573 1026 667 1074 nova
682 1002 870 1088 sacrificia,
896 1015 931 1074 et
952 1001 1021 1073 alia
1046 1022 1165 1094 opera,
1216 1002 1308 1070 dunt
1330 998 1503 1092 Spiritum
1524 1023 1702 1102 sanctum,
1726 994 1763 1093 et'
1784 974 1977 1107 srihib'fflm'
2092 992 2102 1059 ἕ

168 1109 286 1176 donec
302 1118 440 1175 secutae
462 1118 546 1175 sunt
565 1104 793 1178 mactationes
811 1099 1017 1189 hominum,
1041 1114 1076 1173 et
1094 1102 1163 1172 alia
1213 1096 1465 1175 haereditatem
1483 1106 1575 1176 vitae
1590 1125 1760 1187 aeternae.
1892 1078 1940 1121 M
2103 1132 2106 1137 '

166 1204 350 1278 horrenda
379 1209 522 1281 scelera.
588 1205 641 1279 Ita
673 1207 711 1275 in
738 1202 805 1277 636
825 1220 1002 1298 postrema
1025 1218 1162 1276 senecta
1315 1202 1377 1276 61.
1415 1204 1485 1277 Sed
1507 1209 1569 1300 qui
1587 1234 1708 1283 rursus
1731 1241 1980 1311 convertrmtm
2009 1276 2047 1313 ..-

165 1310 296 1381 mundi
314 1309 504 1399 excogitata
520 1322 556 1378 et
569 1310 747 1382 cumulata
769 1322 853 1380 sunt
874 1309 972 1378 idola
986 1307 1161 1400 multipli-
1213 1330 1295 1377 vera
1309 1308 1527 1401 poenitentia
1543 1333 1666 1381 rursus
1681 1316 1770 1387 liunt
1784 1319 1865 1393 iusti
1880 1272 2112 1417 61636666,Ι
2145 1314 2166 1337 ..

167 1412 241 1496 cia,
267 1412 373 1483 etiam
387 1412 425 1481 in
440 1407 506 1481 hac
522 1411 598 1502 ipsa
614 1425 713 1502 parte
727 1411 865 1501 generis
876 1405 1044 1496 humani,
1070 1432 1161 1504 quae
1212 1421 1393 1497 aeternae,
1418 1410 1508 1493 sicut
1521 1407 1658 1498 Adam,
1677 1409 1799 1486 Aaron
1815 1414 1857 1513 ⁶).
2111 1386 2187 1433 ''¹‘'

166 1514 314 1586 titulum
326 1509 630 1587 habetEcclesioe.
666 1512 714 1585 Ut
730 1513 907 1584 invocatio
923 1527 1160 1597 mortuorum,
1313 1512 1374 1587 62.
1406 1509 1572 1603 Cognitio
1594 1512 1799 1587 discrimine
1820 1539 2062 1621 peccatorum,
2086 1558 2198 1633 66611.

165 1616 329 1687 adoratio
357 1628 570 1700 statuarum,
595 1609 832 1707 prophanatio
856 1639 984 1687 coenae
1001 1613 1161 1701 Domini,
1210 1613 1256 1686 sit
1270 1615 1475 1687 obedientia
1490 1614 1528 1684 in
1546 1614 1678 1685 renatis
1692 1615 1843 1688 iudicari
1859 1636 1985 1712 potest.
2024 1628 2070 1702 Et
2086 1664 2198 1729 6636..

165 1712 410 1802 monachatus,
427 1718 513 1787 salsa
529 1718 653 1810 opinio
670 1719 802 1801 meriti,
817 1718 995 1789 dubitatio
1004 1714 1046 1812 ³),
1059 1728 1159 1789 com·
1210 1740 1318 1812 quam
1345 1712 1433 1788 haec
1461 1716 1664 1788 obedientia
1690 1716 1729 1787 in
1758 1722 1890 1793 renatis
1911 1729 2036 1816 procul
2062 1735 2159 1807 abest
2181 1770 2201 1813 6

166 1833 327 1890 mentum
354 1820 650 1892 satisfactionum.
709 1815 892 1891 Adversus
921 1816 1006 1891 haec
1037 1819 1157 1891 omnia
1209 1819 1565 1915 perfectioneflegis,
1606 1832 1641 1889 et
1662 1840 1789 1910 magna
1811 1822 2000 1896 infirmitas
2024 1824 2139 1901 adhuc
2162 1840 2201 1907 in

165 1922 319 1993 tenenda
335 1935 387 1993 est
400 1946 467 1991 vox
485 1922 624 1992 divina:
651 1917 729 2013 Ego
737 1921 914 1994 Dominus
922 1919 1019 1994 Deus
1034 1934 1159 2008 vester,
1209 1920 1314 1992 nobis
1328 1916 1469 2007 haeret,
1493 1937 1528 1994 et
1545 1921 1678 1991 multae
1698 1923 1818 1992 sordes
1836 1946 1876 1992 36
1899 1941 2056 2013 peecata,
2083 1944 2200 2001 tamen

166 2019 211 2091 In
228 2024 425 2116 praeceptis
441 2023 531 2093 meis
548 2024 736 2094 ambulate.
1209 2026 1323 2118 placet
1342 2046 1492 2115 persona
1512 2024 1580 2092 fide
1603 2035 1748 2113 propter
1770 2023 2011 2095 mediatorem.
2062 2024 2111 2099 Et
2125 2032 2202 2122 pla-

268 2122 330 2198 56.
363 2124 460 2194 Fieri
481 2139 599 2196 autem
620 2128 716 2195 bona
740 2149 848 2218 opera
867 2140 1018 2217 possunt
1039 2125 1078 2195 in
1101 2149 1157 2195 re-
1208 2138 1264 2197 cet
1286 2125 1491 2196 obedientia
1505 2123 1544 2192 in
1560 2122 1624 2194 tali
1640 2146 1792 2216 persona
1808 2137 1954 2217 propter
1970 2127 2201 2199 mediatorem

164 2225 278 2306 natis,
304 2240 447 2297 externa
464 2251 506 2295 ex
523 2226 713 2307 interiora,
735 2228 818 2321 quia
834 2226 906 2299 iam
923 2227 1156 2299 certissimum
1208 2229 1288 2300 fide.
1341 2225 1441 2299 Sicut
1455 2224 1581 2298 Petrus
1604 2224 1741 2319 inquit:
1772 2220 1912 2297 Offerte
1934 2222 2068 2297 hostias
2094 2230 2200 2319 spiri-

161 2340 236 2411 est,
261 2340 418 2418 petentes
443 2328 559 2396 iuvari
578 2352 598 2397 3
616 2326 756 2420 Spiritu
770 2342 903 2402 sancto.
953 2328 1055 2401 Sicut
1069 2330 1157 2400 scri·
1207 2330 1339 2415 tuales,
1364 2341 1522 2421 acceptas
1536 2324 1613 2399 Deo
1630 2351 1694 2419 per
1708 2325 1826 2399 lesum
1841 2322 2038 2403 Christum.

158 2443 267 2520 ptum
285 2443 352 2501 est:
385 2427 529 2518 Quanto
547 2429 658 2518 magis
671 2443 771 2521 pater
787 2444 902 2503 vester
915 2431 1077 2504 coelestis
1092 2433 1156 2502 da·
1302 2431 1368 2502 66.
1401 2426 1450 2504 Et
1474 2424 1560 2501 6366
1582 2429 1784 2501 obedientia
1807 2442 1955 2499 ornatur
1977 2429 2144 2520 praemiis
2161 2431 2201 2501 in

159 2529 216 2599 bit
232 2527 408 2619 Spiritum
424 2544 585 2600 sanctum
603 2531 818 2621 petentibus.
1209 2535 1282 2607 vita
1297 2546 1464 2618 aeterna,
1490 2545 1525 2604 et
1539 2532 1577 2600 in
1592 2527 1659 2602 hac
1673 2530 1766 2618 vita,
1792 2531 1889 2601 iuxta
1912 2531 2101 2601 consilium
2116 2527 2199 2606 Dei.

264 2627 324 2705 57.
368 2628 436 2700 Ηί6
459 2655 544 2700 vero
567 2646 747 2728 utrunque
770 2635 1070 2708 considerandum
1093 2645 1155 2708 est.
1208 2635 1303 2727 Quia
1318 2637 1467 2706 omnino
1490 2634 1644 2704 docendi
1664 2647 1749 2704 sunt
1769 2628 1952 2714 homiues,
1978 2628 2201 2705 etiamsiEc·

161 2730 336 2801 lmmensa
352 2733 493 2804 bonitas
508 2731 574 2804 Dei
590 2746 658 2816 est,
684 2736 747 2829 qui
762 2751 803 2807 ut
817 2738 959 2828 agnosci
975 2750 1155 2828 et'appre-
1206 2738 1312 2811 clesia
1327 2737 1424 2809 eruci
1441 2737 1596 2808 subiecta
1612 2748 1682 2821 est,
1709 2746 1827 2806 tamen
1851 2734 1984 2806 servari
2001 2758 2079 2805 eam
2102 2748 2138 2804 et
2161 2733 2201 2803 in

160 2828 273 2902 hendi
292 2835 424 2926 possit,
455 2848 603 2928 propter
631 2837 744 2907 lilium
773 2839 926 2910 effundit
947 2839 987 2908 in
1012 2851 1156 2930 pectora
1206 2837 1274 2911 hac
1287 2839 1382 2924 vita,
1408 2839 1506 2912 iuxta
1527 2838 1636 2910 illud:
1672 2835 1756 2909 Non
1781 2836 1915 2909 mortui
1936 2837 2138 2910 laudabunt
2165 2850 2201 2907 te

159 2948 282 3007 nostra
306 2936 481 3028 Spiritum
512 2952 686 3010 sanctum.
755 2935 803 3010 Et
833 2941 988 3030 agendae
1021 2939 1154 3033 gratiae
1205 2940 1377 3015 Domine·

157 3050 264 3119 sunt,
290 3040 389 3131 quod
404 3033 471 3108 hoc
486 3062 634 3110 munere
649 3040 792 3112 divinae
806 3042 976 3123 esseutiae
998 3066 1065 3113 nos
1085 3040 1154 3112 sibi
1308 3041 1370 3118 64.
1400 3040 1530 3115 Custos
1543 3055 1594 3113 est
1607 3042 1716 3133 igitur
1728 3036 1826 3114 Deus
1849 3056 1883 3115 et
1905 3037 2013 3114 huius
2033 3044 2201 3132 corpora·¹

159 3139 321 3229 copulat,
346 3163 413 3210 nos
430 3140 591 3211 infirmos
604 3143 725 3227 docet,
749 3145 923 3232 gubernat
945 3155 980 3214 et
1001 3142 1154 3216 custodit
1206 3144 1251 3216 lis
1273 3146 1386 3231 vitae,
1419 3158 1453 3217 et
1474 3156 1595 3214 tuetur
1612 3139 1787 3234 hospitia,
1824 3145 1975 3229 vietum,
2018 3144 2201 3214 educatio·

158 3255 284 3312 contra
299 3245 431 3312 multas
445 3239 591 3313 Diaboli
608 3243 772 3316 insidias.
1204 3271 1287 3318 nero
1295 3297 1309 3332 ,
1334 3260 1369 3317 et
1384 3246 1453 3316 alia
1469 3244 1562 3316 vitae
1575 3243 1780 3317 necessaria.
1831 3240 1882 3316 Et
1906 3245 1984 3315 vult
2004 3239 2092 3316 haee
2116 3268 2136 3314 3
2161 3268 2199 3314 36

261 3340 325 3417 58.
361 3343 474 3414 Valde
489 3344 597 3415 etiam
615 3358 650 3417 et
664 3345 869 3418 detestanda
886 3358 920 3417 et
933 3345 1153 3439 deploranda
1203 3350 1297 3443 peti,
1321 3348 1402 3420 vult
1418 3347 1523 3417 fidem
1544 3345 1696 3416 exerceri
1712 3343 1883 3438 petitione
1898 3370 2019 3418 rerum
2037 3368 2199 3417 necessa-

157 3458 209 3516 est
233 3446 397 3536 segnities
420 3459 561 3531 nostra,
589 3449 686 3540 quod
710 3448 868 3540 pericula
896 3448 1023 3520 leviter
1050 3470 1152 3518 cura·
1204 3452 1339 3524 riarum
1355 3449 1461 3522 etiam
1483 3446 1644 3541 corpori,
1666 3448 1764 3519 iuxta
1788 3447 1897 3520 illud:
1923 3446 2135 3542 Invocaume
2158 3448 2197 3517 in

155 3570 258 3634 mus,
282 3551 379 3642 quod
400 3572 476 3618 non
497 3549 664 3620 ardenter
678 3550 831 3642 petimus
846 3550 1153 3642 gubernationem,
1203 3555 1262 3625 die
1277 3551 1531 3625 tribulationis.

157 3650 256 3741 quod
275 3650 494 3740 negligenter
514 3671 731 3741 pugnamus,
759 3657 855 3748 quod
872 3653 1067 3722 diffidimus
1085 3674 1152 3720 nos
1304 3652 1366 3730 65.
1399 3650 1629 3746 Conspicitur
1642 3648 1822 3724 Ecclesiae
1840 3652 2031 3724 discrimen
2047 3676 2067 3723 a
2083 3666 2196 3724 caete-

158 3752 339 3844 6136ἀί6,
363 3755 459 3845 quod
476 3753 605 3842 ingrati
613 3752 690 3825 Deo
707 3769 778 3826 tarn
795 3757 985 3826 clementer
1000 3752 1151 3846 promit·
1203 3757 1253 3827 ris
1269 3750 1497 3839 hominibus,
1522 3762 1562 3827 ut
1580 3756 1802 3843 dictumest,
1828 3756 1934 3827 etiam
1957 3756 1997 3825 in
2018 3779 2086 3825 usu
2108 3754 2195 3843 legi·

154 3850 249 3923 renti
276 3854 468 3940 auxilium,
500 3855 723 3945 suspicamur
747 3871 864 3929 tamen
887 3880 953 3927 nos
976 3854 1149 3928 frustrari.
1203 3858 1291 3930 timo
1315 3856 1648 3941 sacramentorum,
1688 3881 1779 3950 quae
1801 3870 1884 3928 sunt
1905 3859 2005 3948 signa
2028 3855 2197 3937 visibilia,

152 3952 322 4048 Denique
338 3956 558 4047 profundum
573 3951 680 4027 chaos
697 3972 749 4029 est
766 3959 1000 4050 negligentiae
1022 3971 1057 4029 et
1080 3957 1149 4027 du·
1202 3958 1377 4029 divinitus
1392 3958 1512 4029 addita
1529 3956 1757 4050 promissioni
1773 3958 1925 4049 gratiae,
1946 3971 1987 4027 ut
2008 3955 2080 4027 sint
2096 3981 2195 4025 com-

151 4056 372 4128 bitationum
390 4057 427 4125 in
445 4053 603 4128 humano
619 4072 773 4150 pectore.
809 4058 907 4131 Haec
920 4061 1012 4130 mala
1029 4081 1151 4128 emen·
1202 4060 1480 4132 monefactiones
1503 4072 1539 4130 et
1560 4059 1763 4130 testimonia
1789 4061 1834 4130 de
1859 4059 2116 4152 promissione,
2157 4071 2194 4127 et

151 4160 276 4229 danda
293 4172 394 4246 sunt,
419 4173 455 4231 et
475 4158 690 4249 cogitatione
711 4162 989 4254 promissionum
1005 4156 1093 4245 Dei,
1116 4174 1152 4234 et
1202 4163 1274 4236 sint
1287 4162 1390 4233 nervi
1406 4160 1699 4251 congregationis.

151 4261 399 4353 exemplorum
413 4263 637 4335 accendenda
651 4263 757 4351 fides,
781 4287 878 4361 spes,
901 4261 1092 4348 invocatio,
1116 4275 1151 4334 et
1303 4262 1364 4338 66.
1399 4262 1576 4337 Usitatum
1593 4274 1644 4332 est
1667 4256 1843 4333 humanae
1862 4259 2105 4355 superstitioni
2130 4260 2194 4329 de-

149 4362 348 4455 gratiarnm
365 4363 458 4437 3666
474 4378 541 4442 616.
1201 4391 1351 4464 pravare
1385 4378 1420 4437 et
1449 4364 1631 4435 cumulare
1662 4363 1880 4435 ceremonias
1911 4356 1979 4433 636
2012 4360 2195 4455 opinione,

256 4460 319 4538 59.
344 4459 424 4537 Etsi
438 4482 556 4540 autem
570 4467 610 4538 in
625 4466 756 4541 renatis
771 4465 811 4538 in
824 4459 977 4541 haesita
992 4461 1150 4562 manet⁴)
1202 4471 1299 4566 quod
1314 4479 1519 4540 mereantur
1533 4463 1778 4536 remissionem
1798 4477 2043 4558 peccatorum,
2069 4477 2104 4535 et
2123 4460 2194 4532 alia

150 4566 283 4659 ingens
296 4566 496 4652 infirmitas,
512 4583 547 4642 et
560 4582 707 4641 manent
721 4582 873 4663 peccata,
887 4584 1007 4642 tamen
1023 4566 1150 4641 discri-
1201 4573 1309 4646 bona.
1363 4568 1423 4642 Sic
1438 4563 1586 4640 Ethnici
1599 4579 1634 4636 et
1649 4564 1771 4638 ludaei
1786 4566 2017 4639 mactationes
2033 4564 2194 4635 cumula·

151 4692 239 4741 rnen
261 4682 488 4763 peccatorum
511 4671 599 4742 scire
621 4694 761 4743 necesse
782 4684 843 4743 est
900 4670 1027 4743 Manet
1048 4694 1148 4742 mor·
1200 4689 1306 4762 runt,
1348 4673 1460 4756 adeo,
1498 4682 1540 4741 ut
1565 4668 1767 4761 saepissime
1797 4668 1903 4739 etiam
1926 4662 2091 4738 homines
2112 4677 2193 4734 tan-

149 4772 241 4858 bus,
264 4771 328 4867 qui
343 4771 502 4844 nascitur
516 4771 724 4856 nobiseum,
749 4786 783 4845 et
807 4772 922 4865 multil
937 4772 1062 4846 viciosi
1084 4774 1150 4844 ad·
1202 4802 1310 4874 quam
1327 4768 1465 4845 hostiae
1480 4783 1731 4859 mactarentur.

149 4874 286 4961 lectus,
310 4874 443 4968 quibus
459 4897 539 4944 eum
553 4888 753 4967 repugnant
766 4876 882 4948 renati
898 4876 967 4949 lide
981 4889 1016 4948 et
1029 4876 1149 4963 timor,
1302 4875 1365 4953 67.
1395 4869 1444 4946 Et
1460 4872 1619 4965 exempla
1633 4867 1833 4951 horrenda,
1858 4892 1949 4964 quae
1965 4866 2130 4941 diabolus
2152 4867 2192 4935 in

150 4999 230 5047 666
246 4975 447 5049 effunditur
461 4972 615 5068 Spiritus
627 4988 791 5063 sanctus,
815 5002 881 5052 nee
894 4974 1147 5073 emittuntur‘)
1199 4980 1263 5052 illa
1293 4978 1492 5072 sapientum
1526 4987 1563 5045 et
1593 4986 1795 5045 sanctorum
1826 4985 1967 5064 patrum
1988 4969 2193 5063 posteritate

1199 5080 1345 5176 sparsit,
1376 5074 1666 5173 perterrefaciant
1688 5097 1775 5159 nos,
1807 5096 1855 5143 ne
1875 5071 1990 5144 securi
2015 5068 2193 5140 existime-

1198 5205 1278 5257 mus
1302 5205 1378 5253 666
1404 5201 1480 5250 esse
1504 5175 1655 5249 viciosos
1688 5176 1804 5250 cultus
1838 5189 1900 5248 aut
1932 5172 2030 5245 idola
2057 5172 2095 5241 in
2128 5165 2195 5241 hae

184 5239 215 5309 n
236 5239 373 5300 eruam·
385 5241 520 5298 mendose
533 5241 625 5302 asam
644 5226 851 5304 ...6363636

182 5326 215 5395 4)
235 5324 318 5384 Perre.
332 5338 460 5388 manens.

184 5411 216 5482 ὅ)
234 5412 427 5489 6666666663
442 5417 598 5483 omittitur.
1231 5411 1260 5480 6)
1278 5408 1425 5485 Archetyp.
1441 5411 1570 5467 Altaron.
1633 5394 1636 5399 ¹
