4680 6038
146 215 223 290 415
909 195 1410 276 PROPOSITIONES·
2087 202 2159 283 tta

154 402 340 456 cernemus
363 401 429 448 nos
451 402 525 448 non
547 374 701 447 accusari
724 386 920 464 apertam,
947 372 1141 445 etesseiu·
1190 371 1284 442 tibus
1313 369 1406 440 votis
1432 367 1470 437 in
1500 368 1706 462 quotidiana
1740 370 1964 444 invocatione
1995 383 2160 464 petamus.

154 506 248 570 stos,
275 506 349 552 non
374 482 469 571 lege,
497 481 558 549 sed
584 476 775 568 sapientia,
807 474 945 545 iusticia
968 474 1141 545 divinitus
1189 473 1292 542 Hanc
1314 470 1572 541 invocationem
1596 471 1815 562 experiemur
1835 496 1873 544 re
1894 474 1971 565 ipsa
1997 494 2076 543 nott
2094 496 2160 547 esse

154 596 192 659 in
207 587 312 656 nobis
327 578 724 666 accensagsicutPanlus
737 576 854 667 iuquit
870 571 1139 646 semineus:
1189 575 1344 652 irritam,
1373 586 1408 643 et
1432 573 1470 640 in
1493 568 1548 640 bis
1569 573 1742 645 exercitiis
1763 587 1918 647 crescant
1938 574 2075 665 agnitio
2087 572 2162 659 Dei,

160 684 426 759 Translormari
444 698 611 776 tanquam
627 677 811 748 aDomino
826 678 965 769 spiritu.
1016 677 1085 748 Sed
1104 674 1142 742 in
1189 677 1250 745 lux
1272 674 1372 759 fidei,
1397 696 1475 764 spes
1498 687 1534 745 et
1547 673 1634 744 aliae
1650 675 1816 764 virtutes,
1839 676 1930 749 sicut
1944 675 2161 749 dicituan-

157 790 224 860 bac
248 790 319 856 rita
341 785 551 854 durantibus
575 778 736 872 reliquiis
757 781 906 869 peccati,
932 776 1017 849 baec
1031 779 1143 846 liber·
1190 778 1343 849 cae19.:
1376 772 1534 844 Habenti
1549 776 1702 851 dabitur.

157 910 214 961 tas
231 892 369 958 incoata
382 899 452 970 est,
473 899 509 955 et
525 886 657 953 interea
673 882 857 950 retinenda
881 895 930 951 est
948 876 1141 950 consolatio
1265 875 1362 947 Haec
1376 878 1420 945 de
1436 877 1667 969 possibilitate
1681 877 1836 950 breviter
1848 877 1941 949 dicta
1957 879 2043 953 sint.
2065 874 2161 951 Alibi

156 1013 304 1085 prorsus
328 987 539 1069 necessaria,
572 1007 774 1078 quanquam
799 983 837 1050 in
862 983 967 1052 nobis
989 980 1141 1049 multum
1190 1002 1292 1069 saepe
1305 979 1451 1068 repetita
1465 991 1517 1048 est
1533 979 1714 1051 distinctio
1729 982 1773 1049 de
1787 979 1901 1050 libero
1916 980 2085 1065 arbitrio,
2106 974 2161 1053 bic

155 1109 209 1163 cst
232 1089 394 1178 caliginis
416 1101 450 1156 et
470 1086 652 1169 sordium,
690 1086 783 1153 sicot
815 1083 933 1177 inquit
956 1078 1142 1162 iohannes,
1191 1080 1403 1151 locomotiva
1418 1079 1538 1172 aliquo
1555 1083 1661 1150 modo
1679 1082 1824 1171 regitur,
1847 1081 1950 1153 etiam
1965 1082 2007 1153 in
2022 1104 2160 1153 nonae

159 1203 192 1266 1.
208 1187 333 1262 loban.
354 1191 406 1260 1.:
439 1186 480 1258 Si
506 1187 658 1257 dicimus
680 1187 775 1278 qood
792 1201 970 1277 peccatum
989 1207 1062 1253 nou
1078 1176 1143 1250 lta·
1190 1183 1302 1267 natis,
1328 1194 1368 1252 ut
1382 1182 1551 1270 regebant
1563 1196 1723 1254 externos
1742 1196 1857 1274 gestus
1871 1179 2068 1268 Aristides,
2089 1180 2159 1257 Sti·

38 1287 44 1295 ’
155 1297 297 1376 bemus,
329 1313 395 1360 nos
421 1290 516 1381 ipsos
538 1287 756 1370 seducimus,
789 1299 855 1361 etc.
902 1284 1073 1360 Conversi
1097 1284 1141 1352 ad
1189 1284 1250 1376 pio
1272 1297 1306 1354 et
1329 1281 1472 1352 similes.
1524 1281 1595 1355 Sed
1619 1284 1695 1355 siue
1715 1307 1801 1355 voce
1821 1281 2009 1375 Evangelii
2033 1296 2070 1356 et
2092 1284 2159 1361 sint

154 1393 273 1466 Deum
295 1393 457 1483 placeant
480 1391 555 1460 sola
578 1389 666 1474 fide,
703 1388 957 1478 pergratiam,
999 1399 1143 1479 propter
1191 1382 1326 1477 spiritu
1341 1398 1461 1455 sancto
1476 1408 1552 1456 non
1566 1386 1606 1456 fit
1616 1386 1770 1458 incoatio
1785 1387 1871 1475 legis
1886 1384 1955 1458 Dei
1966 1387 2009 1457 in
2025 1388 2139 1463 corde.

153 1495 384 1565 mediatorem
401 1490 516 1562 Deum
534 1503 570 1561 et
584 1484 778 1574 hominem,
800 1490 897 1561 iuxta
910 1486 977 1561 boc
992 1491 1141 1560 dictum:
1290 1484 1387 1561 LtV.
1414 1483 1604 1575 Quomodo
1622 1489 1756 1581 placeat
1769 1488 1808 1557 in
1822 1483 1888 1557 bac
1900 1500 2002 1561 tants
2020 1487 2161 1559 infirnu'·

154 1597 236 1668 Non
251 1595 335 1665 estis
351 1595 419 1665 sub
434 1594 529 1681 lege,
555 1594 616 1661 sed
634 1592 700 1661 sub
715 1591 838 1679 gratia.
1191 1602 1261 1659 tate
1285 1581 1472 1657 bominum
1499 1587 1538 1657 in
1564 1583 1630 1660 hac
1654 1590 1748 1676 vita,
1785 1603 1821 1661 et
1845 1591 1940 1660 inter
1960 1585 2028 1661 has
2051 1590 2162 1663 sordes

260 1693 358 1768 Llll.
382 1693 491 1764 Plora
507 1694 551 1762 de
568 1692 814 1762 liberationea
840 1691 932 1780 lege,
958 1702 1144 1760 sumantur
1191 1712 1284 1760 nova
1310 1688 1532 1774 obedientia,
1565 1714 1626 1762 seu
1649 1691 1816 1762 renatus?
1863 1687 1942 1761 Hac
1963 1691 2162 1786 quaestione

155 1823 198 1868 ex
214 1797 294 1866 aliis
313 1795 453 1885 scriptis
470 1794 707 1883 longioribus.
755 1790 860 1862 Nunc
876 1792 1038 1883 'breviter
1062 1814 1145 1882 per·
1192 1790 1295 1861 anxie
1308 1791 1553 1862 excruciantur
1565 1786 1748 1879 homines,
1772 1808 1811 1865 ut
1825 1814 1948 1864 ornnes
1959 1792 2164 1886 experimur,

154 1899 304 1969 texenda
327 1909 431 1981 sunt,
457 1919 546 1989 quae
565 1896 611 1964 de
635 1895 867 1964 renovatione
890 1892 1009 1962 dicere
1025 1892 1143 1985 coepi·
1192 1906 1226 1963 et
1245 1891 1378 1963 multae
1399 1916 1521 1964 causae
1545 1908 1628 1965 sunt
1648 1895 1931 1979 dubitationum,
1959 1894 2161 1985 magtdtuds

153 2022 252 2083 inus,
278 2022 319 2067 ac
342 1997 543 2088 plerunque
566 1996 718 2065 docendi
742 2018 845 2065 cansa
859 1994 1034 2065 distribuo
1052 1990 1144 2065 banc
1192 1995 1461 2086 praeteritorum
1479 1994 1653 2086 lapsuum,
1669 2010 1705 2068 et
1716 2008 1924 2089 conspectus
1933 1998 2163 2087 praesentim

153 2099 337 2171 materiam
355 2097 395 2165 in
413 2090 478 2166 bos
494 2096 653 2190 quinque
671 2096 810 2167 titulos:
1192 2096 1366 2170 sordium.
1443 2096 1564 2169 David
1591 2098 1749 2170 intuetur
1773 2096 2004 2191 praeteritum
2025 2098 2165 2192 lapsum,

206 2214 241 2309 l)
268 2212 378 2304 Quod
403 2213 600 2283 necessaria
614 2213 659 2284 sit
677 2211 777 2283 Nova
795 2212 1007 2285 obedientia.
1193 2198 1321 2267 deinde
1335 2221 1484 2289 Poena,
1497 2202 1551 2317 ’in
1565 2200 1696 2291 quibffl
1709 2201 1875 2319 accidunt
1899 2211 1955 2273 lot
1967 2211 2058 2272 tetra
2073 2223 2164 2273 sm·

205 2330 258 2416 ll)
281 2330 473 2420 Quomodo
496 2329 572 2399 lieri
594 2330 705 2421 possit
727 2325 852 2401 iubae
875 2344 973 2403 tanta
990 2331 1142 2402 infirmi·
1193 2299 1292 2417 ‘illa’
1322 2302 1464 2418 ΜΨ
1496 2314 1627 2372 ¹⁰⁰⁶⁸¹³
1640 2308 1901 2420 '⁶⁰¹¹‚t2mfflm9
1922 2324 2115 2395 (ΜΨ
2137 2314 2164 2373 ³

253 2447 267 2503 t
290 2447 324 2505 ,e
348 2426 526 2501 humanae
549 2445 696 2500 napum
1192 2401 1282 2469 aliae
1297 2402 1538 2482 confusiones,
1562 2415 1657 2473 retro
1674 2417 1779 2473 etiam
1798 2404 2000 2475 considerat
2014 2404 2163 2495 exempla

269 2458 288 2504 a
455 2549 477 2617 d
545 2548 556 2616 l
673 2545 706 2618 D
1193 2502 1395 2593 superiora,
1417 2501 1534 2573 Saulis
1556 2505 1706 2590 exitum,
1731 2517 1766 2574 et
1788 2507 1982 2577 multorum
2005 2505 2160 2577 aliorurn

201 2547 281 2760 Q)
299 2547 541 2757 ἅυζὲἶωέἰξ
558 2562 653 2618 mat
709 2573 761 2618 ω’
1193 2601 1289 2673 llaec
1304 2604 1439 2721 obiecta
1455 2618 1489 2675 et
1504 2604 1573 2674 alia
1594 2607 1706 2676 multa
1729 2607 1940 2726 concutiunt
1960 2628 2038 2677 mm
2060 2606 2161 2677 dubi·

108 2818 113 2827 ι
203 2784 258 2881 o
291 2781 345 2854 a
1193 2704 2161 2902 {stultissimas'tatastataas

256 2888 295 2955 5ss
312 2884 464 2971 ῑθῦἃῑῖδ,
488 2896 524 2955 θῑ
539 2908 630 2978 ‘1⁰³²
647 2898 816 2956 ¹¹¹³¹¹⁰³¹¹t
840 2885 879 2953 5¹¹
895 2887 956 2963 ²5⁵·
1193 2929 1422 2996 agnoscamus
1435 2923 1593 2980 nostram
1612 2910 1886 2987 immunditiem.
1936 2911 2102 2989 &condo
2116 2922 2158 2983 te·
2200 2970 2203 2981 .

34 3040 39 3049 ·
151 3005 207 3079 De
221 3004 425 3076 necessitate
438 3001 571 3071 dictum
586 3014 656 3071 est:
679 2997 727 3074 Et
737 3003 918 3094 quomodo
933 3003 1007 3074 fieri
1023 3004 1144 3096 possit,

151 3133 214 3180 seu
231 3104 367 3177 incoari
385 3126 478 3173 nova
495 3102 718 3184 obedientia,
746 3107 940 3176 ostendunt
961 3105 1066 3176 etiam
1083 3129 1144 3175 su·

150 3234 215 3302 pra
239 3208 351 3278 dicta:
386 3203 471 3274 ldeo
496 3204 591 3274 filius
613 3200 681 3275 Dei
705 3206 888 3296 apparuit,
922 3220 963 3278 ut
984 3208 1142 3278 destruat

151 3333 261 3403 opera
276 3307 439 3391 Diaboli,
464 3319 646 3398 peccatum
662 3319 696 3376 et
711 3321 872 3379 mortem.
913 3307 1060 3399 Colligit
1076 3309 1144 3399 igi-

151 3427 212 3483 tur
227 3407 421 3481 Ecclesiam
437 3430 523 3476 voce
542 3403 750 3496 Evangelii,
776 3422 810 3479 et
825 3407 963 3500 Spiritu
976 3434 1040 3480 suo
1057 3434 1142 3480 san-

152 3527 209 3582 cto
223 3510 382 3580 accendit
398 3508 436 3576 in
452 3507 555 3576 nobis
577 3507 689 3576 lucem
714 3509 815 3593 fidei,
840 3524 876 3580 et
896 3524 1014 3582 motus
1030 3533 1143 3581 novos

1192 3032 1341 3080 neamus
1356 3033 1475 3079 veram
1490 3011 1767 3084 consolationem
1785 3008 2032 3104 inEvangelio
2045 3034 2154 3107 propo-

1192 3112 1307 3182 sitam.

1294 3212 1496 3283 Fatendum
1512 3227 1564 3285 est
1577 3215 1615 3284 in
1634 3215 1813 3286 conversis
1835 3217 1880 3287 ad
1894 3213 2034 3302 Deum
2055 3216 2091 3287 id
2107 3226 2155 3297 stt,

1194 3314 1327 3384 renatis
1348 3313 1388 3382 in
1408 3309 1474 3384 bac
1494 3315 1587 3401 vita,
1611 3316 1790 3410 reliquum
1813 3341 1886 3389 esse
1900 3320 2058 3405 malum,
2078 3316 2155 3411 qood

1192 3410 1378 3485 nobiscum
1405 3416 1584 3503 nascitur,
1615 3441 1777 3509 pugnans
1805 3444 1886 3490 cum
1915 3420 2012 3510 lege,
2045 3418 2155 3491 scilicet

1192 3539 1355 3606 magnam
1369 3516 1552 3606 caliginem
1571 3531 1606 3589 et
1620 3543 1745 3610 pravas
1760 3521 2024 3606 inclinationes,
2044 3514 2154 3591 etla‘ot
2201 3574 2203 3579 -

151 3616 192 3680 in
210 3611 398 3688 cordibus,
424 3607 487 3700 qui
503 3607 742 3694 suntlincoata
758 3610 978 3696 obedientia,
1004 3625 1039 3681 et
1064 3634 1143 3681 sus-

148 3724 263 3783 tentat
287 3705 501 3790 Ecclesiam,
528 3720 563 3776 et
588 3708 735 3798 depellit
759 3710 930 3781 Diabolus
953 3707 1142 3783 horribili·
1193 3718 1297 3789 molti
1313 3740 1460 3803 errores,
1474 3720 1579 3791 multi
1596 3722 1715 3813 lapsus
1730 3724 1951 3813 ignorantiae
1964 3737 2001 3795 et
2013 3720 2153 3795 omissio-

153 3831 209 3885 ter
225 3822 421 3904 grassantes
440 3831 502 3899 per
518 3830 555 3878 se
572 3820 607 3878 et
621 3832 684 3901 per
699 3832 761 3881 sua
775 3834 919 3902 organa.
1192 3820 1263 3890 nis.
1315 3816 1412 3890 Haec
1434 3821 1553 3892 omnia
1576 3839 1659 3894 sunt
1683 3848 1763 3894 vere
1782 3838 1920 3916 peccata
1942 3847 2009 3898 suo
2038 3845 2155 3915 genero

252 3910 457 3999 Cogitemus
472 3907 581 3998 igitur
595 3912 848 4000 promissiones
863 3914 1003 3985 divinas
1017 3916 1062 3986 de
1078 3939 1141 3986 au·
1194 3921 1279 3992 ldeo
1290 3920 1423 3991 dicitur
1439 3920 1626 3995 inPsalmo
1647 3923 1744 3996 tas:
1770 3924 1853 3997 Non
1870 3927 2115 3999 iustificabitur
2125 3923 2156 3993 in

150 4016 257 4100 xilla,
284 4006 416 4084 Mattb.
438 4012 513 4082 11.:
550 4009 678 4081 Venite
693 4013 737 4082 ad
753 4037 809 4082 me
835 4039 977 4102 omnes,
1004 4017 1066 4110 qui
1090 4017 1143 4085 la·
1194 4036 1384 4113 conspectu
1398 4037 1459 4094 tuo
1475 4024 1593 4095 omnis
1610 4027 1743 4100 vivens.
1770 4023 1818 4099 Et
1832 4024 2096 4123 MoysesExod.
2109 4022 2159 4097 db

150 4116 287 4189 boratis
315 4126 348 4183 et
374 4112 512 4183 onerati
536 4112 637 4195 estis,
663 4136 727 4203 ego
752 4115 905 4185 reficiam
927 4140 1002 4189 vos.
1052 4115 1140 4188 ltem
1193 4147 1233 4194 ac
1244 4122 1308 4192 lob
1318 4121 1353 4194 9.
1369 4125 1498 4214 capite:
1514 4123 1595 4196 Non
1612 4126 1859 4201 iustificabitur
1871 4152 1991 4201 coram
2005 4144 2041 4201 te
2056 4125 2159 4200 bomo.

151 4212 383 4288 lohan.10.:
424 4211 536 4281 Nemo
561 4215 673 4305 rapiet
693 4238 776 4285 oves
794 4240 891 4286 meas
914 4242 956 4288 ex
977 4219 1143 4289 manibus
1193 4221 1242 4295 Et
1261 4221 1393 4294 Paulus
1415 4223 1543 4298 Roma.
1567 4227 1620 4302 8.;
1655 4227 1705 4301 Ut
1723 4253 1805 4300 reus
1826 4231 1873 4300 sit
1896 4243 1993 4302 totos
2020 4232 2162 4301 mundus

150 4317 253 4388 meis.
305 4311 392 4384 ltem
419 4306 543 4386 lohan.
561 4309 636 4384 15.:
669 4312 773 4387 Dabo
798 4318 900 4388 vobis
914 4319 1142 4410 paracletum,
1194 4322 1286 4409 Deo,
1313 4336 1349 4394 et
1371 4328 1576 4397 obstruatur
1598 4353 1705 4400 omne
1725 4354 1777 4404 os.
1825 4328 1917 4403 Cum
1933 4331 2048 4422 igitur
2059 4332 2163 4402 mani-

152 4413 551 4506 quiproceditapatre.
604 4412 691 4486 ltem
709 4414 921 4492 lohan.14.:
949 4418 1143 4490 Veniemus
1193 4426 1321 4495 lestum
1343 4426 1409 4507 sit,
1435 4428 1612 4521 reliquum
1637 4453 1710 4500 esse
1732 4447 1912 4524 peccatum
1935 4434 1976 4502 in
1990 4458 2075 4504 vere
2089 4458 2164 4505 con·

150 4517 319 4597 adeum,
344 4526 379 4585 et
398 4512 619 4582 mansionem
641 4519 733 4607 apud
759 4542 839 4590 eum
865 4521 1044 4595 faciemus.
1094 4517 1143 4592 Et
1194 4528 1304 4596 versis
1324 4525 1362 4594 in
1386 4521 1451 4598 bac
1475 4530 1563 4616 vita,
1594 4545 1628 4602 et
1642 4529 1738 4603 Deus
1765 4556 1830 4604 nos
1854 4533 1889 4603 id
1905 4535 1994 4606 velit
2008 4558 2095 4607 vero
2108 4536 2164 4607 do-

151 4615 246 4706 apud
263 4610 407 4684 Esaiam
434 4613 545 4702 capite
561 4612 596 4684 7.
621 4617 827 4692 nominator
844 4622 938 4691 lilius
953 4618 1140 4708 Emanuel‚
1195 4628 1269 4697 lore
1283 4648 1492 4715 agnoscere,
1519 4644 1552 4700 et
1568 4635 1730 4703 ostendat
1744 4635 2015 4717 consolationes,
2038 4658 2165 4709 necess

1193 3617 1361 3687 oriuntur
1383 3619 1514 3688 multae
1543 3619 1706 3691 flammae
1734 3622 1949 3693 viciosorum
1975 3622 2153 3701 summo.

150 4716 188 4785 id
207 4729 276 4798 est,
303 4714 491 4785 nobiscum
506 4709 622 4799 Deus,
648 4740 729 4787 vere
747 4723 864 4803 adest,
892 4723 1055 4808 exaudit,
1084 4725 1143 4792 iu·
1194 4741 1246 4813 est
1260 4723 1421 4798 homines
1438 4730 1483 4800 de
1497 4726 1563 4802 bac
1577 4746 1672 4803 tanta
1687 4758 1726 4804 re
1741 4750 1833 4806 recte
1847 4737 1979 4811 doceri.

150 4816 297 4899 stificat,
325 4814 498 4906 protegit,
530 4817 724 4904 gubernat,
750 4822 923 4908 vivificat,
948 4823 1141 4895 liberates
1294 4826 1363 4899 Hic
1376 4831 1530 4920 primum
1548 4827 1616 4902 boc
1629 4836 1832 4925 planissime
1845 4837 2166 4925 astirmamos,cuts

150 4930 265 4986 morte
283 4929 317 4985 et
334 4915 474 4993 inferis,
501 4914 592 4985 sicut
607 4917 746 5010 inquit:
773 4916 809 4990 Ο
827 4947 942 5006 mors,
967 4948 1029 4994 ero
1044 4947 1141 4994 mors
1193 4926 1232 4999 in
1248 4930 1478 5001 conversione
1494 4926 1601 5003 homo
1616 4936 1742 5027 accipit
1756 4937 2001 5008 remissionem
2015 4952 2168 5032 peccato·

151 5032 224 5091 tua.
275 5014 550 5087 Consideremus
575 5016 817 5089 infirmitatem
840 5037 875 5095 et
898 5024 1055 5116 pericula
1073 5049 1141 5094 no·
1194 5052 1272 5097 rum
1291 5030 1377 5114 fide,
1415 5045 1450 5102 ct
1471 5032 1577 5101 sentit
1606 5058 1643 5104 se
1669 5039 1887 5130 acquiescere
1907 5039 1946 5107 in
1971 5040 2168 5125 medietate,

151 5133 236 5186 stra.
290 5113 451 5185 Sciamus
465 5112 582 5185 Deum
605 5117 776 5190 immensa
801 5122 961 5195 bonitate
985 5125 1139 5194 voluisse
1192 5141 1279 5198 tunc
1296 5131 1334 5199 in
1352 5126 1496 5201 bomine
1512 5132 1583 5201 iam
1608 5130 1745 5206 habitat
1758 5136 1874 5221 Deus,
1899 5154 1935 5210 et
1949 5143 2167 5215 verissimum

151 5213 208 5284 his
224 5215 327 5284 malis
350 5236 532 5304 opponere
554 5209 640 5287 baec
665 5242 729 5289 sua
752 5220 939 5308 beneficia,
966 5248 1056 5317 quae
1078 5249 1140 5316 per
1192 5242 1244 5300 est
1271 5231 1423 5301 dictum:
1449 5228 1642 5324 Accepistis
1656 5235 1829 5329 Spiritum
1853 5242 2061 5333 adoptionis
2082 5244 2167 5315 atto·

151 5316 263 5385 tilium
281 5328 452 5407 praestat,
478 5327 513 5385 et
526 5314 559 5384 ei
576 5318 706 5404 gratias
718 5341 880 5410 agamus,
905 5337 939 5396 et
954 5346 993 5395 ea
1010 5325 1139 5396 arden·
1191 5352 1290 5417 rum,
1314 5355 1385 5425 quo
1400 5326 1591 5406 clamamus
1608 5335 1709 5410 Abba
1725 5352 1847 5432 pater,
1871 5339 2003 5419 Roma.
2019 5344 2056 5418 8.
2107 5340 2169 5417 Hit
