4680 6038
165 182 256 289 ooo
717 210 746 286 1.
797 209 1093 294 cunomcon
1124 209 1372 291 canroms.
1425 209 1553 293 raus
1579 213 1629 296 ιι
2122 233 2196 305 aro

166 404 202 460 et
219 398 298 480 post
311 381 531 458 Dalmatiam
545 378 691 458 Orienti
705 386 885 479 praeteris
933 382 1041 459 Hune
1063 413 1154 484 quo·
1208 386 1355 482 tyranni
1377 401 1501 460 contra
1516 383 1740 465 Christianos
1760 414 2004 488 exercuerant,
2037 419 2191 477 vastatae

165 515 235 585 que
261 487 451 561 crudeliter
480 488 724 559 dominantem
750 486 980 562 Constantius
1002 489 1154 563 interfici
1207 503 1322 562 essem
1344 490 1567 583 provinciae,
1600 492 1714 567 victor
1735 494 1991 575 Constantinus
2011 519 2046 577 et
2064 503 2190 579 Eccle-
2315 568 2320 587 .

163 591 278 663 iussit.
337 588 497 660 lulianus
519 601 599 681 post
621 585 895 676 Constantium,
926 588 1153 665 Constantini
1204 592 1274 663 sias
1287 606 1321 664 et
1336 592 1527 684 imperium
1545 595 1731 671 restituere
1743 601 1871 694 coepit.

163 694 300 778 lilium,
325 693 519 783 imperator
534 693 647 763 factus
669 705 733 764 est.
783 690 872 765 Post
893 687 992 767 huno
1015 717 1153 767 succes-
1300 690 1435 788 Estque
1462 696 1550 768 haec
1576 701 1727 773 mutatio
1759 725 1832 773 uns
1861 704 1956 777 inter
1978 709 2187 803 praecipuas

163 818 224 869 sor
252 789 475 865 Iovinianus
504 793 713 865 Pannonius
738 818 779 865 ex
806 794 877 866 alia
905 794 1042 868 familia
1068 797 1149 879 fuit.
1202 796 1341 886 generis
1360 792 1507 868 humani
1526 802 1759 890 mutationes,
1785 804 1966 880 difficilior
1987 835 2093 904 quam
2116 814 2186 886 luit

163 898 329 992 Suntque
349 897 436 968 anni
457 897 504 969 ab
526 897 631 968 initio
649 895 875 970 Constantini
889 896 1014 989 Magni
1038 924 1150 995 usque
1200 893 1353 988 Augusti
1377 899 1471 971 victo
1488 901 1669 986 Antonio,
1700 917 1762 975 ant
1781 906 1867 979 Iulii
1890 910 1984 983 victo
1999 911 2185 1007 Pompeio.

163 1002 209 1073 sd
226 1013 376 1072 mortem
392 997 544 1084 Iuliani,
569 1000 827 1095 quinquaginta
842 1013 934 1074 octo.
1014 1072 1018 1078 ,
1199 997 1342 1071 Bellum
1359 1016 1452 1072 certe
1467 1028 1549 1073 cum
1565 1003 1707 1077 Licinio
1720 1006 1825 1099 longe
1839 1011 1955 1083 maius
1970 1013 2054 1102 fuit,
2077 1040 2185 1111 quarn

266 1100 352 1173 Post
378 1100 552 1173 Maxentii
578 1103 762 1174 interitum
792 1102 885 1176 rexit
913 1096 1147 1177 Occidentem
1200 1103 1257 1172 vel
1272 1103 1357 1174 lolii
1382 1104 1438 1174 vel
1454 1105 1607 1196 Augusti
1631 1108 1737 1185 bella.
1792 1109 1884 1182 Nam
1908 1126 1945 1185 et
1965 1116 2097 1187 ducum
2120 1140 2185 1210 par

163 1204 429 1279 Constantinus.
461 1203 623 1276 Licinius
638 1230 722 1276 vero
732 1200 932 1292 Orientem,
957 1205 1149 1299 quiMaxi-
1198 1204 1267 1275 fuit
1282 1206 1491 1296 magnitudo
1509 1209 1640 1297 animi,
1665 1213 1868 1304 etpotentia
1887 1228 1923 1287 et
1942 1238 2046 1287 causa
2068 1220 2184 1290 maior

159 1307 280 1380 minos
294 1308 482 1379 deleverat.
534 1304 673 1379 Deinde
687 1331 755 1400 pax
771 1307 841 1379 fuit
853 1308 891 1378 in
907 1307 1057 1401 imperio
1070 1305 1148 1380 Ro·
1197 1305 1284 1392 fuit,
1308 1332 1414 1401 quam
1431 1305 1516 1379 lolii
1540 1311 1597 1380 vel
1618 1308 1784 1404 Augusti.
1836 1312 2062 1390 Dimicarunt
2084 1320 2180 1391 enirn

161 1433 286 1496 mano,
321 1424 355 1481 et
378 1410 632 1503 imperatorum
658 1409 849 1481 concordia
872 1411 1013 1482 circiter
1037 1411 1147 1505 quin·
1197 1407 1236 1477 in
1250 1423 1368 1480 utram
1382 1423 1518 1502 partem
1532 1412 1631 1484 lieret
1643 1414 1849 1503 inclinatio,
1881 1442 1927 1489 an
1943 1420 2107 1514 deinceps
2123 1436 2181 1492 to·

161 1513 370 1604 quennium.
422 1510 513 1586 Cum
536 1537 619 1584 vero
642 1511 806 1584 Licinius
828 1514 999 1605 paulatim
1021 1514 1146 1585 odium
1196 1522 1254 1582 tus
1270 1511 1368 1583 orbis
1387 1527 1523 1605 pareret
1537 1510 1750 1587 Christianis
1775 1519 2013 1612 principibus,
2045 1523 2181 1595 deletu·

160 1616 329 1685 adversus
345 1609 566 1686 Christianos
581 1617 800 1701 ostenderet,
826 1628 861 1687 et
878 1616 1018 1711 aliquot
1038 1617 1146 1687 nobi·
1196 1612 1245 1682 ris
1262 1610 1421 1685 ethnicas
1437 1614 1640 1707 religiones:
1676 1642 1723 1689 an
1744 1642 1830 1690 vero
1851 1636 1989 1714 pareret
2002 1617 2180 1711 Etbnicis,

161 1717 212 1785 les
235 1718 350 1802 siros,
390 1730 574 1809 propterea
598 1719 695 1814 quod
719 1719 872 1791 abiicere
892 1718 1144 1811 professionem
1196 1715 1364 1787 deleturis
1387 1711 1620 1790 Christianos.
1683 1716 1732 1791 Ει
1753 1722 1860 1794 multi
1885 1739 1985 1798 erant
2008 1727 2115 1799 duces
2144 1740 2181 1798 et

160 1814 401 1891 Christianam
421 1821 629 1907 noluerant,
663 1820 913 1907 interfecisset,
946 1821 1145 1894 multorum
1195 1817 1327 1889 milites
1347 1819 1561 1889 nobilissimi
1583 1820 1622 1888 in
1644 1823 1800 1895 exercitu
1811 1821 2059 1914 Constantini,
2088 1853 2180 1922 quo·

160 1923 265 1992 etiarn
289 1934 427 2014 raperet
441 1923 623 1994 facultates
635 1939 670 1995 et
684 1925 872 2014 coniuges,
897 1923 1003 2003 multi
1025 1924 1144 1995 exules
1196 1943 1276 1990 rum
1292 1935 1412 2015 patres
1433 1934 1468 1994 et
1490 1935 1619 1995 matres
1640 1925 1881 1998 crudelissime
1902 1928 2078 2001 interfecti
2101 1932 2179 2000 fue-

159 2026 204 2093 ad
230 2022 502 2096 Constantinum
533 2025 763 2116 confugiunt,
800 2039 834 2098 et
860 2038 986 2117 petunt
1013 2025 1145 2119 suscipi
1194 2036 1287 2100 rant.
1337 2020 1422 2093 Fuit
1440 2022 1548 2113 igitur
1563 2047 1667 2096 causa
1682 2025 1788 2118 longe
1807 2028 1939 2116 maior,
1974 2055 2080 2125 quam
2104 2032 2177 2103 ulla

161 2126 404 2198 defensionem
417 2122 714 2200 Christianorum.
764 2126 878 2199 Erant
891 2128 1034 2200 foedera
1050 2129 1145 2202 inter
1194 2123 1233 2193 in
1248 2124 1407 2217 imperiis
1421 2148 1578 2220 unquam
1594 2127 1674 2214 fuit,
1698 2141 1733 2200 et
1745 2123 1899 2202 habebat
1911 2132 2024 2202 robur
2036 2130 2178 2223 imperii

158 2229 330 2318 collegas,
354 2228 534 2300 Licinium
553 2244 589 2302 et
602 2226 898 2315 Constantinum,
923 2243 966 2320 ⁸et
982 2229 1144 2303 Licinius
1193 2223 1470 2312 Constantinus,
1499 2239 1540 2298 ut
1555 2228 1599 2298 de
1617 2252 1658 2299 eo
1679 2229 1751 2300 dici
1775 2231 1904 2324 possit:
1938 2229 1986 2305 Et
2003 2254 2178 2328 causaque

159 2331 344 2420 coniugem
366 2326 522 2403 habebat
546 2354 706 2403 sororem
722 2329 949 2404 Constantini
965 2330 1144 2405 Constan·
1194 2329 1307 2414 valet,
1333 2351 1544 2424 causamque
1561 2331 1744 2421 tuentibus
1760 2332 1880 2409 armis.

159 2432 260 2502 tiam.
311 2430 472 2504 Primum
499 2434 610 2525 igitur
633 2430 798 2507 hortatur
811 2434 1064 2508 Constantinus
1079 2435 1143 2506 Li·
1296 2428 1345 2502 Ut
1361 2443 1480 2503 autem
1493 2428 1590 2503 Deus
1606 2433 1791 2505 victoriam
1811 2435 1910 2507 dedit
1924 2428 2177 2509 Constantino:

156 2533 309 2618 ciuium,
335 2547 375 2605 ut
391 2536 489 2606 iuxta
506 2537 638 2622 edicta,
671 2561 761 2631 quae
776 2551 879 2609 antea
897 2537 1003 2608 simul
1019 2537 1142 2608 edide-
1192 2532 1241 2603 ita
1264 2547 1384 2622 postea
1407 2556 1489 2604 enm
1512 2533 1648 2606 adiurit
1678 2535 1718 2607 in
1749 2535 2003 2610 constitutione
2024 2539 2178 2631 imperii.

156 2647 254 2719 rant,
279 2650 400 2727 parcat
415 2633 637 2710 Christianis.
690 2638 755 2710 llle
771 2654 894 2712 contra
910 2640 1061 2731 superbe
1082 2661 1142 2709 re-
1192 2629 1363 2706 Restituit
1385 2634 1478 2726 leges
1500 2648 1536 2707 et
1556 2635 1708 2724 iudicia,
1745 2651 1781 2709 et
1802 2639 1931 2710 multas
1952 2662 2064 2710 novas
2085 2640 2178 2733 leges

156 2737 324 2828 spondet:
366 2762 403 2808 se
433 2764 506 2810 non
534 2740 803 2834 impediendum
824 2764 898 2812 esse
919 2741 958 2811 in
979 2765 1020 2814 ea
1042 2754 1142 2835 parte
1193 2735 1375 2822 condidit,
1419 2735 1626 2829 praesertim
1655 2738 1699 2808 de
1727 2739 1902 2833 coniugiis
1933 2753 1969 2812 et
1999 2742 2176 2834 pudicicia

153 2836 316 2930 imperii,
357 2864 462 2935 quam
495 2857 641 2932 regeret.
693 2838 742 2915 Et
773 2843 907 2913 bellum
942 2842 1141 2918 minitatur.
1190 2838 1326 2920 sanxit,
1352 2851 1393 2909 ut
1406 2836 1548 2931 capitali
1571 2840 1747 2932 supplicio
1770 2842 2004 2914 adficerentur
2026 2839 2178 2931 moechi,

155 2938 246 3014 Cum
263 2956 380 3012 autem
395 2942 467 3014 iam
481 2942 642 3016 Licinius
656 2944 790 3016 violato
806 2945 918 3039 priori
932 2945 1049 3017 edicto
1064 2945 1141 3016 foe-
1192 2950 1227 3007 et
1248 2962 1373 3010 omnes
1393 2939 1455 3034 qui
1476 2962 1514 3010 se
1534 2940 1701 3034 deinceps
1734 2943 1937 3036 polluerent
1963 2942 2176 3017 lihidinibus

154 3045 223 3115 dus
251 3045 422 3136 rupisset,
459 3060 495 3118 et
514 3046 607 3118 iusta
632 3047 678 3118 sit
698 3048 858 3117 defensio
887 3048 994 3118 ariam
1015 3060 1140 3118 contra
1192 3052 1314 3111 contra
1332 3053 1516 3128 naturam,
1542 3054 1577 3113 et
1596 3057 1712 3114 scorta
1738 3046 1892 3116 mascula
1918 3045 2021 3116 iussit
2043 3048 2177 3141 ubique

154 3143 292 3232 socios,
340 3148 385 3217 ad
415 3146 662 3241 depellendam
691 3148 913 3219 manifestam
941 3148 1141 3236 saeviciam,
1191 3142 1351 3218 interfici.
1391 3136 1581 3215 Prohihuit
1598 3156 1633 3216 et
1649 3145 1788 3217 civibus
1805 3147 2053 3242 polygamiam.
2085 3146 2178 3221 San·

154 3248 410 3345 Constantinus
428 3272 510 3321 cum
527 3249 601 3320 lilio
616 3248 743 3342 Crispo
758 3251 950 3322 exercitum
966 3250 1006 3320 in
1022 3246 1139 3322 Thra.
1190 3245 1261 3331 xit,
1287 3267 1333 3314 ne
1349 3239 1545 3317 Christiani
1564 3246 1637 3316 ulla
1661 3246 1793 3319 iniuria
1815 3263 1962 3342 propter
1983 3249 2176 3340 professio·

153 3354 248 3424 eiam
271 3352 387 3434 ducit,
419 3353 483 3425 uhi
505 3353 696 3424 adnabam
719 3347 1014 3446 Adrianopolim¹
1048 3376 1139 3446 quae
1191 3370 1276 3417 nem
1294 3347 1548 3435 adficerentur,
1580 3361 1614 3420 et
1637 3362 1678 3422 ut
1699 3350 1744 3420 ad
1769 3344 1923 3423 honores
1943 3351 2175 3423 admitteren·
2305 3393 2309 3403 ·

153 3479 252 3527 nunc
282 3479 425 3549 quoque
457 3468 540 3526 nota
571 3469 644 3541 est,
690 3453 829 3549 fuitque
861 3455 948 3526 olim
976 3449 1139 3537 Odrissa‚
1191 3462 1262 3524 tur.
1294 3448 1515 3522 Nominatim
1532 3474 1616 3521 vero
1632 3452 1767 3544 excepit
1784 3447 1988 3524 haereticos.
2026 3449 2176 3524 Curavit

152 3579 284 3648 magno
300 3558 432 3649 praelio
446 3556 756 3640 vincitLicinium,
771 3558 902 3653 dequo
917 3569 952 3628 et
968 3559 1140 3630 miracula
1190 3574 1314 3623 rursus
1329 3552 1488 3622 edificari
1503 3549 1792 3625 Christianorum
1809 3554 1959 3649 templa,
1980 3566 2017 3625 et
2039 3555 2174 3626 reditus

151 3674 363 3733 narrantur:
390 3674 593 3752 conspectas
613 3683 688 3732 esse
709 3658 748 3729 in
764 3674 846 3733 aare
858 3661 1020 3731 flammas
1032 3683 1139 3753 supra
1189 3652 1353 3728 attribuit
1368 3651 1586 3726 Pastoribus.

160 3763 352 3836 exercitum
376 3761 614 3838 Constantini.
689 3760 821 3835 Scribit
842 3759 1075 3834 Marcellinus
1099 3762 1138 3833 in
1290 3755 1364 3828 Pro
1384 3756 1540 3828 militum
1556 3757 1709 3829 utilitate
1724 3760 1859 3845 sanxit,
1884 3772 1925 3831 ut
1940 3757 2100 3853 praedia,
2132 3779 2173 3826 ex

153 3866 310 3939 exercitu
323 3862 569 3952 Constantini,
595 3866 657 3960 qui
673 3878 797 3937 contra
813 3861 994 3936 Licinium
1011 3867 1140 3937 ductos
1189 3858 1322 3954 quibus
1337 3871 1438 3930 antea
1453 3858 1586 3931 milites
1604 3855 1803 3932 habuerant
1821 3861 2017 3954 stipendia,
2042 3860 2173 3931 transi·

153 3984 224 4056 est,
255 3969 363 4040 fuisse
379 3967 599 4039 Francorum
612 3967 763 4054 auxilia,
793 3990 864 4062 qua
882 3989 925 4037 er
941 3990 981 4036 re
994 3967 1141 4058 adparet
1189 3974 1271 4032 rent
1285 3963 1331 4033 ad
1353 3957 1541 4048 haeredes,
1574 3974 1609 4033 et
1632 3962 1758 4033 fierent
1779 3963 1924 4056 propria
1944 3961 2172 4047 familiarum,

150 4071 427 4146 Constantinum
444 4070 664 4141 Francorum
683 4071 851 4142 virtutem
867 4068 987 4159 magni
1002 4070 1138 4143 fecisse.
1189 4063 1333 4151 sedita,
1358 4077 1399 4136 ut
1413 4076 1547 4134 certum
1565 4086 1753 4135 numerum
1769 4064 1925 4135 militum
1950 4063 2170 4156 praeberent.
2279 4120 2289 4131 .

194 4176 200 4187 '
255 4172 362 4263 Fugit
386 4198 426 4242 ex
442 4169 588 4263 Europa
604 4171 765 4244 Licinius
788 4172 826 4241 in
844 4164 1072 4266 Bithyniam,
1104 4184 1139 4246 et
1189 4164 1232 4237 ld
1249 4166 1394 4240 initium
1409 4178 1462 4238 est
1482 4164 1559 4236 eius
1581 4164 1711 4251 moris,
1741 4165 1805 4260 qui
1829 4188 1926 4235 nunc
1949 4163 2170 4236 servatoria

150 4299 277 4353 rursus
293 4277 484 4346 exercitum
500 4274 651 4366 collegit.
701 4273 772 4346 Sed
790 4273 844 4345 ibi
858 4297 1001 4369 quoque
1022 4275 1138 4346 victus
1188 4267 1339 4355 Feudis‚
1362 4282 1404 4340 ut
1417 4268 1664 4351 nominamus,
1689 4266 1726 4337 id
1741 4280 1793 4339 est
1807 4266 1961 4361 praediis
1977 4266 2145 4338 militum.

150 4402 277 4473 pacem
307 4378 414 4470 petit,
458 4378 564 4448 missa
591 4378 638 4448 ad
668 4375 839 4447 victorem
869 4398 991 4448 sorore
1025 4377 1137 4468 ipsius
1288 4370 1370 4442 Hoc
1395 4371 1565 4441 beneflcio
1588 4370 1704 4442 tenuit
1717 4367 1973 4444 Constantinus
1996 4370 2170 4459 obligatos
2306 4448 2322 4468 Ι

149 4481 384 4567 Constantia,
412 4505 502 4576 quae
524 4479 632 4551 νίιιιιι
656 4478 797 4549 Licinio
818 4477 947 4549 marito
969 4478 1137 4571 impetra·
1187 4495 1312 4544 omnes
1332 4468 1501 4544 honestos
1518 4473 1663 4548 milites.
1729 4469 1886 4568 ideoque
1907 4467 2004 4543 hunc
2031 4493 2169 4540 rnorem

150 4587 222 4658 vit:
249 4582 395 4667 sedita,
420 4598 461 4655 ut
477 4583 636 4674 privatus
649 4577 923 4653 Thessalonicae
944 4605 1027 4653 cum
1049 4605 1136 4653 con·
1186 4574 1363 4661 instituit,
1387 4589 1428 4648 ut
1443 4576 1592 4649 mallent
1613 4576 1652 4646 in
1674 4575 1850 4666 coniugiis
1873 4569 2020 4644 honeste
2039 4574 2168 4657 vivere,

148 4690 233 4780 inge
251 4685 398 4758 viveret.
1187 4692 1222 4750 et
1238 4703 1422 4771 procreare
1438 4677 1615 4761 sobolem,
1642 4703 1748 4774 quam
1763 4675 1884 4767 vagari
1899 4688 1940 4747 ut
1953 4687 2069 4746 antea.

254 4782 452 4883 Aliquanto
467 4796 548 4878 post
562 4783 740 4871 Licinius,
770 4810 851 4857 cnm
864 4808 921 4857 res
933 4806 1045 4855 novas
1056 4808 1136 4857 mo-

149 4894 301 4977 liretur,
325 4913 345 4960 a
360 4886 587 4961 Constantini
604 4887 780 4980 praesidio
789 4883 1063 4961 Thessalonicae
1078 4887 1136 4958 in-

151 4995 319 5068 terfectus
332 5005 396 5066 est.
446 4985 621 5061 Extinctis
641 4989 751 5080 igitur
772 4990 932 5086 quinque
955 4990 1135 5083 tyrannis:

151 5095 399 5180 Diocletiano,
429 5088 669 5176 Maximiano,
700 5090 903 5176 Maxentio,
935 5089 1135 5163 Maximino

151 5215 190 5273 et
203 5197 356 5285 Licinio,
378 5207 472 5266 tenet
488 5188 730 5266 monarchiam
749 5196 846 5267 solus
855 5185 1138 5279 Constantinus,

154 5300 220 5397 qui
246 5322 326 5373 cum
351 5299 445 5388 leges
465 5311 501 5368 et
522 5296 653 5367 iudicia
676 5296 791 5367 deleta
820 5309 954 5375 essent,
995 5308 1030 5368 et
1059 5318 1136 5366 non
1289 5286 1479 5359 Pacatiana
1498 5300 1533 5359 et
1548 5283 1716 5357 Mecellio
1730 5280 1830 5356 Coss.
1846 5276 2012 5353 inchoata
2038 5293 2090 5352 est
2111 5280 2169 5349 in-

155 5404 272 5477 solum
287 5400 392 5474 bellis
406 5398 594 5484 civilibus,
618 5399 679 5468 sed
700 5397 807 5471 etism
827 5396 996 5477 saevicia,
1029 5422 1135 5494 quam
1187 5390 1373 5465 stautratio
1386 5413 1572 5464 murorum
1586 5384 1772 5482 Byzantii,
1795 5387 1859 5481 qui
1876 5409 1897 5458 a
1912 5382 2044 5459 Severo
2057 5383 2169 5476 impe-

204 5508 382 5579 Mraasrrr.
407 5504 510 5577 Ores.
536 5503 620 5573 voa.
635 5500 713 5572 XII.
1579 5487 1662 5607 t62

1237 4845 1346 4919 Anno
1361 4843 1488 4916 mnndi
1507 4856 1631 4939 quater
1645 4838 1834 4912 millesimo
1845 4836 2087 4911 ducentesimo
2103 4863 2168 4909 no·

1393 4947 1573 5037 nogesimo
1589 4946 1752 5039 septimo.

1238 5046 1347 5120 Anno
1360 5046 1498 5122 Romae
1512 5048 1702 5118 millesimo
1718 5042 1955 5135 octuagesimo
1970 5041 2108 5138 quinto.

1238 5152 1347 5221 Anno
1361 5148 1588 5223 Constantini
1605 5147 1771 5220 vicesimo
1788 5160 1896 5218 sexto.
