4680 6038
141 198 239 281 tots
372 187 583 270 sentem
611 187 689 267 ru.
714 185 832 302 unc.
859 184 926 264 sn
940 154 1084 262 urse.
1110 181 1255 261 mor.
1283 182 1351 259 nr
1374 181 1571 263 eureos.
1597 183 1921 268 seraranan.
2071 196 2159 275 tort

139 397 265 466 magna
292 382 392 463 parte
416 364 521 440 Asiae
543 363 768 436 retinuerunt
791 362 933 434 circiter
955 361 1131 458 quadrin-
1180 360 1299 431 verbis
1314 360 1494 453 'excerptis
1516 384 1559 431 ex
1581 355 1778 437 Alcorano:
1801 360 1859 437 ὅτι
1882 361 1956 438 οὐκ
1975 356 2076 461 ἦλθε
2102 363 2160 441 deti

140 492 264 572 gentos
289 495 423 552 annos,
450 473 563 540 donec
586 491 647 537 rex
670 464 919 546 saracenicos,
956 465 1017 560 qui
1043 463 1130 535 Per·
1180 454 1396 555 θαυμάτων
1417 457 1512 535 ἀλλὰ
1533 458 1598 536 dcci
1621 459 1753 562 ξίφους
1771 461 1905 541 δοῦναι
1928 463 2001 542 τὸν
2034 464 2163 563 νόμον,

141 584 229 654 siam
249 577 384 658 tenuit,
411 585 533 644 contra
550 567 810 665 Babylonicum
821 567 959 638 Turcos
977 567 1131 655 attraxit,
1180 560 1245 638 καὶ
1268 568 1346 647 τοῖς
1366 560 1419 660 μὴ
1443 562 1679 660 πειθομένοις
1700 566 1804 668 αὐτῷ
1826 565 1999 654 θάνατος
2019 571 2162 667 immi

141 683 205 780 qni
221 680 389 774 paulatim
407 688 547 765 accepta
562 673 637 763 lege
648 667 887 742 Mobometica
904 683 1132 743 excusserunt
1180 664 1379 763 τιμωρίαῆ
1398 661 1540 765 φόρους
1559 664 1705 742 δοῦναι.

142 812 184 858 ex
215 805 327 873 regno
362 778 504 849 Persico
537 799 652 865 regern
689 774 937 847 Saracenicum
974 790 1132 865 tempore
1285 766 1444 842 Ordinat
1460 772 1570 861 igitur
1584 773 1758 846 militares
1780 777 1928 867 gradus,
1955 778 2167 850 etattribuit

142 882 371 963 Constantini
386 874 633 964 Monomaclti,
649 901 710 948 seu
727 876 884 947 Conradi
901 875 1043 960 Franci,
1056 899 1131 945 non
1182 874 1334 946 ducibus
1354 889 1388 945 et
1414 875 1591 946 militibus
1613 889 1706 947 certa
1730 878 1905 970 stipendia
1925 905 1967 950 ex
1984 881 2166 969 pensioni·

143 990 259 1063 multo
282 1000 364 1058 ante
390 981 551 1055 Gotfridi
579 980 839 1073 expeditionem
867 995 1060 1072 susceptam
1085 978 1129 1047 ad
1183 980 1250 1048 bus
1270 977 1444 1070 publicis,
1469 1001 1557 1071 quas
1579 1003 1653 1049 non
1677 980 1761 1052 licet
1783 976 1935 1052 ad'alios
1950 1006 2039 1054 usus
2057 998 2167 1055 trans·

144 1090 394 1165 Palaestinam.
447 1083 500 1158 Ac
525 1086 569 1154 de
594 1083 724 1153 Tttrcis
747 1108 788 1154 eo
811 1082 889 1153 loco
915 1080 1131 1175 pluradice·
1182 1080 1285 1150 ferre.
1337 1077 1476 1150 Deinde
1502 1081 1706 1170 seditiosos,
1732 1086 1930 1156 desertores
1955 1099 1990 1155 et
2013 1102 2167 1158 taxantes

145 1219 245 1271 mus.
268 1215 358 1287 quos
380 1188 486 1261 etiam
510 1186 688 1258 veteribus
708 1185 929 1278 temporibus
945 1210 1009 1255 nec
1027 1184 1131 1274 igno·
1183 1183 1320 1276 aliquid
1345 1184 1383 1253 in
1401 1178 1581 1253 Alcorano
1608 1185 1706 1257 iubet
1728 1187 1899 1272 interfici,
1927 1202 1971 1260 nt
1988 1190 2166 1279 legiturin

145 1315 216 1371 tam
243 1320 307 1364 nec
323 1293 482 1384 exiguam
501 1302 638 1381 gentem
655 1290 763 1359 fnisse
779 1300 925 1379 apparet
946 1312 986 1357 ex
1002 1284 1134 1371 Plinio,
1184 1285 1369 1377 excerptis:
1386 1286 1415 1356 el
1433 1279 1488 1366 cic
1501 1278 1615 1384 λόγον
1630 1285 1788 1383 ἀπορίας
1801 1290 1895 1363 εἴποι
1909 1291 1963 1373 εἷς
1977 1287 2024 1363 τὸ
2038 1285 2167 1385 acidior

146 1401 208 1496 qui
225 1398 363 1469 Turcos
384 1394 547 1465 nominat
570 1408 737 1486 tanquam
763 1391 898 1462 vicinos
921 1388 1133 1485 Tyssagetis,
1183 1383 1378 1483 παρευθὺς
1395 1386 1556 1485 θανάτῳ
1571 1387 1787 1486 τελευτήσει.

146 1517 278 1576 etsunt
302 1500 395 1592 apud
412 1496 639 1567 Herodotum
664 1496 702 1563 in
728 1492 973 1582 Melpomene,
1000 1491 1132 1586 Tyssa·
1286 1488 1336 1562 Ut
1357 1506 1473 1562 autem
1496 1506 1531 1564 et
1555 1493 1739 1567 illecebras
1762 1499 1886 1583 addat,
1915 1499 2086 1568 concedit
2110 1525 2163 1570 no·

147 1606 234 1697 getis
249 1602 359 1672 vicini
372 1603 518 1694 ltipxuc,
545 1599 642 1693 quod
658 1610 710 1668 est
726 1611 786 1668 aut
801 1594 940 1667 Turcae
958 1608 1019 1666 aut
1039 1593 1132 1668 lura.
1185 1587 1396 1693 λυγαμίαε,
1430 1608 1465 1665 et
1485 1595 1571 1665 sinit
1595 1598 1671 1667 lieri
1692 1599 1845 1670 divortia
1863 1601 2014 1692 privato
2028 1602 2165 1671 arbitrio

250 1704 542 1777 Consentaneum
566 1713 618 1770 est
643 1714 758 1770 autern
782 1712 919 1789 gentem
942 1698 1133 1769 Turcicam
1185 1698 1261 1766 sine
1284 1696 1485 1788 cognitione
1501 1696 1682 1782 ludicum,
1709 1716 1743 1771 et
1758 1703 1834 1772 sine
1850 1703 2044 1774 manifesta
2060 1728 2167 1778 causa

148 1806 341 1900 significari
364 1801 665 1898 appellationibus
688 1795 774 1897 Gog
796 1818 829 1872 et
846 1795 1016 1896 Mogog‚
1044 1822 1134 1894 quos
1187 1797 1325 1869 Deinde
1350 1816 1389 1870 ut
1412 1801 1458 1871 sit
1471 1803 1608 1872 occasio
1623 1805 1894 1892 beneficentiae,
1922 1831 2019 1900 quae
2033 1809 2161 1897 prodest

150 1907 321 1984 Ezechiel
336 1908 387 1979 ait
409 1921 549 1998 gentem
559 1905 872 1997 septentrionalem
887 1928 961 1975 esse
979 1902 1065 1996 Cap.
1087 1903 1133 1974 ts
1186 1905 1228 1972 ad
1247 1902 1494 1988 concordiam,
1520 1930 1595 1975 non
1613 1907 1727 1977 solum
1742 1908 1841 1978 iubet
1861 1909 1992 1999 largiri
2013 1911 2161 2002 pauperi·

150 2029 185 2086 et
204 2012 265 2087 19.
1188 2007 1274 2091 bus,
1300 2008 1359 2075 sed
1382 2007 1487 2091 etiam
1514 2033 1578 2100 pro
1602 2010 1740 2080 delictis
1755 2011 1899 2081 ordinat
1920 2012 2074 2083 mulctas
2089 2016 2168 2081 dan-

253 2112 413 2208 Apparet
441 2125 474 2183 et
497 2109 684 2183 Danielem
718 2113 761 2182 de
787 2108 997 2181 Saracenico
1027 2130 1134 2197 regno
1188 2110 1251 2177 das
1286 2110 1513 2200 pauperibus.
1580 2110 1633 2182 lta
1667 2115 1913 2184 remissionem
1951 2129 2169 2208 peecatomm

151 2217 270 2314 loqui,
303 2242 383 2288 cum
408 2215 579 2307 praedicit
595 2228 740 2309 quartae
758 2208 985 2282 monarchiae
1006 2211 1136 2281 distca-
1188 2212 1351 2283 transfert
1373 2212 1410 2280 in
1436 2213 1726 2285 satisfactionem:
1759 2231 1794 2288 et
1819 2219 1851 2286 si
1876 2218 1962 2311 quis
1997 2219 2082 2288 fecit
2103 2232 2169 2288 stn-

151 2324 326 2401 ctionem,
373 2331 560 2411 postquam
586 2319 654 2388 tale
680 2340 827 2405 regnum
850 2329 1039 2385 venturum
1064 2336 1137 2382 esse
1189 2339 1291 2405 prum
1307 2329 1368 2385 aut
1383 2315 1614 2399 adulterium,
1641 2331 1702 2388 aut
1719 2319 1850 2391 inravit
1863 2320 1978 2406 falso,
2003 2321 2104 2390 dives
2117 2345 2170 2390 re·

152 2424 289 2519 inquit,
312 2423 408 2516 qnod
426 2436 461 2493 et
483 2444 613 2491 novam
629 2419 826 2491 doctrinam
842 2417 1135 2488 contumeliosam
1188 2418 1268 2488 stiat
1281 2419 1401 2488 decem
1420 2418 1563 2513 inopes,
1589 2434 1651 2491 aut
1666 2422 1816 2492 redimat
1838 2423 1959 2512 precio
1987 2426 2170 2515 captivum.

154 2539 280 2600 contra
294 2521 410 2596 Deum
436 2523 666 2615 propagabit,
691 2535 727 2592 et
749 2521 840 2592 bella
858 2535 955 2611 geret
970 2521 1138 2589 adversus
1191 2518 1299 2611 lnops
1314 2520 1440 2592 vestiat
1455 2524 1545 2592 dnos
1554 2547 1743 2616 pauperes.
1795 2522 2009 2596 Homicidia
2032 2542 2066 2596 et
2083 2529 2168 2596 furta

156 2631 318 2704 Sanctos.
372 2627 414 2696 ld
438 2627 621 2716 perspicue
647 2624 811 2714 congruit
833 2627 878 2691 ad
902 2645 1051 2712 regnum
1073 2619 1138 2690 Sa·
1189 2622 1293 2714 punit
1312 2623 1402 2695 sicut
1414 2624 1469 2693 lex
1485 2623 1592 2699 Masi.
1647 2625 1697 2696 lta
1720 2630 1792 2697 duo
1809 2643 2000 2720 praecepta
2015 2630 2171 2700 utilitatis

154 2730 381 2812 racenicum,
414 2728 548 2820 inquo
576 2728 738 2797 doctrina
770 2747 928 2815 expresse
961 2722 1138 2793 contraria
1190 2749 1293 2795 causa
1320 2738 1504 2820 utcunque
1534 2730 1660 2799 retinet
1672 2752 1687 2795 :·
1708 2729 1790 2800 Non
1811 2731 1978 2817 occides,
2009 2747 2059 2803 et:
2093 2730 2169 2803 Non

156 2831 357 2922 Evangelio
372 2829 543 2912 traditur,
569 2852 660 2922 quae
673 2841 714 2898 ut
728 2827 895 2898 invitaret
917 2827 1055 2894 animos
1070 2825 1139 2892 mi-
1190 2829 1323 2901 furtum
1345 2828 1460 2903 facies.

154 2937 295 3019 litaret,
319 2944 432 3003 astute
449 2931 543 3003 laxat
560 2930 597 2999 in
612 2931 759 3022 privatis
776 2930 936 2999 moribus
950 2928 1140 3012 licentiam,
1293 2926 1431 3001 Deinde
1453 2945 1493 3002 ut
1522 2933 1787 3006 distinctionem
1817 2961 1905 3008 suae
1936 2935 2164 3009 multitudinis

155 3054 189 3112 et
213 3038 252 3107 in
275 3035 417 3128 publica
441 3033 701 3104 consociatione
731 3032 1019 3115 beneficentiam,
1052 3054 1139 3100 con·
1191 3058 1210 3103 a
1235 3034 1381 3103 caeteris
1401 3034 1567 3124 gentibus
1590 3039 1739 3123 faceret,
1781 3052 1816 3109 et
1842 3041 1970 3135 aliqua
1995 3037 2169 3130 religionis

155 3139 313 3213 cordiam
328 3151 363 3207 et
380 3137 485 3207 decus
503 3137 654 3208 militiae
669 3135 864 3205 confirmat.
890 3130 938 3205 Et
953 3133 1034 3229 quia
1052 3133 1140 3202 scie·
1191 3136 1323 3227 species
1348 3149 1455 3221 esset,
1495 3141 1711 3211 ceremonias
1740 3141 1902 3227 addidit,
1944 3145 2010 3213 sed
2039 3164 2172 3235 paucas,

155 3245 218 3316 bat
235 3240 381 3311 dissidia
398 3238 486 3309 oriri
502 3241 546 3308 de
561 3239 766 3308 difficilibus
780 3237 961 3324 articulis,
987 3236 1139 3331 quinon
1191 3239 1274 3332 qnia
1298 3240 1401 3310 turba
1420 3240 1586 3312 militaris
1605 3268 1679 3314 non
1703 3245 1837 3338 patitur
1859 3247 1980 3317 multa
2002 3246 2083 3317 talia
2098 3245 2171 3312 vin·

156 3345 363 3417 iudicantur
384 3342 541 3419 ratione,
567 3341 720 3411 removit
743 3340 945 3410 doctrinam
965 3343 1010 3410 de
1025 3338 1141 3408 tribus
1191 3341 1282 3411 cula.

156 3444 324 3520 Personis
344 3444 562 3528 divinitatis,
584 3459 618 3516 et
643 3442 829 3513 contendit
844 3456 982 3512 tantum
997 3441 1139 3511 unicam
1291 3441 1459 3516 Retinuit
1492 3448 1813 3537 circumcisionem,
1859 3464 1901 3521 ut
1956 3451 2173 3523 confirmaret

156 3571 345 3643 personam
361 3570 434 3617 esse
450 3544 580 3619 Deum.
615 3544 728 3636 Negat
743 3544 782 3613 in
799 3540 942 3616 Christo
960 3548 1049 3615 duas
1066 3566 1139 3613 esse
1193 3546 1454 3637 persuasionem
1471 3551 1515 3618 de
1529 3574 1637 3640 regno
1652 3556 1825 3644 promisso
1843 3556 2050 3646 posteritati
2065 3552 2172 3625 Sarae.

156 3666 312 3723 naturas.
608 3682 614 3689 ·
1197 3647 1353 3718 instituit
1376 3651 1470 3719 diem
1494 3654 1644 3735 festum,
1671 3656 1733 3749 qui
1756 3658 1860 3728 nobis
1884 3671 1935 3727 est
1961 3672 2084 3730 sextus
2105 3658 2168 3724 dies

258 3751 357 3822 Haec
378 3751 481 3818 avide
510 3749 730 3838 accipiebant
755 3746 896 3829 ludaei,
934 3761 967 3816 et
995 3746 1140 3836 plurimi
1196 3746 1456 3822 hebdomadae:
1506 3756 1605 3828 iubet
1641 3760 1801 3851 quotidie
1833 3761 1905 3830 dici
1934 3762 2169 3853 precationem

159 3856 222 3948 qui
238 3851 499 3925 Samosatenica
521 3850 679 3939 contagia
699 3850 824 3919 inillis
847 3846 935 3918 locis
951 3842 1141 3936 habebant,
1193 3854 1397 3948 quinquies:
1424 3860 1586 3930 concedit
1608 3861 1701 3931 vesci
1716 3864 1876 3932 omnium
1895 3866 2174 3958 quadrupedum,

158 3959 249 4030 sicut
271 3968 306 4025 et
327 3967 492 4024 narratur
508 3955 545 4022 in
566 3947 751 4021 Alcorano
767 3952 954 4022 scribendo
969 3946 1140 4046 Sergium
1193 3957 1379 4028 volucrum
1397 3973 1430 4030 et
1445 3960 1594 4048 piscium
1611 3965 1794 4045 carnibus,
1821 3980 1969 4056 excepta
1986 3966 2094 4037 suilla
2108 3988 2173 4034 car·

159 4052 394 4134 monachum,
435 4071 469 4127 et
500 4056 589 4125 alios
611 4057 783 4149 quosdam
805 4051 1000 4124 haereticos
1024 4069 1058 4126 et
1080 4054 1140 4124 lu·
1193 4084 1257 4128 ne:
1300 4062 1526 4133 servantibus
1548 4060 1640 4135 banc
1662 4067 1772 4156 legem
1798 4069 1982 4159 promittit
2017 4069 2174 4140 victorias

158 4163 266 4232 dacos
287 4153 468 4228 adhibitos
493 4182 587 4242 esse,
613 4182 766 4250 quorum
793 4158 1050 4227 deliberatione
1075 4183 1141 4249 po·
1193 4176 1226 4231 et
1247 4186 1331 4254 opes
1356 4163 1392 4231 in
1417 4160 1483 4233 bac
1510 4168 1600 4252 vita,
1627 4183 1662 4239 et
1683 4186 1761 4262 post
1777 4164 1869 4239 banc
1885 4172 2003 4240 vitam
2020 4171 2059 4239 in
2077 4170 2173 4241 Para·

159 4263 297 4357 pularia
321 4263 484 4350 dogmata
508 4258 614 4331 electa
641 4261 734 4342 sint,
756 4276 791 4330 et
808 4284 863 4329 res
882 4261 1038 4331 ostendit
1055 4254 1141 4329 haec
1193 4264 1288 4347 diso,
1315 4279 1356 4336 ut
1370 4268 1622 4357 ipsenominat
1639 4273 1782 4341 delicias
1797 4289 1832 4343 et
1847 4274 1985 4361 gandia
2002 4275 2084 4343 sine
2101 4274 2173 4351 fine,

159 4368 234 4436 duo
255 4375 366 4433 astute
389 4364 535 4430 confusa
560 4386 650 4447 esse,
683 4356 1006 4432 enthusiasmorum
1030 4363 1142 4433 simu·
1193 4391 1233 4435 ac
1256 4381 1351 4437 certo
1376 4370 1504 4439 beatos.
1517 4374 1594 4443 fore
1607 4376 1757 4445 affirmat
1772 4399 1897 4446 omnes
1914 4376 2066 4448 fortiter
2080 4400 2172 4469 prae·

159 4465 329 4549 lotiones,
353 4476 387 4533 et
407 4464 569 4551 dogmata
588 4464 793 4557 popularia,
818 4464 962 4534 sicutfit
979 4466 1025 4534 ab
1041 4462 1141 4535 Ana·
1192 4470 1372 4538 liantesin
1391 4472 1476 4542 acie.
1623 4457 1627 4465 ⁴

158 4567 333 4661 baptistis.
1295 4569 1370 4642 Has
1394 4573 1487 4662 leges
1510 4601 1590 4645 cum
1608 4579 1711 4648 turba
1729 4578 1896 4649 militaris
1912 4581 2074 4653 libenter
2091 4582 2171 4652 acci·

267 4666 405 4738 Deinde
446 4663 579 4738 taxavit
620 4661 846 4739 Mabometus
886 4663 1141 4759 Evangelium,
1193 4687 1312 4766 peret,
1344 4677 1413 4744 cito
1434 4678 1544 4748 crevit
1575 4681 1785 4765 multitudo,
1822 4698 1855 4752 et
1892 4684 2071 4754 victoriae
2098 4685 2171 4773 legis

97 4792 110 4815 ·
159 4771 257 4865 quod
279 4762 467 4862 probibeat
498 4767 709 4856 vindictam,
740 4784 775 4841 et
796 4795 870 4840 non
895 4784 996 4860 cogat
1020 4773 1139 4862 gladio
1192 4779 1416 4848 autoritatem
1440 4795 1622 4850 auxerunt.
1682 4778 1748 4853 Est
1768 4798 1886 4854 autem
1909 4787 2031 4857 forma
2055 4810 2170 4877 prope·

159 4870 312 4965 populos
335 4870 381 4940 ad
404 4870 656 4944 obedientiam.
709 4870 758 4942 Ut
780 4873 886 4960 igitur
910 4874 1139 4962 legemsuam
1193 4881 1336 4948 modum
1357 4879 1551 4952 Laconicae
1568 4884 1712 4967 similis,
1739 4887 1929 4979 praecipue
1950 4889 1995 4958 ad
2016 4890 2168 4958 militias

159 4987 312 5045 arrnaret
336 4967 580 5052 Mabometus,
606 4974 693 5042 dicit
715 4974 902 5064 imperium
927 4999 1009 5045 suae
1033 4977 1141 5066 genti,
1191 4979 1336 5054 directa.

159 5076 244 5169 quia
260 5076 306 5146 sit
322 5087 401 5146 orta
416 5099 435 5144 a
450 5073 557 5158 Sara,
584 5076 795 5165 promissum
813 5100 905 5160 esse,
932 5093 966 5148 et
980 5079 1015 5148 id
1032 5079 1140 5149 armis
1293 5084 1521 5176 Scripserunt
1537 5089 1766 5159 refutationes
1782 5087 1925 5175 Graeci,
1955 5119 2047 5188 quas
2064 5096 2169 5188 inspi·

161 5178 405 5267 occupandum
421 5199 513 5262 esse,
536 5189 570 5246 et
587 5179 760 5266 cogendas
781 5199 854 5246 esse
870 5204 995 5248 ornares
1008 5196 1140 5271 gentes,
1193 5208 1272 5253 cere
1288 5187 1376 5255 utile
1392 5203 1463 5271 est,
1488 5190 1525 5257 in
1541 5191 1673 5284 quibus
1687 5188 1753 5262 hoc
1769 5207 1863 5263 recte
1877 5195 2027 5272 dicitur.

160 5289 201 5349 ut
214 5291 275 5348 aut
290 5278 356 5367 legi
374 5272 634 5349 Mabometicae
651 5279 839 5358 obediant,
862 5295 921 5351 aut
937 5282 1058 5352 vivant
1073 5307 1139 5375 op-
1293 5287 1437 5359 Nullam
1455 5294 1652 5362 doctrinam
1669 5294 1716 5364 de¹
1729 5291 1804 5363 Deo
1829 5299 2066 5388 posteriorem
2083 5298 2168 5391 Aper

160 5379 270 5474 pressi
293 5378 473 5454 servitute.
523 5376 621 5450 Haec
646 5381 742 5450 enim
764 5382 872 5452 verba
902 5383 1070 5473 leguntur
1099 5386 1137 5456 in
1192 5388 1312 5476 stolis,
1337 5394 1468 5486 quibus
1487 5394 1581 5465 lilius
1597 5395 1663 5468 Dei
1680 5397 1936 5471 resuscitatione
1953 5417 2167 5477 mortuorum
