4680 6038
156 242 240 331 117
552 254 556 259 ·
745 260 808 311 ...0
848 212 1505 325 uecuutttttuottuaututtts.
1770 296 1809 327 -,
2112 172 2196 336 ,778

162 434 286 495 unam
302 419 342 491 ia
357 432 454 495 tanta
467 418 682 494 ieiunitate
700 413 861 491 hnmana
873 414 1160 513 experiuntur'hi
1213 415 1270 491 his
1284 420 1352 491 fuit
1368 433 1402 493 et
1416 421 1549 492 familia
1561 416 1680 506 Iulia,
1695 425 1742 497 ab
1750 422 1831 498 'Iulo
1847 442 1936 516 orta,
1951 453 2042 526 quae
2055 456 2203 526 regnum

144 522 257 617 ¹ipsi,
281 517 437 597 humana
452 524 601 597 cunulis
617 537 653 595 et
671 519 1044 594 virenhumanasaou
1061 523 1161 593 suib-
1212 520 1328 593 Albae
1342 537 1513 595 tenuerat.
1556 523 1641 597 ldeo
1655 528 1749 600 dixit
1762 526 1954 614 Homerus,
1980 530 2122 607 Aeneae
2138 564 2204 631 po·

165 646 247 699 rare
265 627 316 697 sd
339 626 648 697 eonstimaudset
667 626 855 707 retinenda
872 626 1036 719 imperia.
1087 623 1158 697 Sed
1213 625 1405 697 steritatem
1423 641 1649 717 regnaturam
1659 654 1748 703 esse.
1795 632 1845 705 Et
1866 636 1944 707 nati
1963 653 2147 726 natorum,
2171 654 2205 711 et

164 728 325 803 fatentur
348 748 478 801 omnes
505 752 582 801 non
612 729 758 812 furiosi,
792 752 913 800 ueram
941 750 1015 799 esse
1036 750 1159 799 vocem
1190 729 1275 824 ¹qui
1292 742 1485 800 nascentur
1496 731 1544 800 ab
1558 732 1643 803 illis.

163 831 349 907 Danielis:
376 827 473 907 Deus
489 833 657 905 uanam
671 831 1034 924 at-stabilitimperia.
1313 827 1350 900 A
1358 855 1472 903 neas
1493 827 1552 902 M
1555 833 1655 903 arti
1661 858 1710 905 us
1735 838 1994 929 annosviginti
2016 857 2181 937 quatuor.

146 988 162 1001 .
269 932 411 1007 Persica
433 935 605 1025 potentia.
627 935 809 1026 complexa
838 949 920 1007 erat
946 931 1159 1004 florentissi-
1311 927 1620 1033 Tarquinius
1659 930 1855 1010 Priscus
1902 966 2016 1013 annos
2059 944 2205 1039 triginta

144 1058 262 1121 ,anam
279 1052 414 1128 partem
434 1037 743 1124 orbls'terraru'm,
768 1050 803 1108 et
823 1052 897 1110 erat
912 1037 1086 1108 instructa
1102 1036 1160 1105 ir·
1209 1050 1355 1130 septem.

146 1137 264 1233 ,genti
281 1139 571 1211 multitudinaet
589 1141 725 1212 robore
743 1137 949 1226 hominum,
975 1154 1009 1211 et
1024 1138 1160 1209 divitiis
1314 1134 1345 1209 S
1352 1137 1448 1208 ervi
1455 1165 1507 1211 as
1540 1137 1579 1212 T
1586 1138 1635 1212 al
1642 1138 1683 1213 ti
1690 1166 1733 1215 us
1769 1146 2005 1239 quadraginta
2039 1163 2206 1243 quatuor.

142 1241 386 1333 meatibus.
437 1238 541 1313 Hanc
562 1246 698 1313 tantam
713 1242 915 1336 potentiam
932 1242 1161 1314 evertitado-
1210 1239 1256 1312 ln
1265 1235 1373 1313 huius
1390 1257 1566 1315 senectam
1584 1246 1711 1317 incidat
1724 1262 1868 1319 curuum
1880 1248 2042 1321 Persicae
2056 1274 2206 1322 monsr-

142 1344 322 1429 sternens,
347 1357 451 1417 natus
474 1340 691 1416 in=bsrridis
712 1347 897 1418 montibus
914 1343 1161 1432 Macedoniae,
1211 1340 1331 1432 chiae,
1356 1359 1398 1418 ut
1410 1370 1493 1416 mox
1511 1347 1679 1419 dicemus.
1729 1349 1799 1421 Sed
1821 1353 2006 1425 brevitatis
2021 1375 2124 1426 sauss
2146 1349 2206 1424 hic

143 1446 265 1551 ,quad
290 1446 368 1519 lieri
388 1470 463 1519 nou
486 1448 625 1541 potuit,
648 1446 824 1523 nisi-lieo
842 1463 882 1522 et
902 1458 1063 1520 armante
1088 1448 1160 1518 dn·
1211 1447 1374 1518 omnium
1388 1470 1511 1539 regum
1527 1447 1776 1522 Romanorum
1791 1454 1937 1524 nomina
1953 1455 2152 1530 recitamus.

141 1566 267 1634 ,casm
289 1561 324 1621 et
337 1550 560 1639 gubernante
573 1563 747 1623 eventus·
769 1574 774 1581 ·
808 1594 811 1599 -
842 1558 858 1579 ‘²
1312 1544 1614 1649 Tarquinius
1630 1550 2017 1649 Superbasviginti
2035 1558 2205 1652 quinque.

147 1672 193 1717 .·
269 1649 369 1740 Quid
382 1652 585 1725 mirabilius
594 1666 659 1735 est,
681 1675 788 1749 quara
798 1651 1158 1734 urbem-Romanam,
1210 1648 1281 1722 Hie
1294 1654 1460 1745 expulsus
1477 1667 1529 1725 cst
1543 1678 1652 1745 regno
1669 1670 1813 1750 propter
1828 1658 2033 1746 filiiscelus,
2052 1661 2116 1753 qui
2130 1658 2205 1730 Lu-

142 1774 248 1839 ‚eran
265 1767 441 1827 esset-tam
457 1755 683 1838 turbulenta,
709 1772 745 1829 et
766 1769 993 1852 quassaretur
1006 1756 1158 1826 subinde
1211 1755 1355 1826 cretiam
1372 1780 1435 1846 per
1449 1756 1524 1825 vim
1542 1773 1806 1850 compresserat.
1860 1758 1902 1830 ld
1919 1763 2120 1856 exemplum
2139 1786 2205 1832 no·

141 1857 373 1939 .domesticis
394 1857 604 1940 discordiis,
629 1871 666 1931 et
686 1879 788 1951 saepe
812 1861 859 1930 ab
873 1858 1027 1929 externis
1044 1854 1158 1928 bosti-
1210 1868 1288 1929 tum
1307 1857 1355 1928 sit
1368 1857 1463 1929 inter
1478 1858 1671 1930 libidinum
1689 1884 1833 1954 poenas.

140 1958 482 2051 ‚bus-‚vinearetum
512 1973 632 2032 umen
653 1957 861 2033 monarchia
890 1960 1040 2052 potitam
1060 1958 1160 2030 esse?

139 2058 239 2139 ,sed
265 2059 364 2136 Deus
395 2062 548 2135 subinde
576 2064 716 2158 aliquos
749 2066 857 2133 duces
879 2063 996 2149 dedit,
1028 2062 1159 2133 virtute
1384 2030 1453 2102 De
1487 2031 1698 2105 munda
1732 2032 2024 2109 ΜΜΜῙΜ

141 2178 405 2257 ..praestantem
417 2178 478 2238 .-.et
503 2179 652 2237 eventus
687 2163 919 2254 gubernavit,
951 2161 1159 2250 Camillum,
1276 2161 1318 2233 lu
1333 2163 1403 2234 fine
1418 2164 1553 2258 primae
1567 2162 1794 2239 monarchiae
1805 2167 1902 2239 Deus
1917 2170 2023 2240 etiarn
2038 2171 2078 2240 in
2095 2194 2205 2262 regno

138 2262 323 2354 AEabios,
356 2267 542 2360 Scipiones
561 2281 629 2341 etc.
687 2267 813 2340 Voluit
828 2266 932 2338 ¹'enim
955 2288 1078 2358 regum
1100 2278 1159 2361 ty·
1208 2261 1432 2361 Babylonico
1460 2292 1619 2340 summos
1646 2293 1744 2360 reges
1766 2269 2041 2345 Nebuoaduezar
2074 2285 2108 2343 et
2131 2273 2208 2344 cius

137 2370 338 2443 ‚renuides
369 2371 519 2465 punire,
543 2384 586 2442 et
608 2372 663 2440 in'
677 2394 717 2441 ea
740 2372 829 2442 urbe
851 2370 1024 2441 collocare
1044 2369 1159 2458 impe·
1210 2367 1324 2438 lilium
1348 2371 1393 2441 ad
1415 2368 1593 2442 Ecclesiae
1619 2373 1820 2444 societatem
1834 2374 2038 2463 ingentibus
2053 2375 2207 2447 miracu·

135 2472 215 2549 ,rii
239 2497 385 2559 arcem,
411 2473 502 2545 sicut
524 2474 696 2565 scripturn
717 2486 787 2546 est:
817 2471 969 2563 Propter
989 2471 1158 2541 iniuriam
1211 2469 1256 2538 lis
1272 2471 1422 2545 vocavit.
1475 2469 1572 2561 Quia
1602 2475 1745 2545 volebat
1770 2470 1826 2545 his
1851 2475 2063 2546 testimoniis
2085 2490 2206 2550 osten·

137 2594 317 2662 ,regnum
353 2598 373 2645 a
409 2586 522 2665 gente·
546 2575 586 2645 in
626 2588 769 2666 gentem
810 2576 1035 2647 transfertur.
1110 2566 1160 2641 Et
1211 2572 1313 2652 dere,
1338 2596 1428 2666 quae
1444 2587 1478 2643 et
1493 2575 1558 2645 ubi
1582 2589 1667 2646 tune
1690 2589 1765 2646 erat
1783 2601 1864 2646 vera
1887 2579 1931 2648 de
1951 2574 2027 2647 Deo
2044 2578 2204 2650 doctrina

138 2698 332 2766 smgnam
357 2678 577 2770 opulentiam
599 2700 638 2748 ac
653 2679 847 2769 potentiam
864 2676 1081 2748 comitantur
1101 2674 1159 2744 lu·
1211 2685 1244 2742 et
1262 2698 1344 2745 sera
1360 2672 1527 2749 Ecclesia.
1579 2673 1672 2747 Cum
1696 2691 1813 2748 autem
1833 2679 1958 2751 tertius
1978 2677 2206 2770 aNabogdo·

139 2800 254 2864 atus,
278 2780 466 2871 superbia,
493 2780 711 2862 discordiae,
738 2794 773 2852 et
795 2779 865 2850 aba
889 2778 1039 2864 scelera,
1068 2799 1160 2871 quae
1211 2798 1320 2846 nosor
1332 2778 1531 2850 restitueret
1542 2778 1651 2866 idola,
1665 2794 1700 2852 et
1712 2775 1949 2871 blasphemias
1963 2793 2104 2852 caneret
2118 2804 2205 2852 con·

141 2902 301 2975 poenas
316 2895 350 2952 et
365 2882 577 2953 mutationes
585 2881 824 2973 'impuriorem
839 2873 1044 2966 attrahunt,
1068 2880 1160 2949 sicut
1212 2891 1267 2949 tra
1289 2902 1414 2949 verum
1431 2879 1569 2966 Deum,
1594 2904 1758 2953 excussus
1774 2898 1825 2953 est
1849 2906 1889 2951 es
1913 2905 2044 2972 reguo,
2067 2896 2103 2955 et
2121 2906 2205 2955 mo-

138 2982 305 3061 baiano
335 2996 405 3055 est:
439 2983 530 3055 Nam
561 2997 696 3054 caetera
717 3006 844 3075 regna,
877 2983 1036 3054 luxuries
1059 2981 1160 3051 viciis
1212 2975 1394 3067 narchiaa
1413 2975 1604 3053 Chaldaeis
1618 2985 1661 3053 ad
1676 2982 1800 3053 Persas
1816 2985 1986 3055 translata
2003 2997 2065 3059 est.

166 3083 332 3181 odiisque
346 3086 511 3178 superbia
525 3086 643 3157 vertit.
694 3084 875 3156 Intuentes
889 3084 1000 3174 igitur
1011 3083 1161 3175 imperia
1313 3081 1391 3152 llas
1406 3084 1638 3154 translatione
1653 3081 1750 3154 Deus
1771 3086 1877 3154 simul
1895 3099 1928 3156 et
1951 3085 2095 3178 punivit
2110 3086 2205 3157 hlas-

138 3188 362 3279 .-cogiternus
384 3192 428 3260 de
454 3188 594 3259 iusticia
617 3184 705 3273 Dei,
739 3187 921 3278 punientis
945 3185 1093 3266 scelera,
1127 3197 1162 3255 et
1213 3178 1382 3274 phemum
1399 3207 1536 3273 regem,
1562 3200 1596 3257 et
1619 3184 1812 3256 Ecclesiam
1841 3187 2040 3259 exulantem
2063 3188 2206 3259 reduxit

138 3290 216 3363 .de
232 3290 391 3362 bonitate
405 3294 497 3372 eius,
525 3290 768 3360 conservantis
785 3289 941 3384 aliquam
958 3287 1161 3358 societatem
1213 3287 1252 3354 in
1282 3285 1455 3379 patriam,
1485 3311 1531 3357 ne
1560 3289 1588 3357 si
1620 3288 1701 3358 finis
1728 3312 1803 3357 non
1832 3302 1922 3361 esset
1951 3288 2205 3379 dissipationis,

157 3392 309 3484 ‚generis
339 3390 489 3465 humani
518 3407 552 3463 et
582 3392 765 3477 ordinem,
798 3405 839 3462 ut
861 3390 982 3480 colligi
1002 3384 1161 3459 Ecclesia
1213 3410 1299 3478 gens
1325 3386 1456 3459 ludaea
1477 3390 1640 3461 funditus
1664 3389 1812 3481 periret,
1845 3415 1951 3483 quam
1974 3391 2088 3463 voluit
2107 3387 2205 3461 Deus

138 3552 144 3571 .
164 3496 301 3589 possit,
326 3509 361 3567 et
381 3497 475 3567 veris
495 3496 688 3587 gemitibus
708 3508 890 3587 petamus,
914 3508 955 3565 ut
979 3493 1041 3563 det
1055 3490 1161 3561 nobis
1213 3485 1345 3560 habere
1365 3502 1494 3563 certam
1508 3494 1627 3563 sedem
1643 3506 1678 3563 et
1693 3492 1865 3583 politiam,
1886 3505 1926 3563 ut
1940 3493 2100 3576 sciretur,
2113 3514 2205 3585 quae

166 3597 339 3671 salutaria
361 3599 531 3690 imperia,
561 3611 596 3669 et
619 3620 824 3684 caveamus,
847 3620 893 3668 ne
916 3594 1048 3665 nostris
1062 3594 1162 3664 iuro·
1214 3605 1248 3664 et
1266 3592 1330 3664 ubi
1355 3607 1445 3664 esset
1465 3618 1547 3665 vera
1568 3596 1612 3664 de
1628 3591 1705 3664 Deo
1731 3595 1892 3664 doctrina
1915 3608 1949 3664 et
1969 3592 2144 3675 Ecclesia,
2169 3607 2205 3664 et

165 3700 272 3773 ribus
287 3701 488 3777 turbentur.
1213 3697 1277 3765 ubi
1292 3694 1399 3766 vellet
1421 3695 1539 3782 nasci,
1563 3696 1718 3788 conspici
1746 3709 1780 3765 et
1807 3695 1923 3766 audiri
1940 3693 2120 3768 Messiam.

272 3802 385 3876 Initio
411 3801 529 3876 Roma
555 3802 749 3893 gubernata
777 3813 828 3871 est
852 3823 872 3870 a
900 3799 1063 3890 regibus,
1096 3820 1161 3868 an·
1316 3795 1470 3887 Legatur
1501 3812 1618 3873 autem
1647 3800 1741 3890 apud
1767 3797 1952 3870 Danielem
1985 3794 2133 3870 historia
2160 3797 2205 3867 de

167 3928 239 3979 nos
259 3904 347 3992 244,
367 3919 455 3979 teste
476 3904 600 3989 Livio,
627 3928 731 3998 quem
759 3904 798 3973 in
820 3901 984 3977 Romana
1012 3897 1162 3972 historia
1214 3921 1317 3971 causa
1338 3900 1528 3972 translatae
1548 3896 1792 3984 monarchiae,
1818 3901 1861 3968 de
1877 3893 2105 3990 blasphemiis
2118 3897 2206 3969 Bal-

138 4066 144 4085 .
167 4009 273 4103 sequi
286 4009 519 4080 rectissimum
537 4021 601 4078 est.
654 4005 762 4099 Apud
784 4007 900 4098 ipsum
923 4004 1028 4075 etiam
1041 4026 1161 4074 rerum
1214 4000 1369 4089 dassari,
1394 4004 1488 4074 etde
1502 4027 1612 4073 manu
1628 4001 1816 4073 scribentis
1836 4000 1875 4069 in
1891 4000 2023 4094 pariete
2040 4001 2108 4071 tria
2123 4023 2205 4091 ver-

141 4124 349 4203 gestarum
374 4112 480 4181 series
508 4110 655 4201 legenda
686 4108 755 4194 est,
789 4123 823 4181 et
851 4107 1163 4191 considerandum,
1213 4104 1279 4184 ba,
1305 4128 1396 4197 quae
1417 4104 1637 4196 significant,
1662 4102 1881 4174 circumactis
1902 4102 2058 4195 periodis
2076 4123 2205 4192 regno·

143 4258 148 4291 :
168 4214 324 4287 crevisse
339 4215 532 4305 potentiam
548 4214 636 4282 foris
651 4211 798 4282 militari
813 4212 935 4281 labore
953 4222 988 4280 et
1002 4206 1162 4301 discipli·
1213 4231 1293 4277 rum
1307 4207 1453 4279 deficere
1469 4207 1710 4292 autoritatem,
1736 4219 1770 4274 et
1785 4228 1867 4275 mox
1885 4205 1984 4298 sequi
1999 4203 2205 4290 discordias,

167 4338 237 4387 na:
267 4317 366 4386 domi
385 4340 468 4385 vero
485 4316 658 4385 modestia
677 4327 710 4383 et
726 4313 865 4384 iusticia
883 4309 1163 4403 gubernationis,
1215 4333 1304 4403 quae
1332 4322 1416 4378 sunt
1445 4310 1613 4380 exitiosae
1634 4306 1807 4401 imperiis.
1865 4303 2056 4395 Quomodo
2085 4318 2204 4378 autem

149 4454 152 4461 ·
169 4432 207 4491 et
224 4419 393 4491 ordinum
417 4443 457 4487 ac
477 4441 628 4487 onerum
643 4416 884 4491 distinctione.
935 4413 1061 4485 Postea
1078 4436 1163 4504 pro-
1214 4424 1413 4502 congruant
1425 4411 1679 4505 appellationes
1694 4432 1814 4501 regum
1823 4405 2048 4480 Persicorum
2061 4404 2205 4479 aGrae-

146 4534 255 4617 -pter
284 4520 508 4615 tyrannidem
536 4533 571 4590 et
599 4519 768 4589 libidines
795 4519 935 4611 pulsam
960 4539 1034 4587 esse
1057 4513 1163 4585 lami·
1215 4513 1265 4584 cis
1282 4513 1464 4595 recitatae,
1489 4515 1534 4586 ad
1549 4510 1733 4585 Danielem
1757 4524 1793 4583 et
1805 4509 1969 4597 Esdram,
1993 4510 2097 4581 initio
2122 4510 2204 4580 bre·

145 4710 150 4717 ,
169 4622 261 4697 liam
283 4623 435 4713 regiam,
465 4622 556 4692 sicut
568 4622 769 4712 saepissime
784 4642 908 4691 causae
923 4618 1162 4690 mutationum
1214 4617 1306 4686 viter
1320 4615 1448 4689 dicam.

144 4728 216 4797 .in
239 4724 399 4816 imperiis
421 4723 591 4793 libidines
614 4724 776 4807 luerunt,
809 4723 905 4793 iuxta
924 4722 1058 4792 dictum
1079 4718 1163 4788 uni·
1317 4715 1446 4787 Graeci
1461 4715 1621 4788 Persicos
1635 4715 1751 4807 Reges
1768 4716 1817 4785 sic
1836 4726 2040 4785 numerant:

168 4828 328 4899 versale:
356 4822 488 4897 Omnis
503 4826 620 4896 anima
639 4850 728 4919 quae
743 4824 866 4897 lecerit
881 4821 1163 4894 abominationes
1266 4810 1421 4914 Cyrus
1442 4819 1604 4910 regnavit
1619 4842 1733 4891 annos
1750 4817 1877 4908 viginti
1896 4840 2037 4886 novem.

169 4926 262 5014 bae,
286 4929 537 5003 eradicabitur.
589 4926 662 4999 llic
685 4928 842 4998 breviter
867 4925 1013 4996 nomina
1036 4945 1161 5014 regum
1266 4913 1521 5015 Cambyses
1547 4944 1659 4992 anuos
1681 4933 1831 5012 septem,
1856 4914 2177 5009 mensesquinque.

168 5031 431 5109 adscribamus.
1266 5018 1469 5110 Dorias,
1496 5023 1591 5093 filius
1605 5021 1801 5115 Histaspis,
1836 5042 1948 5091 annos
1970 5018 2114 5111 triginta
2134 5039 2203 5086 ser.

279 5125 511 5204 Romulus
533 5130 693 5219 regnavit
708 5152 821 5200 annos
837 5128 982 5219 triginta
996 5142 1087 5199 octo.
1266 5119 1309 5197 X
1313 5145 1446 5196 erues
1472 5149 1584 5196 annos
1608 5122 1746 5214 viginti.

280 5228 432 5308 Numa
448 5255 560 5306 annos
575 5233 810 5326 quadraginta
826 5246 908 5305 tres.
1268 5222 1565 5300 Artaxerxes
1586 5227 1831 5316 Longimauus
1849 5222 2094 5317 quadraginta.

279 5331 479 5409 Tullius
501 5330 753 5404 Hostilius
777 5334 922 5424 triginta
941 5335 1043 5403 duos.
1095 5328 1165 5402 llic
1269 5327 1458 5402 Darius
1483 5323 1674 5404 Notius
1696 5327 1943 5399 novendecim.

170 5438 312 5515 delevit
320 5436 462 5524 Albam,
483 5435 782 5510 etsivesRomam
790 5436 944 5527 migrare
956 5435 1082 5527 coegit.
1121 5434 1165 5505 ln
1271 5428 1569 5506 Artaxerxes
1594 5432 1771 5506 Mnemon
1783 5429 2031 5525 quadraginta·

230 5538 417 5611 Marassa.
445 5544 551 5611 Orsa.
575 5542 661 5608 Vos..
688 5540 767 5609 Xll.
1518 5532 1570 5606 50
