4680 6038
148 196 225 277 m
728 181 888 267 DECL.
919 183 995 261 DE
1026 181 1260 263 SCHOLA
1294 179 1591 266 ROSTOCH.
2105 190 2183 269 108

155 375 381 463 releguntur,
412 379 454 437 ut
483 363 604 435 omnia
637 361 732 433 inter
759 357 1033 432 examinandum
1063 384 1145 431 curn
1197 382 1278 430 cum
1307 359 1528 431 doctioribus
1556 383 1598 430 ex
1627 359 1795 431 studiosis
1815 360 1966 433 laureae.
2019 358 2186 452 Quorum

156 463 987 571 metepdsemmatisdiligenterconferantur,
1007 476 1044 534 ut
1060 468 1148 536 ado-
1198 461 1344 555 quidam
1364 462 1402 532 in
1425 461 1649 554 disciplinam
1672 464 1975 554 praeceptorihui,
1996 476 2185 558 pinnum

156 580 328 651 lucentes
352 573 398 643 ad
422 570 474 641 rei
495 566 757 639 Grammaticus
780 578 814 637 et
834 562 983 635 Latinae
1006 564 1148 655 linguae
1197 564 1386 637 autoritate
1401 576 1484 635 aunt
1500 563 1641 649 traditi,
1664 577 1699 634 et
1716 565 1883 656 privatim
1900 581 2130 648 exercentur,
2153 582 2187 640 et

157 677 399 769 cognitionem
416 696 489 743 non
505 670 588 741 satis
605 667 786 750 instructi,
813 666 851 736 in
866 679 1016 760 utraque
1029 691 1068 738 re
1082 665 1149 737 ali·
1197 678 1388 754 reguntur,
1414 690 1565 759 quorum
1582 666 1697 738 studia
1713 679 1749 738 et
1764 691 1913 739 maresa
1930 670 2070 760 privata
2082 669 2188 739 dini.

158 804 265 879 quem
289 797 513 873 progressum
536 773 649 843 iacere
671 782 853 859 cogantur.
912 766 1029 855 Tum,
1051 769 1149 863 quod
1197 767 1295 858 plina
1319 791 1394 838 non
1417 780 1500 837 sunt
1523 769 1685 859 exempti.
1745 765 1794 839 At
1816 771 1963 855 caeteri,
1990 773 2056 866 qni
2077 769 2187 843 nullia

159 882 288 957 attinet
308 880 353 949 ad
376 873 557 965 religionis
579 872 755 957 studium,
779 871 903 942 damus
918 894 1078 961 operam,
1104 892 1149 941 ne
1198 868 1236 937 in
1246 865 1377 940 Schola
1392 881 1474 940 sunt
1489 871 1776 961 praeceptoribus
1791 874 2047 959 commendati,
2074 867 2188 945 etbu-

159 979 363 1059 Clsristiana
385 993 419 1051 et
435 999 514 1048 vere
536 975 593 1069 pia
608 973 801 1045 iuventutis
819 973 994 1045 institutio
1009 986 1150 1044 nostrae
1199 983 1296 1042 neate
1327 972 1473 1056 vivunt,
1508 985 1544 1042 et
1573 965 1724 1042 Scholae
1756 965 1885 1042 honori
1912 988 1947 1045 et
1975 987 2186 1046 ornamento

161 1081 312 1159 Salsulae
327 1082 429 1153 desit.
470 1076 560 1149 Nam
576 1095 735 1170 tempora
750 1097 840 1168 quae
854 1076 969 1148 solent
985 1075 1023 1143 iu
1037 1068 1151 1147 Scho-
1197 1085 1299 1159 sunt,
1330 1086 1365 1144 ct
1387 1072 1640 1164 eondiscipulis
1660 1073 1833 1145 virtutum
1857 1077 2025 1169 exemplis
2047 1076 2187 1169 praelu-

163 1187 207 1260 lia
231 1184 393 1274 religiose
416 1180 633 1265 constitutis,
659 1177 854 1265 cognitioni
870 1174 957 1268 Dei,
985 1190 1018 1247 et
1034 1199 1152 1247 sacrae
1198 1186 1295 1259 cent,
1321 1169 1362 1244 bi
1380 1198 1496 1269 neque
1517 1175 1556 1243 in
1571 1170 1721 1246 Scholae
1736 1178 1839 1246 aedes
1853 1191 2047 1267 coguntur,
2073 1202 2187 1273 neque

162 1288 376 1381 scripturae,
401 1284 619 1355 tribuuntur.
671 1277 815 1351 Praetor
830 1281 935 1350 festos
952 1279 1046 1349 enim
1065 1279 1150 1359 dies,
1199 1278 1243 1346 ad
1262 1271 1357 1361 haer,
1382 1278 1557 1370 nequead
1574 1276 1637 1346 illa
1653 1278 2186 1369 discendalegibnaexcitantur‚

164 1392 227 1489 qui
248 1387 312 1461 toti
337 1386 376 1459 in
398 1383 607 1456 tractatione
630 1404 749 1452 rerum
766 1404 943 1453 sacrarum
960 1394 1153 1474 ponuntur,
1200 1380 1259 1448 sed
1277 1377 1665 1471 liberumrelinquitur,
1692 1380 1807 1474 quain
1817 1376 2187 1475 partePbiloaopbiae,

164 1492 239 1565 dics
254 1486 427 1561 Mercurii
448 1499 482 1557 et
498 1484 645 1556 Saturni
664 1484 791 1577 partim
808 1485 846 1553 in
862 1483 1152 1575 interpretatione
1200 1497 1261 1552 aut
1284 1481 1323 1548 in
1349 1504 1419 1574 quo
1439 1480 1621 1551 doctrinae
1637 1502 1764 1569 genere
1780 1482 1959 1553 voluerint
1973 1507 2011 1554 ae
2028 1504 2187 1555 exemere

163 1586 414 1675 catecheseos,
447 1588 575 1681 partim
598 1586 637 1656 in
660 1585 832 1656 exercitiis
855 1585 938 1681 siyli
960 1599 994 1655 et
1016 1608 1152 1654 memo-
1201 1595 1235 1653 et
1270 1581 1467 1664 elaborare,
1509 1596 1549 1654 nt
1579 1583 1731 1672 ingeniis
1758 1584 1916 1655 liberalis
1944 1586 2133 1659 doctrinae
2152 1598 2187 1658 et

164 1694 241 1769 rice
256 1703 526 1763 consumuntur.
578 1684 675 1759 Haec
693 1703 805 1772 actus,
831 1688 925 1781 quod
943 1685 1011 1757 sibi
1028 1710 1152 1779 parum
1202 1680 1394 1755 honestatis
1409 1683 1575 1755 studiosis
1589 1686 1735 1774 dignum
1752 1687 1982 1758 existimatur.

166 1794 339 1879 conudit,
364 1792 500 1883 legibus
520 1791 564 1860 ad
582 1801 696 1882 partes
712 1789 911 1873 ediscendi,
937 1802 970 1860 ct
987 1788 1153 1858 exercita·
1303 1783 1382 1856 Hoc
1401 1787 1547 1868 ordine,
1573 1800 1608 1857 et
1631 1782 1697 1856 bac
1718 1789 1856 1860 ratione
1871 1786 2031 1859 discendi
2047 1784 2187 1879 publice

167 1898 276 1973 tionis
291 1917 421 1965 munus
435 1891 661 1981 astringitur,
688 1904 722 1961 et
737 1914 848 1984 poena
864 1894 1058 1962 desertores
1076 1889 1154 1959 olb·
1202 1889 1398 1981 propositas,
1420 1901 1454 1957 et
1468 1888 1615 1977 legibus,
1640 1890 1771 1982 quibus
1784 1891 1969 1962 necessitas
1983 1889 2189 1960 adolescen-

167 1999 232 2084 cii,
257 2021 337 2069 cnm
355 1994 540 2066 necessitas
557 1992 721 2087 requirit,
746 1994 790 2063 ad
808 2017 910 2064 strum
927 2015 1075 2085 pensum
1091 1991 1154 2061 ab·
1203 1990 1271 2061 tiae
1293 1990 1349 2059 sui
1369 1990 1475 2061 officii
1491 1991 1629 2060 colendi
1646 1993 1844 2084 imponitur
1859 1993 1898 2060 iu
1913 1992 2085 2062 omuibus
2099 1986 2188 2062 Aea·

168 2100 379 2173 solvendum
402 2094 667 2169 extimulantur.
721 2094 768 2167 Ut
785 2095 881 2165 enim
898 2096 993 2165 bona
1009 2094 1155 2163 nomina
1203 2091 1340 2162 demiae
1376 2092 1522 2162 aedibus
1559 2093 1701 2185 publice
1737 2095 1834 2174 lixis,
1879 2092 2095 2165 incredibile
2128 2104 2189 2179 est,

167 2227 243 2275 uon
280 2199 472 2293 appellata,
513 2219 615 2289 saepe
651 2196 742 2268 mala
779 2197 886 2268 nunu
926 2196 976 2266 sic
1004 2209 1040 2266 et
1068 2195 1157 2265 ado-
1203 2207 1378 2289 quantus,
1409 2207 1444 2264 et
1472 2219 1579 2288 quam
1610 2196 1730 2266 varius
1759 2196 1959 2267 animorum
1996 2206 2117 2267 motus
2145 2192 2188 2265 sit

167 2302 335 2375 lasccntia
359 2301 390 2374 si
413 2323 488 2371 uon
509 2298 679 2373 excitetur
697 2298 910 2392 aliquando,
934 2295 1156 2370 lacileolbcii
1204 2310 1422 2369 consecutus
1480 2294 1572 2367 Nam
1595 2297 1741 2368 iuvenes
1761 2298 1884 2369 indole
1905 2297 2049 2370 liberali
2068 2310 2105 2369 et
2126 2318 2190 2367 na·

168 2404 402 2479 obliviscitur,
1204 2412 1284 2469 tura
1306 2398 1413 2488 paulo
1435 2399 1658 2487 generosiore
1676 2401 1851 2492 praediti,
1880 2423 1919 2470 se
1933 2395 2002 2471 bac
2017 2397 2189 2471 constitu·

272 2503 449 2577 Studiosis
458 2500 797 2576 laureaeDialectica
807 2497 1044 2575 etRbetorica
1055 2523 1157 2593 prae·
1205 2499 1303 2569 tione
1323 2514 1358 2569 et
1377 2501 1565 2591 disciplina
1587 2525 1661 2570 non
1687 2503 1914 2573 mediocriter
1937 2500 2123 2587 delectari,
2151 2510 2185 2569 at

171 2619 271 2699 cepta
300 2605 465 2699 privatim
485 2606 695 2689 traduntur,
727 2626 852 2673 verum
874 2606 944 2689 ita,
974 2618 1015 2675 ut
1036 2600 1157 2674 Diale·
1204 2625 1286 2672 vere
1306 2602 1477 2690 gaudere,
1507 2604 1625 2673 statim
1645 2626 1711 2674 nec
1731 2605 1913 2694 ambigue,
1943 2628 2012 2674 nec
2033 2604 2188 2685 obscure,

170 2708 276 2780 ctices
289 2706 491 2800 explicatio,
513 2708 633 2801 aliquo
649 2706 818 2799 temporis
831 2705 1030 2789 intervallo,
1055 2699 1157 2777 Rhe·
1204 2705 1265 2773 sed
1281 2716 1400 2794 aperte
1416 2717 1452 2774 et
1464 2704 1558 2773 clare
1571 2707 1840 2796 profitebantur.
1876 2705 1926 2778 At
1941 2698 2187 2797 vulgusScbo·

172 2811 299 2882 torices
329 2810 557 2881 traditionem
586 2810 786 2891 antecedat,
819 2832 910 2901 quae
931 2831 952 2879 a
976 2806 1158 2895 Magistris
1204 2806 1428 2891 lasticomru,
1454 2807 1516 2899 qui
1546 2803 1713 2897 pulchra,
1745 2822 1780 2881 et
1812 2804 1958 2880 honesta
1985 2832 2056 2879 uec
2082 2804 2187 2900 aequi,

173 2935 253 2981 cnm
275 2910 458 3001 discipulis
479 2923 575 2981 tauta
597 2909 666 2979 lide
688 2923 720 2980 et
738 2910 923 3000 diligentia
938 2921 1158 3000 repetuntur,
1207 2932 1271 2976 nec
1292 2923 1412 2978 tenere
1433 2909 1650 2994 didicerant,
1675 2934 1829 3005 quorum
1844 2911 1906 2981 alii
1919 2908 2186 3003 aliiscupidita·

173 3024 211 3083 ut
227 3036 265 3081 ca
280 3010 389 3081 uelint
406 3012 535 3095 rudint,
561 3012 694 3081 discere
707 3025 890 3101 cogantur.
941 3010 1088 3080 Publice
1101 3010 1158 3078 bis
1206 3010 1322 3094 tibus,
1365 3022 1401 3078 et
1426 3010 1528 3079 malis
1556 3012 1692 3081 artibus
1719 3013 1891 3083 inservire
1919 3025 2022 3083 erant
2052 3008 2186 3094 assucti,

174 3114 345 3185 elementa
368 3108 644 3193 blatlrernatum,
667 3127 707 3183 ut
729 3108 983 3195 Aritbmetica,
1009 3106 1158 3203 Spberi-
1207 3112 1311 3180 fidem
1326 3135 1468 3180 omnem
1483 3114 1635 3197 excedit,
1656 3138 1763 3208 quam
1777 3111 1872 3187 banc
1886 3114 2100 3207 discipliuae
2111 3132 2186 3183 mu·

173 3240 234 3287 cac
262 3214 505 3309 quaestiones.
539 3228 572 3285 et
603 3214 673 3284 alia
703 3213 859 3283 eiusdem
885 3215 1041 3303 generis,
1072 3214 1157 3281 item
1206 3214 1392 3297 tationem,
1426 3228 1559 3285 ettam
1587 3231 1745 3289 sanctam
1774 3217 1881 3287 oflicii
1902 3240 2024 3288 curam
2045 3215 2186 3305 indigue

175 3316 310 3387 tiraeca
341 3329 374 3386 et
405 3314 534 3388 Latina
559 3316 708 3407 scripta,
732 3318 884 3385 maxime
912 3313 1113 3397 Ciceronis,
1137 3337 1158 3383 e
1208 3315 1374 3395 tulerint,
1405 3329 1440 3386 et
1461 3318 1614 3406 gras-iter
1632 3319 1847 3409 acceperint,
1878 3320 1940 3412 qni
1963 3318 2087 3389 statim
2107 3338 2186 3388 coo·

174 3419 305 3511 qtnlnu
318 3440 421 3489 ιιιιιιιι
435 3419 567 3489 artium
581 3418 778 3487 disserendi
792 3418 922 3487 rectius
934 3431 1159 3506 cognoscant,
1208 3440 1367 3500 currere,
1392 3418 1506 3508 capita
1521 3421 1702 3511 conterre,
1727 3434 1762 3490 et
1778 3422 1930 3492 multum
1945 3420 2044 3491 inter
2056 3442 2094 3490 ae
2106 3440 2186 3489 eou-

173 3533 206 3588 et
222 3542 358 3599 rerum,
381 3531 416 3587 et
432 3518 718 3607 latinaelingnae
732 3518 903 3588 maiorem
917 3520 1158 3609 cognitionem
1208 3541 1390 3588 susurrare
1410 3536 1599 3611 ceperunt,
1631 3534 1666 3592 et
1686 3524 1827 3608 omnia,
1856 3523 1920 3593 etsi
1940 3534 2037 3591 recte
2060 3518 2187 3593 eonsti-

174 3620 244 3689 aibi
267 3632 410 3711 parent,
442 3620 706 3711 praeleguntur.
763 3618 813 3687 lli
836 3621 963 3711 partim
987 3617 1159 3712 Epistolis
1208 3634 1304 3705 tuta,
1324 3633 1360 3690 et
1380 3621 1419 3688 in
1440 3645 1516 3690 rem
1538 3635 1572 3693 et
1594 3622 1632 3692 in
1656 3625 1803 3695 salutern
1820 3626 1978 3716 ipsorum
1993 3636 2096 3695 eraut
2109 3644 2185 3715 pro-

176 3721 396 3801 scribendis,
431 3720 560 3813 partim
588 3720 906 3793 declamationibus
930 3735 965 3791 et
996 3724 1158 3813 disputa-
1208 3722 1343 3814 posita,
1367 3724 1544 3792 tamenin
1566 3726 1722 3815 peiorem
1743 3740 1878 3818 partem
1895 3748 2039 3817 rapere,
2064 3738 2184 3815 etpra-

173 3822 335 3895 tionibua
355 3836 569 3893 exercentur.
621 3818 696 3910 Qui
709 3824 755 3891 ad
770 3846 833 3892 sua
848 3823 963 3893 officia
977 3836 1158 3914 praestan·
1208 3826 1295 3893 sime
1319 3826 1562 3915 interpretari,
1591 3839 1633 3897 ut
1655 3828 1742 3897 tales
1763 3822 2012 3922 sycophantae
2030 3840 2069 3899 et
2084 3824 2185 3896 levir-

175 3924 241 4001 da,
266 3938 299 3995 at
319 3925 364 3995 ad
381 3947 512 3995 murras
527 3925 777 4015 perseverandi
792 3925 831 3993 iu
848 3926 909 4007 iis,
933 3927 978 3994 ad
996 3949 1088 4019 quae
1099 3924 1158 3994 di-
1208 3922 1529 4018 simibomuuculi
1560 3930 1696 4009 solent,
1725 3954 1746 4000 a
1775 3954 1928 4022 quorum
1951 3928 2127 4018 genuino,
2155 3938 2186 3996 et

173 4027 303 4097 werida
323 4040 562 4107 accesserunt,
591 4039 629 4096 ut
651 4027 868 4119 superiores,
898 4022 1049 4098 Scholae
1069 4026 1157 4116 legi-
1207 4050 1347 4115 morsu,
1371 4029 1490 4098 nescio
1509 4054 1555 4099 an
1576 4030 1693 4102 ullum
1714 4032 1846 4101 iactum
1861 4032 1946 4101 satis
1958 4044 2079 4101 tntum
2092 4048 2186 4121 repe·

170 4128 240 4199 bna
256 4140 289 4199 et
304 4128 442 4198 statutis
455 4128 658 4217 alligantur.
707 4125 797 4197 Nam
813 4129 944 4198 iudicio
958 4130 1157 4220 sapientum
1206 4131 1330 4202 riatur.
1380 4128 1483 4219 Quae
1495 4147 1610 4225 pestes
1621 4136 1666 4203 ad
1682 4134 1829 4203 meliora
1843 4127 1937 4201 nihil
1954 4146 2017 4203 aut
2031 4130 2186 4223 ingeniis,

171 4229 427 4299 adolescentiae
448 4253 538 4321 opus
558 4242 608 4301 est
625 4229 788 4299 omnium
804 4229 977 4313 maxime,
1001 4245 1036 4301 et
1049 4232 1157 4300 disci-
1206 4246 1267 4302 aut
1296 4233 1471 4303 industria
1499 4235 1658 4311 valeant,
1690 4237 1735 4303 ad
1758 4231 1906 4326 pulchra
1929 4248 2049 4305 tamen
2073 4234 2185 4305 desor-

171 4330 307 4423 plinarn
322 4331 433 4405 ritae,
457 4344 490 4401 et
505 4354 623 4401 rerum
636 4332 852 4421 agendarum
862 4333 1157 4421 gubernatricem,
1206 4336 1354 4417 manda,
1377 4348 1412 4404 et
1428 4348 1521 4406 recta
1538 4337 1784 4427 depravanda,
1809 4350 1947 4406 tantum
1965 4336 2096 4407 mentis
2109 4356 2185 4405 aeo-

170 4444 206 4503 et
235 4432 436 4519 snagistrani
463 4426 608 4509 haltrat,
638 4434 735 4526 qnod
756 4434 892 4503 lubrica
914 4435 976 4503 illa
993 4448 1089 4505 aetas
1107 4436 1156 4503 ab
1176 4424 1181 4505 l
1205 4460 1306 4519 men,
1340 4449 1480 4506 tautum
1507 4438 1594 4508 artis
1620 4452 1653 4508 et
1683 4439 1816 4527 ingenii
1845 4439 2022 4522 afferunt,
2052 4448 2097 4509 ut
2115 4454 2183 4531 φῆ

169 4526 311 4605 bonesti
331 4532 464 4605 laboris
485 4533 692 4613 tolerantia,
716 4535 761 4605 ad
777 4535 970 4607 molliciem
989 4550 1024 4607 et
1035 4537 1154 4607 ocium
1204 4560 1286 4607 raro
1300 4538 1388 4606 falsa
1402 4540 1582 4627 proceris,
1600 4564 1719 4609 renam
1730 4541 1906 4631 imperitis
1914 4541 1982 4609 isto
1991 4534 2184 4609 mentiendi

167 4634 369 4729 plerunque
380 4636 585 4729 propendet.
1202 4639 1352 4708 artificio
1380 4640 1594 4719 obtrudant,
1624 4642 1686 4734 qni
1709 4655 1744 4711 et
1763 4644 1858 4731 apud
1880 4664 1948 4710 nos
1971 4640 2028 4709 sui
2048 4637 2185 4709 sceleris

269 4733 336 4807 llis
354 4760 440 4807 vero
454 4736 518 4831 qni
532 4738 579 4809 ad
598 4733 793 4829 Magisterii
808 4733 1049 4831 philosophici
1062 4741 1155 4831 peti-
1174 4832 1178 4839 Ι
1202 4741 1405 4831 contagium
1423 4742 1529 4811 bonis
1550 4743 1832 4815 adolescentibus
1847 4743 1988 4826 afflare,
2010 4754 2047 4813 et
2061 4738 2186 4810 animis

164 4836 300 4909 tionem
326 4860 364 4909 ae
385 4854 530 4931 parant,
560 4852 748 4931 praecepta
768 4836 938 4933 Physica,
968 4836 1097 4912 Etbiea
1118 4857 1153 4912 et
1174 4842 1178 4859 '
1203 4843 1373 4912 iuvenum
1394 4844 1586 4919 instillare,
1607 4868 1649 4913 ae
1669 4867 1730 4913 eos
1751 4845 1857 4913 nobis
1878 4856 2115 4914 mutarerunt
2130 4862 2185 4931 ag·

163 4932 314 5011 Politice
322 4936 537 5015 Aristotelia.
570 4934 1014 5019 TbeoricaePlanetarum,
1028 4940 1153 5011 Eucli-
1173 4962 1177 5019 ξ
1201 4946 1329 5032 gressi,
1360 4960 1396 5016 et
1425 4969 1530 5027 sane,
1559 4959 1600 5015 nt
1627 4945 1739 5039 aliqui
1765 4947 1823 5015 sui
1851 4944 2043 5015 dissimiles
2063 4954 2186 5025 ment.

161 5036 237 5119 dea,
260 5037 471 5123 hotonem,
491 5040 633 5136 publice
642 5058 864 5125 enarrantur,
885 5058 961 5115 tum
974 5045 1176 5113 nobiliora?
1200 5046 1412 5128 effecerunt,
1441 5070 1485 5115 er
1514 5047 1647 5138 quibus
1673 5047 1844 5138 impuris,
1873 5046 1938 5115 alii
1957 5044 2186 5117 clamitabud

161 5158 304 5225 grumae
325 5156 359 5213 et
381 5141 511 5213 latinae
532 5142 676 5233 linguae
698 5160 949 5225 monumenta,
973 5147 1004 5213 si
1026 5146 1152 5230 placet.
1199 5162 1235 5218 et
1264 5148 1372 5235 volgo
1401 5149 1631 5237 spargebant,
1660 5171 1737 5217 nou
1766 5170 1842 5217 esse
1863 5142 1957 5216 banc
1978 5147 2133 5216 liberam
2151 5158 2186 5217 et

162 5259 244 5307 curu
266 5240 410 5313 caeteris
433 5242 576 5333 publice
588 5244 713 5315 audire
728 5246 878 5315 facultas
893 5260 957 5316 est.
1007 5245 1153 5335 Quibus
1199 5272 1320 5318 reram
1341 5244 1589 5331 Academiam,
1612 5250 1675 5318 sed
1698 5244 1967 5329 bacchantium
1989 5260 2033 5319 ut
2054 5247 2112 5317 illi
2132 5246 2187 5318 lo-

156 5340 929 5443 eneecitiadeclamaadietdisputandisunt
942 5350 1150 5421 mmmunia
1169 5356 1176 5442 ξ
1197 5362 1378 5445 quantor,
1401 5347 1935 5442 eegutulunettanifitim
