4680 6038
65 227 144 309 693
716 216 977 297 enlnleet
1009 212 1455 298 MELANTHONIS.
1699 282 1703 289 .
2029 232 2106 311 004

67 400 194 477 Primo
207 400 253 473 de
267 391 525 493 gubernatione
537 416 673 473 rerum.
720 390 814 469 Nam
828 393 965 468 etiamsi
977 418 1060 488 per-
1111 392 1344 488 temperantia
1364 391 1405 467 in
1426 388 1479 468 eis
1497 396 1570 484 est;
1593 397 1677 495 qnia
1699 391 1912 476 etcinerem
1924 398 2102 496 nesciunt,

68 507 201 591 mittat,
217 500 418 598 quodDeus
429 497 630 573 condiderit
639 521 707 585 res,
726 510 847 570 tamen
857 499 1060 569 offensare-
1111 508 1146 567 et
1167 498 1273 569 mella
1294 500 1340 571 ad
1360 511 1523 570 nostrum
1546 523 1650 574 nsum
1672 506 1875 583 conficiunt.
1936 502 1987 582 Et
2006 510 2100 584 sicut

69 609 144 693 tio,
169 608 253 700 quia
267 608 306 678 in
320 607 454 678 mundo
468 617 541 675 tam
553 602 665 674 multa
679 602 808 672 iniuste
821 600 932 690 fiunt,
956 614 1060 690 negat
1110 599 1158 668 ob
1181 592 1247 668 has
1264 601 1413 675 virtutes
1434 625 1509 672 non
1527 603 1696 677 dicuntur
1711 604 1941 697 christianae,
1966 611 2016 681 ita
2031 634 2100 685 nec

71 707 179 783 eDeo
196 732 252 778 res
265 707 470 799 gubernari,
489 708 550 776 sed
562 703 727 789 somniat,
746 698 949 797 quodlleus
963 726 1060 771 nune
1110 694 1274 771 homines
1293 717 1378 774 sunt
1399 698 1583 776 christiani
1607 722 1753 802 propter
1772 713 1865 782 solos
1880 713 2002 782 civiles
2018 736 2098 784 mo-

71 805 339 895 ociumhabeat,
358 823 392 880 et
406 809 499 880 sinat
513 831 577 879 suo
588 808 741 902 quodam
752 806 885 896 impetu
896 819 1059 876 naturam
1110 825 1183 884 res,
1217 807 1276 874 sed
1307 805 1390 899 quia
1419 809 1586 894 credunt,
1619 813 1715 903 quod
1743 827 1889 905 propter
1910 809 2096 887 Christum

69 913 179 997 ferri,
205 912 296 982 sicut
315 912 433 996 faber,
458 910 521 1003 qui
541 932 668 978 navem
689 908 789 988 lecit,
812 907 877 976 ubi
895 906 1060 990 absolvit,
1109 900 1207 975 Dens
1231 907 1335 977 nobis
1359 922 1500 997 peccata
1517 912 1775 986 condonaverit
1793 929 1828 986 et
1841 918 2013 1009 receperit
2027 941 2095 988 nos

68 1014 222 1087 discedit
244 1015 289 1084 ab
312 1037 352 1082 ea
376 1025 410 1082 et
433 1011 621 1081 committit
643 1033 719 1080 eam
739 1008 907 1079 fluctibus
928 1022 963 1080 et
984 1031 1059 1077 non
1108 1006 1325 1098 ingratiam,
1347 1007 1575 1082 sicutPrnlus
1589 1013 1657 1085 ait:
1681 1017 1898 1087 arbitramur
1912 1018 2096 1089 iustificari

68 1117 351 1208 gubernateam.
400 1110 470 1182 llic
482 1107 685 1184 Christiana
700 1109 864 1182 doctrina
878 1111 1059 1180 diversum
1109 1102 1273 1179 homiues
1298 1110 1486 1201 perfidem
1509 1115 1586 1183 sine
1608 1116 1775 1209 operibus
1799 1119 1897 1209 legis.
1948 1115 1997 1192 Et
2019 1121 2096 1212 pri-

68 1222 192 1298 docet,
219 1230 253 1288 et
274 1227 396 1286 monet
419 1236 505 1301 nos,
529 1238 574 1283 ne
598 1237 662 1305 per
681 1207 946 1306 philosophiam
962 1211 1059 1282 deci·
1108 1233 1186 1281 mae
1206 1206 1479 1285 Corinthiorum
1508 1216 1641 1307 primo:
1675 1242 1749 1289 non
1781 1220 1955 1310 glorietur
1975 1222 2095 1293 omnis

69 1321 226 1415 piamur.
270 1316 367 1387 Tum
383 1316 476 1388 taltit
490 1310 731 1408 philosophia,
756 1315 900 1407 quando
916 1315 959 1384 de
970 1312 1059 1398 Deo,
1108 1336 1190 1383 caro
1214 1314 1253 1383 in
1267 1327 1457 1406 conspectu
1472 1316 1566 1403 eins,
1591 1342 1633 1388 ex
1650 1320 1727 1412 ipso
1743 1336 1861 1392 autern
1877 1343 1940 1390 vos
1955 1323 2037 1393 estis
2053 1324 2094 1393 in

70 1435 136 1495 eut
155 1422 200 1490 de
213 1419 279 1491 Dei
302 1417 459 1488 consiliis
480 1418 608 1510 incipit
621 1417 793 1488 iudicare:
821 1416 905 1509 quia
920 1415 1058 1488 anima·
1107 1409 1251 1486 Christo
1268 1413 1366 1502 lesu,
1392 1417 1455 1510 qui
1471 1419 1583 1491 sactus
1596 1434 1650 1492 est
1664 1424 1769 1493 nobis
1784 1423 1955 1514 sapientia
1972 1422 2096 1513 aDeo,

68 1523 119 1595 lis
138 1517 247 1593 homo
266 1545 339 1590 non
356 1519 508 1610 percipit
524 1544 582 1601 ea,
606 1543 696 1613 quae
710 1518 781 1590 Dei
796 1532 890 1592 sunt.
938 1517 1060 1606 Signi·
1108 1530 1143 1586 et
1164 1517 1303 1589 iusticia
1329 1532 1364 1590 et
1384 1519 1612 1593 sanctificatio
1633 1535 1668 1594 et
1694 1526 1900 1616 redemptio.
1968 1524 2095 1620 Neque

69 1624 152 1697 fleat
171 1638 287 1695 autern
311 1621 476 1693 animalis
498 1616 607 1691 homo
622 1635 733 1692 totam
751 1634 913 1691 naturam
930 1643 1058 1711 corpo·
1108 1642 1193 1689 vero
1216 1619 1312 1691 tollit
1334 1615 1528 1692 christiana
1548 1624 1709 1696 doctrina
1731 1625 1851 1696 civiles
1872 1651 2006 1714 mores,
2032 1630 2095 1699 sed

69 1728 205 1810 ralem,
231 1748 305 1794 non
329 1735 565 1794 renovatama
581 1723 708 1814 spiritu
723 1736 855 1795 sancto.
907 1718 973 1791 llla
990 1722 1057 1791 ita·
1109 1742 1169 1789 eos
1192 1722 1320 1811 exigit,
1347 1734 1382 1792 et
1405 1718 1669 1818 philosophiam
1694 1750 1753 1798 seu
1768 1728 1942 1798 rationem
1958 1729 2096 1822 praeci-

71 1852 141 1923 que
165 1840 292 1898 natura
315 1824 509 1919 corporalis
529 1820 623 1893 nihil
646 1837 760 1917 potest
780 1825 824 1893 de
840 1819 906 1891 Dei
928 1823 1058 1892 volun·
1109 1823 1264 1914 piantem
1287 1824 1331 1893 de
1354 1824 1521 1897 civilibus
1542 1828 1703 1899 moribus
1724 1831 1914 1920 approbat,
1948 1833 2039 1903 sicut
2059 1843 2096 1902 et

67 1943 141 2003 tate
157 1927 357 2013 adfirmare,
381 1949 471 2020 quae
484 1939 624 1997 tantum
640 1925 789 1996 discitur
805 1948 847 1994 ex
860 1925 968 1995 verbo
979 1921 1058 2009 Dei,
1108 1923 1230 1993 civiles
1250 1924 1474 2016 magistratus
1497 1930 1688 2020 approbat,
1720 1944 1756 2002 et
1776 1944 1942 2018 testatur,
1968 1956 2005 2003 se
2029 1956 2095 2005 au-

67 2032 161 2104 sicut
175 2026 299 2100 Esaias
317 2029 386 2114 ait,
410 2029 455 2097 ad
473 2028 586 2117 legem
602 2041 636 2097 et
649 2029 694 2098 ad
709 2025 968 2111 testimonium,
994 2025 1057 2119 qui
1108 2021 1247 2096 thorcm
1271 2050 1346 2096 esse
1369 2028 1529 2099 civilium
1552 2031 1837 2117 ordinationum,
1862 2031 2015 2105 Roman.
2031 2035 2095 2105 de-

68 2156 147 2205 non
163 2130 291 2201 dixerit
306 2129 683 2212 secundumverbum,
707 2122 792 2198 huic
807 2151 881 2196 non
898 2127 964 2198 erit
981 2151 1057 2196 ma-
1108 2127 1201 2196 cimo
1224 2129 1345 2199 tertio:
1378 2130 1518 2216 omnia,
1548 2155 1639 2225 quae
1659 2133 1823 2203 ordinata
1846 2148 1947 2220 sunt,
1973 2160 1993 2207 a
2016 2132 2094 2206 Deo

68 2235 185 2306 tutina
200 2233 273 2307 lux.
324 2230 418 2302 Sunt
433 2230 541 2319 igitur
556 2228 750 2300 sententiae
765 2242 878 2298 certae
894 2241 928 2297 et
941 2229 1055 2297 mani·
1108 2228 1273 2300 ordinata
1295 2243 1389 2304 sunt.
1438 2228 1553 2303 Etab
1574 2229 1630 2302 his
1652 2235 1810 2326 quinon
1832 2229 1963 2306 habent
1987 2237 2095 2329 spiri-

67 2336 179 2407 l'estae
213 2358 253 2401 ex
282 2332 457 2423 scriptura
483 2331 681 2420 eligendae,
712 2329 842 2424 quibus
871 2330 1057 2416 diseamus,
1107 2342 1184 2399 tum
1207 2346 1389 2417 sanetum,
1421 2345 1539 2402 tamen
1562 2334 1690 2425 exigit,
1721 2349 1763 2406 ut
1788 2335 1973 2407 frenentur
1997 2338 2096 2407 civili

66 2460 147 2505 non
168 2434 275 2505 modo
297 2429 481 2502 resaDeo
500 2432 770 2522 conditasesse,
795 2430 1058 2521 sedetiamgu-
1107 2431 1258 2502 iusticia.
1309 2432 1359 2504 Ut
1381 2433 1468 2504 dicit
1487 2433 1634 2506 Paulus:
1661 2438 1719 2506 lex
1741 2449 1792 2506 est
1813 2438 1952 2507 iniustis
1971 2439 2096 2530 posita.

64 2536 234 2619 berneri,
259 2531 375 2604 Deum
395 2556 462 2602 nos
482 2533 575 2603 alere
589 2556 629 2602 ac
644 2548 777 2620 tegere,
802 2532 890 2601 alios
905 2555 1058 2617 servare,
1109 2530 1214 2601 Item:
1240 2535 1295 2601 lex
1317 2546 1369 2605 est
1392 2537 1621 2626 paedagogus.
1669 2537 1739 2607 Sed
1762 2538 1800 2606 in
1821 2562 1864 2607 eo
1881 2539 2096 2612 dissentiunt

67 2637 159 2708 alios
189 2635 337 2727 punire,
371 2659 436 2704 nec
464 2633 663 2705 discessisse
685 2634 806 2705 Deum
836 2647 1006 2727 tanquam
1036 2656 1056 2702 a
1108 2633 1198 2703 ratio
1218 2631 1523 2724 etEvangelinm,
1548 2633 1896 2730 quodEvangelium
1916 2657 2021 2732 negat
2043 2640 2096 2713 ci·

67 2738 153 2809 navi
173 2737 331 2822 fabrum,
357 2738 418 2807 sed
440 2758 561 2827 regere
579 2758 636 2806 res
654 2735 744 2807 sicut
761 2736 977 2826 gubernator
991 2757 1057 2805 na-
1108 2734 1214 2804 vilem
1233 2735 1407 2822 iusticiam
1421 2737 1504 2807 satis
1520 2761 1592 2806 esse
1607 2762 1724 2808 coram
1742 2741 1833 2812 Deo.

69 2862 150 2910 vem
173 2839 263 2927 regit
283 2839 461 2929 praesenti
478 2839 632 2930 quadarn
648 2838 824 2922 motione,
847 2850 888 2907 ut
903 2837 1057 2928 probant
1209 2833 1335 2907 Tertio
1357 2837 1511 2925 fallitur,
1544 2838 1574 2907 si
1598 2854 1699 2932 putat
1721 2844 1896 2914 rationem
1921 2844 2005 2915 satis
2029 2839 2098 2919 ba:

68 2936 136 3013 hee
151 2941 362 3027 sententiae,
386 2934 562 3010 Matthaei
577 2950 688 3009 sexto:
714 2937 820 3010 Pater
832 2951 968 3022 vester,
993 2937 1057 3033 qui
1108 2937 1192 3007 bere
1215 2938 1345 3008 virium
1362 2962 1404 3011 ex
1419 2963 1481 3009 sua
1496 2955 1624 3013 natura
1638 2957 1762 3015 contra
1779 2945 1888 3026 vicia,
1915 2969 1979 3017 nec
1997 2946 2097 3019 videt

69 3054 124 3115 est
146 3041 184 3111 in
206 3041 333 3129 coelis,
359 3039 471 3135 pascit
487 3041 561 3116 ills.
613 3035 789 3111 Matthaei
804 3040 958 3110 decimo:
985 3040 1056 3110 duo
1109 3060 1198 3130 opus
1221 3062 1294 3109 esse
1315 3040 1444 3131 spiritu
1466 3057 1608 3128 sancto,
1632 3045 1744 3133 quiet
1760 3047 1868 3116 eorda
1885 3048 2010 3118 reddat
2027 3073 2096 3140 pu-

68 3165 225 3238 passeres
247 3167 323 3215 asse
345 3155 521 3228 veneunt,
545 3155 581 3214 et
601 3164 696 3213 unus
718 3166 760 3213 ex
779 3140 851 3210 illis
868 3165 942 3209 non
958 3143 1059 3210 cadet
1109 3141 1224 3223 riom,
1249 3153 1285 3209 et
1307 3155 1404 3230 regat
1420 3165 1503 3225 nos,
1529 3166 1575 3211 ne
1591 3145 1649 3213 vel
1664 3147 1711 3215 ab
1727 3146 1932 3217 infirmitate
1947 3161 2096 3218 naturae

68 3267 180 3339 super
201 3259 330 3317 terram
353 3244 430 3314 sine
450 3256 551 3336 patre
570 3254 700 3314 vestro.
752 3240 897 3313 loannis
913 3241 1057 3335 quinto:
1109 3241 1167 3310 vel
1188 3237 1343 3311 Diabolo
1374 3242 1648 3334 praecipitemur
1674 3246 1713 3314 in
1739 3247 1924 3319 manifesta
1948 3249 2097 3338 flagicia.

67 3346 178 3419 Pater
197 3369 296 3420 meus
316 3370 429 3441 usque
450 3347 558 3416 modo
575 3357 764 3437 operatur,
789 3356 824 3413 et
840 3365 904 3433 ego
917 3365 1059 3434 operor.
1110 3342 1180 3413 Sed
1197 3337 1433 3432 Evangelium
1454 3344 1575 3430 docet,
1599 3370 1660 3417 cor
1682 3370 1755 3417 esse
1776 3348 1957 3439 impurum
1978 3362 2013 3420 et
2037 3372 2097 3419 ar-

63 3444 234 3543 pr1.:
283 3461 451 3542 operatur
485 3447 608 3516 omnia
643 3445 839 3517 secundum
869 3443 1057 3515 consilium
1109 3446 1194 3513 dere
1223 3446 1526 3536 concupiscentia:
1560 3444 1669 3528 ltem,
1703 3448 1886 3519 diabolum
1918 3451 2022 3521 nobis
2047 3453 2098 3523 ita

64 3551 264 3623 voluntatis
294 3574 389 3625 suae.
447 3544 660 3624 Coloss.1.:
694 3547 815 3616 omnia
845 3570 909 3641 per
941 3545 1058 3638 ipsum
1110 3545 1291 3631 insidiari,
1316 3561 1356 3617 ut
1376 3547 1480 3617 etiam
1507 3547 1546 3616 in
1561 3549 1748 3620 manifesta
1763 3551 1894 3641 flagitia
1913 3548 2098 3642 pertrahit.

63 3652 279 3726 consistunt.
331 3647 599 3724 Actorum17.:
626 3648 665 3718 in
686 3647 764 3740 ipso
785 3647 957 3731 vivimus,
980 3672 1059 3717 mo·
1111 3646 1196 3717 ldeo
1211 3648 1386 3738 promittit
1403 3648 1569 3738 spiritum
1586 3666 1759 3736 sanctum,
1784 3653 1847 3746 qui
1862 3656 2098 3726 cordatrans-

64 3777 197 3826 remur
218 3770 253 3828 et
272 3776 405 3825 sumus.
455 3742 1059 3828 Psat.1oa.:0mnesviaeh0mi-
1110 3750 1260 3835 formet,
1291 3763 1389 3839 regat
1419 3762 1454 3820 et
1483 3754 1656 3840 gubernet
1679 3776 1755 3828 nos.
1831 3750 2097 3827 Iohannis15.:

63 3880 158 3929 num
179 3870 302 3951 patent
324 3856 439 3928 oculis
461 3855 550 3930 eius.
599 3850 861 3925 Proverb.16.:
895 3851 1001 3923 dante
1024 3863 1060 3920 te
1110 3852 1187 3921 sine
1208 3876 1266 3920 me
1289 3852 1383 3921 nihil
1406 3853 1550 3945 potestis
1572 3854 1698 3930 lacere.
1754 3850 1804 3927 Et
1824 3854 1931 3930 Rom.
1946 3858 1999 3932 8.:
2033 3858 2100 3952 qui

64 3958 155 4045 illis,
179 3959 359 4050 colligent.
411 3952 460 4029 Et
474 3957 515 4028 in
530 3955 693 4025 oratione
708 3953 907 4025 dominicas
932 3973 1059 4044 panem
1113 3953 1239 4045 spiritu
1254 3949 1323 4022 Dei
1340 3967 1511 4043 aguntur,
1536 3954 1602 4024 lilii
1616 3954 1686 4026 Dei
1699 3968 1793 4031 sunt.
1839 3955 1965 4045 Qualis
1980 3972 2099 4030 autem

62 4073 232 4132 nostrum
250 4060 500 4154 quotidianum
515 4058 562 4127 da
578 4056 684 4127 nobis
699 4052 818 4126 hodie.
1111 4056 1158 4125 sit
1185 4050 1313 4140 homo,
1346 4068 1381 4126 et
1411 4080 1483 4148 quo
1510 4071 1593 4127 ruat
1620 4057 1779 4128 desertus
1807 4078 1828 4126 a
1851 4055 1950 4143 Deo,
1981 4059 2100 4131 Saulis

172 4162 338 4236 Secundo
365 4177 460 4235 errat
487 4152 714 4253 Philosophia
735 4159 780 4229 de
799 4155 1061 4239 iustificatione,
1112 4156 1312 4249 exemplum
1341 4158 1508 4233 ostendit.
1566 4155 1627 4229 Sic
1655 4158 1765 4249 igitur
1786 4153 2012 4252 philosophia
2036 4184 2101 4233 seu

61 4264 101 4339 si
117 4277 273 4351 statuat,
297 4287 417 4335 eoram
433 4260 509 4334 Deo
529 4261 614 4333 satis
627 4282 702 4330 esse
716 4260 856 4330 civilem
874 4256 1061 4330 iusticiam.
1112 4257 1286 4328 iudicium
1307 4258 1457 4329 rationis
1477 4259 1522 4328 de
1544 4259 1667 4329 divina
1688 4260 1871 4333 voluntate
1894 4255 1989 4331 nihil
2012 4263 2102 4334 certi

63 4364 121 4439 At
134 4361 326 4438 christiana
339 4365 503 4437 doctrina
513 4364 636 4448 docet,
660 4360 835 4435 iusticiam
852 4382 970 4430 coram
983 4356 1060 4429 Deo
1111 4359 1300 4430 adfirmare
1314 4373 1445 4452 potest,
1469 4362 1532 4431 sed
1547 4362 1731 4433 denatura
1745 4385 1866 4433 rerum
1881 4363 1998 4457 deque
2012 4362 2104 4436 ciri-

64 4468 178 4540 fidem
200 4491 275 4539 esse
295 4469 335 4538 in
348 4463 542 4541 Christum.
590 4461 745 4536 Etsieut
760 4462 799 4532 in
814 4462 942 4555 apibus
956 4472 1062 4530 natu·
1111 4462 1207 4532 libus
1219 4462 1379 4533 moribus
1392 4475 1486 4533 recte
1500 4462 1658 4534 iudicare
1671 4476 1796 4556 potest.
1847 4461 1969 4555 Quare
1981 4476 2105 4539 errant

63 4570 164 4643 tales
182 4570 334 4643 virtutes
356 4593 432 4641 non
452 4567 610 4641 efficiunt
633 4589 691 4636 eas
707 4561 918 4637 christianas
929 4576 992 4634 aut
1005 4561 1062 4633 iu·
1113 4562 1177 4657 qui
1198 4586 1240 4632 ex
1258 4564 1398 4637 ratione
1412 4578 1475 4635 aut
1488 4560 1716 4657 philosophia
1732 4565 1893 4638 iudicent
1907 4568 1952 4638 de
1968 4568 2104 4639 doctri·

68 4686 144 4745 stes
165 4695 287 4745 coram
304 4668 401 4758 Deo,
425 4669 477 4741 sic
497 4693 563 4740 nec
586 4666 708 4739 civiles
731 4690 848 4739 mores
873 4688 935 4736 seu
956 4677 1064 4734 natu·
1114 4687 1162 4735 na
1190 4659 1394 4741 christiana.
1457 4664 1536 4737 lmo
1562 4688 1664 4760 saepe
1685 4690 1813 4759 magna
1834 4681 1886 4739 est
1906 4667 2105 4739 consolatio

68 4772 166 4846 cales
184 4775 334 4846 virtutes
355 4795 422 4844 nos
438 4772 575 4843 iaciunt
587 4769 700 4843 iustos
712 4792 831 4840 coram
847 4764 938 4840 Deo.
986 4763 1065 4836 Ha·
1115 4765 1270 4860 piorum,
1295 4769 1391 4861 quod
1405 4790 1480 4839 non
1493 4769 1696 4842 errationis
1706 4783 1846 4842 nostrae
1855 4769 1989 4840 iudicio
2000 4768 2105 4843 aesti-

66 4876 159 4949 beot
171 4899 256 4969 apes
268 4874 495 4969 prudentiam
510 4872 594 4968 qnia
607 4884 697 4944 tecta
710 4882 921 4944 construunt
931 4879 967 4938 et
979 4891 1066 4938 con·
1115 4869 1247 4938 manda
1268 4882 1321 4940 est
1339 4871 1507 4946 voluntas
1525 4869 1615 4958 Dei,
1643 4885 1686 4943 ut
1707 4869 1846 4965 quoties
1867 4871 1912 4942 de
1936 4872 2107 4945 iustihca-

67 4976 511 5070 stituuntrempnblicam.
561 4972 707 5045 Habent
719 4987 755 5046 et
768 4969 956 5057 iusticiam,
980 4967 1066 5065 quia
1117 4970 1216 5043 tione
1246 4971 1442 5062 cogitamus
1470 4973 1579 5061 scire,
1611 4973 1709 5066 quod
1727 4972 1827 5046 Deus
1857 4974 1970 5043 solam
1999 4974 2108 5044 fidem

68 5079 150 5153 suis
177 5079 323 5173 regibus
352 5076 623 5167 diligentissime
652 5076 908 5168 obtemperant
976 5069 1067 5144 ltem
1119 5073 1269 5164 imputet
1289 5096 1356 5166 pro
1370 5074 1528 5158 iusticia,
1552 5074 1702 5145 mirilice
1716 5072 1921 5148 consolatur
1935 5074 2110 5163 animum.

69 5182 201 5253 iuvant
222 5204 260 5252 se
282 5193 430 5264 mutuo,
456 5178 577 5249 levant
597 5199 706 5246 onere
727 5175 852 5261 lessas,
874 5172 945 5245 avi
960 5187 995 5246 et
1009 5174 1068 5243 in·
1118 5171 1279 5247 Rursum
1300 5175 1407 5246 etiam
1430 5192 1551 5250 errant
1575 5172 1635 5257 hi,
1661 5178 1725 5270 qni
1739 5190 1975 5269 aspernantur
1988 5172 2112 5271 philo-

70 5282 182 5356 iuriis
196 5281 393 5354 abstinent:
421 5275 486 5351 Est
501 5279 539 5349 in
554 5278 605 5348 eis
617 5292 652 5349 et
668 5278 758 5348 mira
774 5277 960 5361 tortitudo,
984 5274 1069 5369 quia
1121 5270 1284 5369 sophiam
1317 5276 1534 5351 iudicantem
1556 5279 1602 5349 de
1626 5279 1849 5352 naturalibus
1867 5280 1994 5356 rebust
2028 5300 2114 5359 m

73 5384 249 5459 acerrime
270 5383 445 5457 dimicant
465 5405 548 5455 cum
567 5378 670 5459 fucis.
737 5378 922 5457 Postremo
942 5399 1071 5471 magna
1088 5408 1100 5479 p
1122 5377 1160 5449 id
1174 5390 1228 5452 est
1243 5379 1562 5526 condemnelrlepei
1579 5383 1718 5456 donum
1732 5404 1815 5457 com
1833 5381 2003 5458 omnibns
2016 5400 2117 5499 φοι·
