4680 6038
74 263 84 279 ,
149 94 225 283 ess
916 162 1407 249 nrsaurnstonss
1915 182 1918 187 ·
2109 178 2184 257 ις.

258 353 324 433 66.
357 354 504 429 Falsum
526 364 579 423 est
600 349 728 443 igitur,
763 344 860 443 quod
883 340 1064 419 Pontificii
1088 341 1146 415 di-
1298 341 1361 414 61.
1394 338 1541 419 Solebat
1561 342 1679 416 dicere
1701 367 1809 421 senex
1833 371 1907 418 non
1927 346 2047 430 ἄθεος
2068 345 2181 423 teto

154 476 259 545 runt,
285 462 382 549 bona
399 478 508 550 opera
525 475 600 529 osse
616 450 742 523 merita
757 449 850 522 vitae
865 462 1044 522 aeternae.
1121 476 1125 483 ·
1198 443 1437 536 stapulensis,
1469 445 1559 517 illud
1578 445 1741 520 Catonis:
1769 446 1885 538 Quem
1907 451 2044 541 fugiam
2059 445 2178 537 baben

258 576 327 655 st.
361 574 488 648 Manet
511 588 631 646 tamen
654 584 818 655 aeternus
849 582 885 641 et
912 563 1146 639 immutabilis
1198 570 1474 666 quemOsequar,
1498 572 1574 667 npn
1596 543 1735 668 habeo..
1756 547 1968 669 *Eatebatur
1995 554 2180 625 manifeste

155 686 249 759 ,ὼ
260 679 454 775 „pientiae
471 690 506 749 ,t
519 673 678 749 iusticias
692 673 730 742 in
746 669 835 757 Deo,
859 683 901 742 ue
915 683 1074 742 masura
1089 692 1146 737 η.
1199 664 1234 722 ει
1251 650 1418 740 fugienda
1436 673 1509 721 esse
1526 652 1621 722 idola
1636 651 1836 744 pontificia,
1861 656 1921 723 sed
1939 656 2086 725 videbat
2104 680 2180 725 nae·

158 784 305 861 gemti,
326 784 407 855 Deo
432 780 663 870 obtemperet,
721 772 806 844 [deo
830 771 1147 865 ,91291090311102
1199 775 1262 821 vos
1279 751 1316 820 in
1331 749 1453 832 nobis,
1475 767 1621 845 propter
1637 778 1727 847 quos
1741 755 2032 827 coniunctionem
2048 771 2179 828 usetue·

161 889 265 960 Non
296 881 501 956 obedientia
532 895 584 950 ρει
613 875 819 951 necegmig·
869 872 952 945 Non
983 873 1149 944 addimus
1200 854 1272 929 bel.
1324 852 1395 924 Sed
1410 854 1559 925 sciamus
1575 854 1707 926 dictum
1723 856 1787 924 filu
1801 856 1888 927 Del:
1917 855 2052 928 Bealus
2069 859 2178 953 quiin

160 986 258 1063 hm
278 984 489 1080 pauculam
516 983 561 1053 gd
590 980 758 1064 ‘glutem’
791 977 851 1047 ,gd
876 976 1044 1047 dicim,-
1072 975 1148 1044 ,ine
1201 977 1258 1025 me
1276 956 1473 1027 nonfuerit
1491 956 1656 1028 offensus.
1708 955 1859 1029 Etiamsi
1879 973 1931 1030 est
1944 984 2076 1050 magna
2091 960 2178 1031 infu-

162 1092 239 1165 ulle
253 1083 445 1180 sophistica
467 1082 702 1153 necessariam
719 1102 812 1163 esse,
838 1077 922 1171 qnia
938 1073 1034 1148 hunc
1050 1077 1150 1145 ordi.
1202 1054 1304 1128 mitas
1328 1057 1367 1126 in
1390 1058 1515 1138 uobis,
1541 1072 1658 1128 tamen
1681 1055 1859 1129 Ecclesiae
1881 1063 2106 1134 consociatio
2129 1087 2174 1134 er·

162 1214 247 1265 nem
261 1189 377 1263 sanxit
390 1186 497 1259 Deus.
549 1181 598 1257 Et
618 1180 1009 1276 qualiebarbariesest,
1030 1178 1148 1248 oliuu.
1201 1161 1353 1253 petenda
1377 1173 1446 1242 est,
1473 1173 1507 1233 et
1532 1172 1667 1233 certum
1691 1175 1759 1246 est,
1785 1163 1989 1234 defensores
2005 1164 2174 1235 idolorum

158 1297 249 1367 dere
270 1289 406 1384 populo
432 1282 526 1357 bane
551 1282 860 1374 imaginationem,
892 1282 989 1375 quod
1012 1280 1150 1350 licitum
1203 1262 1442 1380 “Plfflssl‘las
1459 1284 1532 1333 ⁰⁰¹¹
1553 1286 1626 1333 ²⁵⁸⁰
1641 1260 1865 1383 Ecclesiam..
1881 1279 2058 1339 eteorum
2078 1267 2175 1386 speie·

165 1397 213 1471 gig
230 1416 334 1467 ωηο
348 1402 471 1463 contra
485 1384 736 1459 conscientiam
753 1385 791 1453 in
807 1384 928 1454 omnia
944 1383 1099 1453 scelera?
1204 1377 1311 1435 tatem
1329 1364 1533 1451 fugiendam
1552 1388 1634 1435 esse.
1674 1360 1789 1435 Erant
1803 1379 1838 1435 et
1855 1392 1893 1435 rn
1913 1367 2045 1439 ludaea
2062 1383 2176 1439 tristu-

1204 1464 1312 1534 simae
1328 1467 1602 1535 ¹dilacerationes
1625 1479 1783 1556 ternpore
1806 1463 2022 1556 Zachariae,
2051 1470 2174 1540 Simeo-

1205 1566 1272 1646 nis,
1300 1561 1469 1637 lohannis
1485 1565 1675 1660 Baptistae,
1700 1581 1734 1638 et
1754 1582 1870 1639 tamen
1887 1564 2019 1641 horum
2039 1575 2175 1641 coniun-

1206 1668 1275 1738 ctio
1294 1670 1485 1760 expetenda
1504 1683 1589 1754 erat,
1616 1670 1752 1740 etiamsi
1767 1671 1806 1737 in
1823 1668 1952 1741 lturum
1966 1676 2176 1744 auditoribus

1206 1793 1332 1860 magua
1349 1771 1416 1840 fuit
1432 1769 1631 1853 infirmitas.

1308 1871 1370 1942 62.
1403 1870 1633 1943 Manifestum
1656 1886 1725 1955 est,
1760 1897 1833 1944 esse
1862 1877 1979 1947 cultus
2011 1876 2161 1947 idolorur

266 1521 329 1600 68.
366 1525 592 1595 Damnamns
615 1530 650 1587 et
676 1511 769 1586 hanc
791 1515 915 1586 falsam
939 1529 973 1586 et
989 1511 1153 1584 barbari-

167 1652 245 1702 cam
266 1625 556 1717 imaginationem
573 1614 872 1703 Antinomorum,
909 1641 977 1712 qua
1002 1617 1154 1705 fingunt,

166 1754 243 1804 non
259 1724 579 1817 effundiSpiritum
596 1732 757 1790 sanctum
772 1718 910 1789 delictis
926 1731 1051 1788 contra
1067 1739 1154 1786 eon-

169 1831 376 1914 scientiam,
402 1848 482 1897 eum
497 1822 630 1894 Paulus
650 1843 810 1911 expresse
834 1822 945 1890 dicat:
972 1819 1154 1891 scortato-

169 1954 246 2018 res,
280 1928 432 2003 adulteri
458 1940 523 1997 etc.
551 1947 625 1994 non
649 1922 882 2014 possidebunt
903 1945 1052 2011 regnum
1074 1920 1155 2004 Dei,
1208 1973 1217 1991 ,

404 2054 412 2071 ·
802 2023 811 2041 .
895 2020 998 2095 D..
1059 2017 1155 2092 ‚2-
1207 1974 1467 2043 rnvocationem
1482 1969 1669 2044 hominum
1686 1989 1927 2063 mortuorum,
1953 1993 1987 2048 et
2012 1981 2140 2048 adorat'

159 2034 336 2238 ‘'aad'‘
361 2036 412 2108 ι’·
454 2027 693 2099 'sumserunt
723 2038 871 2115 mmm
931 2049 963 2095 ⁸¹
986 2043 1114 2098 mm
1207 2099 1287 2145 nem
1310 2076 1412 2166 panis
1433 2075 1471 2144 in
1492 2076 1837 2166 circumgestatione,
1875 2094 1909 2150 et
1942 2079 1979 2147 in
2013 2084 2115 2150 sacris

1208 2176 1484 2269 pontificiorum.
1526 2176 1622 2250 Haec
1637 2178 1731 2247 idola
1747 2181 1895 2271 perinde
1910 2182 2078 2271 fugienda

1207 2290 1248 2349 ut
1271 2273 1424 2349 ethnica.

1308 2380 1371 2449 66.
1387 2378 1534 2452 Refutat
1549 2378 1809 2452 invocationem
1824 2378 2016 2454 hominum

1209 2505 1287 2551 rum
1309 2476 1394 2550 haec
1415 2508 1484 2551 vox
1508 2506 1684 2575 expresse:
1724 2482 1922 2554 Dominum
1946 2486 2057 2557 nem.
2086 2544 2091 2555 .

1209 2583 1392 2665 adorabis,
1418 2598 1452 2655 et
1469 2581 1535 2675 ipsi
1554 2583 1622 2653 soli
1637 2586 1777 2655 servies.
1828 2583 1875 2658 Et
1897 2588 2012 2680 qualis
2032 2590 2177 2659 amentia

1209 2697 1278 2766 est,
1312 2684 1479 2756 invocare
1501 2685 1657 2780 aliquid,
1678 2711 1699 2757 a
1723 2713 1794 2782 quo
1817 2689 1954 2763 nescias
1979 2705 2014 2762 te
2034 2691 2127 2761 cerni
2152 2705 2180 2762 et

1209 2787 1351 2857 audiri?

1312 2885 1373 2962 64.
1415 2884 1573 2981 Dignum
1596 2891 1767 2961 memoria
1798 2905 1849 2963 est
1869 2889 2023 2965 Lutheri
2050 2894 2177 2979 dicturo,

1211 2986 1477 3060 luvocatiouem
1504 2988 1693 3062 hominum
1725 3009 1949 3065 mortuorum
1982 3022 2025 3067 eo
2056 3020 2176 3090 quoque

271 2249 333 2332 69.
369 2248 561 2341 Quomodo
587 2259 703 2319 antem
731 2245 865 2338 placeat
887 2243 967 2314 Deo
990 2237 1155 2314 inchoata

159 2353 402 2438 obedientia,
421 2370 624 2446 quanquam
648 2348 752 2418 valde
775 2347 943 2439 languida
967 2358 1039 2431 est,
1064 2356 1156 2414 recte

159 2462 212 2532 'in
232 2454 402 2530 Ecclesiis
429 2453 563 2524 nostris
589 2451 793 2542 exponitur.
851 2447 941 2517 Nam
962 2461 1156 2538 utrumque

175 2563 267 2633 scire
282 2578 422 2627 necesse
438 2568 508 2634 est,
536 2565 571 2621 et
585 2553 766 2644 quomodo
781 2571 929 2640 persona
946 2548 991 2618 sit
1007 2560 1157 2638 accepta,

161 2676 211 2737 ‘et
232 2658 411 2755 quomodo
443 2655 604 2746 placeant
630 2674 749 2742 opera.
800 2647 889 2719 Nam
919 2643 986 2718 hae
1014 2671 1156 2742 quoque

161 2759 379 2837 'barbaricae
399 2778 502 2826 voces
527 2753 741 2823 execrandae
763 2763 863 2831 sunt,
889 2750 989 2822 Deus
1005 2775 1080 2820 non
1093 2772 1157 2820 cu-

174 2878 231 2937 rat
247 2882 366 2956 opera.
408 2857 514 2931 ltem:
542 2852 645 2925 Bona
662 2876 769 2946 opera
786 2853 916 2922 obsunt
929 2853 1045 2924 saluti.
1096 2847 1155 2922 An

164 2962 363 3041 'Deusnon
377 2972 477 3033 curat
490 2980 607 3050 opera,
624 2980 704 3027 cum
722 2951 938 3024 horrendam
953 2955 1043 3025 iram
1057 2976 1156 3023 suam

170 3070 345 3142 '⁸thOE
364 3064 505 3156 P‘ffll‘l
525 3061 563 3129 5¹¹
587 3071 663 3131 ¹⁰¹⁰
686 3080 812 3148 &enm
830 3051 988 3128 h⁰m³¹¹⁰
1002 3055 1158 3146 ingemi·
1211 3094 1454 3165 detestandam
1479 3117 1570 3178 esse,
1596 3095 1679 3188 quia
1703 3096 1868 3168 obscurat
1889 3092 1959 3168 hoc
1983 3099 2120 3170 illustre
2132 3123 2177 3168 ar·

161 3168 244 3244 'but
258 3164 518 3240 calamitatibus
535 3160 712 3232 declaret?
738 3156 859 3249 Quare
872 3158 977 3229 etiam
999 3153 1069 3229 hoc
1091 3161 1158 3227 do-

61 3314 68 3330 ·
176 3292 312 3344 cemus:
343 3264 420 3339 Etsi
449 3260 544 3335 bona
564 3285 671 3357 opera
694 3283 770 3330 non
800 3273 885 3330 saint
911 3261 1037 3330 merita
1065 3259 1159 3329 vitae

161 3368 358 3455 'suanae
388 3381 507 3440 tamen
531 3364 659 3433 mereri
680 3386 720 3431 ea
748 3361 1006 3448 mitigationem
1027 3362 1160 3430 multa-

162 3476 468 3567 ''rttlnpoenarum
490 3466 714 3559 publicarum
736 3476 772 3535 et
791 3461 1010 3555 privatarum
1031 3462 1069 3531 in
1092 3456 1160 3532 hac

175 3576 269 3658 vita,
304 3585 340 3654 et
361 3574 538 3641 donorum
560 3567 795 3645 incrementa,
821 3564 918 3633 iuxta
940 3557 1027 3634 haee
1049 3563 1160 3633 dieta:

1211 3206 1420 3286 gumentum
1448 3196 1492 3264 de
1514 3191 1676 3266 Christo:
1701 3193 1913 3288 Prophetica
1941 3215 1980 3272 et
2005 3200 2175 3293 apostolica

1211 3296 1303 3367 dicta
1322 3297 1448 3367 docent
1464 3297 1703 3367 invocandum
1719 3299 1990 3398 esseMessiam.
2042 3300 2109 3374 Est
2127 3301 2176 3393 igi·

1212 3412 1271 3469 tur
1288 3399 1326 3466 in
1341 3423 1382 3466 eo
1400 3412 1527 3467 natura
1541 3399 1679 3471 divina.

1312 3496 1376 3572 66.
1401 3497 1587 3571 Caeterum
1603 3494 1787 3572 historiam
1803 3501 1992 3573 universae
2007 3498 2177 3585 Ecclesiae,

1213 3600 1338 3670 seriem
1355 3601 1629 3691 patefactionurn
1646 3599 1733 3683 Dei,
1758 3628 1821 3694 per
1836 3628 1943 3697 quos,
1965 3607 2046 3692 ubi,
2070 3607 2174 3700 quibos

1212 3702 1425 3772 testimoniis
1447 3703 1610 3773 doctrina
1634 3704 1780 3791 repetita
1804 3706 1869 3789 sit,
1899 3706 2174 3799 quomodolleut

1213 3803 1449 3897 praesentiam
1472 3828 1571 3873 suam
1597 3804 1635 3872 in
1661 3802 1819 3876 Ecclesia
1842 3811 2065 3891 ostenderit,
2094 3828 2176 3879 noste

278 3902 343 3986 Ι60.
382 3904 475 3978 Cum
499 3904 608 3994 igitur
624 3901 850 3971 manifestum
865 3900 929 3985 sit,
954 3896 1161 3974 Pontificius
1213 3905 1449 3975 necessarium
1472 3919 1539 3990 est,
1569 3920 1742 3998 quantum
1767 3902 1851 3978 haec
1878 3907 2020 4003 inquiri
2045 3924 2178 4002 possem
2220 3900 2222 3937 ¹

175 4037 305 4106 magna
329 4021 445 4082 errata
468 4018 590 4076 contra
612 4004 725 4094 legem
738 4000 807 4073 Dei
834 4016 868 4073 et
892 4015 1015 4073 contra
1038 3999 1160 4073 Evau·
1214 4004 1257 4076 ln
1274 4030 1312 4075 ea
1329 4006 1611 4079 consideratisne
1627 4009 1921 4098 gratiarumactio
1939 4012 2179 4091 fiatadDeun,

162 4094 310 4211 'gelium
332 4109 539 4193 defendere,
580 4117 615 4176 et
641 4105 770 4174 addere
790 4103 975 4174 manifesta
1004 4104 1101 4175 idola
1127 4118 1161 4176 et
1214 4109 1443 4177 confirmetur
1464 4121 1499 4178 et
1525 4107 1610 4178 fides
1634 4104 1801 4180 exhibitis
1824 4114 2064 4197 testimoniis,
2087 4128 2181 4185 etco-

175 4214 391 4313 parricidia,
423 4231 563 4280 necesse
584 4218 633 4277 est
658 4205 794 4297 seiungi
815 4207 860 4277 ab
884 4206 952 4292 eis,
985 4205 1081 4277 iuxta
1104 4206 1161 4276 di·
1213 4208 1321 4299 gnitis
1361 4209 1501 4301 piorum
1543 4211 1836 4295 confessionibus.
1913 4211 2182 4308 Expavescanos

177 4333 292 4393 ctum:
322 4310 451 4403 Fugite
477 4308 585 4384 idola.
635 4306 709 4378 Nee
730 4320 848 4379 tamen
873 4306 984 4377 simus
1005 4330 1162 4394 errones,
1213 4311 1318 4381 etiam
1334 4311 1512 4382 intuentes
1525 4305 1715 4383 horribilia
1729 4337 1810 4383 vasa
1825 4314 1910 4396 irae,
1937 4314 2100 4403 Saulem,
2122 4315 2185 4388 hb·

178 4421 240 4491 eed
259 4416 486 4501 ostendamus
500 4434 565 4482 nos
581 4409 789 4481 coniunctos
807 4432 880 4479 esse
894 4432 975 4479 cnm
993 4432 1034 4477 eo
1048 4422 1161 4495 coetu,
1213 4412 1391 4497 solonem,
1424 4412 1597 4483 fanaticos
1619 4414 1798 4499 doctores,
1830 4431 2025 4510 tyrannos,
2052 4437 2086 4492 et
2109 4415 2184 4495 serf!

177 4523 243 4619 qui
260 4531 353 4591 recte
369 4516 491 4600 docet,
517 4524 551 4584 et
566 4535 641 4582 non
657 4509 816 4581 defendit
838 4508 1066 4602 pertinaciter
1082 4511 1162 4581 ido-
1212 4514 1403 4605 gemitibus
1419 4527 1598 4609 petamus,
1624 4529 1664 4586 ut
1679 4513 1776 4587 Deus
1791 4517 1895 4590 faeiat
1910 4544 1978 4590 noe
1993 4546 2080 4593 vasa
2098 4522 2186 4591 ειιίεε-

175 4624 228 4709 la,
251 4636 288 4695 et
302 4617 491 4714 opiniones
506 4638 586 4686 eum
600 4612 834 4684 fundamento
851 4622 1060 4705 pugnantes,
1077 4611 1161 4707 quia
1212 4614 1402 4702 ricoediae,
1417 4628 1563 4708 propter
1577 4616 1690 4687 filium
1707 4633 1741 4690 et
1757 4641 1821 4710 per
1836 4644 1930 4706 eum,
1955 4622 2052 4695 sicut
2067 4622 2186 4720 inpos:

175 4718 274 4796 Deus
291 4719 365 4793 rult
382 4742 456 4789 esse
471 4712 686 4794 Ecclesiam,
712 4725 747 4784 et
763 4711 1062 4784 consociationem
1079 4738 1160 4784 cum
1211 4711 1290 4806 Ego
1312 4738 1391 4787 sum
1413 4717 1516 4803 vitis,
1548 4742 1611 4788 vos
1633 4718 1807 4809 palmites.
1864 4718 2036 4817 Denique
2058 4724 2187 4819 amplie-

174 4818 352 4909 Ecclesia,
378 4835 412 4892 et
432 4819 472 4889 in
494 4812 587 4887 banc
608 4814 835 4885 includamus
857 4835 945 4898 nos,
971 4812 1062 4885 sicut
1078 4815 1162 4886 dul·
1211 4817 1303 4888 sima
1326 4816 1499 4910 sapientia
1524 4831 1576 4889 εει
1598 4820 1835 4893 consideratio
1857 4817 2032 4897 historiae
2049 4828 2186 4901 Sancte·

173 4926 314 4999 tissime
334 4921 469 4995 dietum
501 4933 553 4990 est
582 4916 621 4985 in
652 4938 757 4986 versu
779 4914 1008 4987 Nazianzeni:
1050 4907 1161 5010 Ζήτω
1212 4942 1315 5001 rum,
1340 4934 1477 4991 remota
1493 4943 1617 4990 eorum
1632 4922 1871 4997 invocatione.

173 5020 261 5101 tem
279 5018 462 5119 κιβωτὸν,
490 5015 590 5101 ὅπως
603 5014 725 5111 μόρον
740 5011 849 5088 αἰνὸν
863 5008 999 5098 ἀλύξω.
1051 5014 1161 5104 llaec,
1314 5019 1378 5093 66.
1403 5018 1573 5093 Fremant
1588 5021 1671 5094 licet
1684 5048 1808 5096 omnes
1829 5019 2042 5121 hypocritae
2064 5049 2100 5107 et
2118 5052 2187 5125 pse

174 5142 215 5201 ut
231 5125 485 5221 supradictum
499 5133 563 5201 est,
583 5117 744 5214 quotidie
761 5117 946 5210 cogitanda
961 5131 1054 5203 sunt,
1080 5145 1160 5190 cum
1183 5190 1187 5241 Ι
1214 5134 1268 5192 tae
1286 5123 1494 5209 inferorum,
1522 5137 1640 5195 tamen
1655 5118 1746 5196 hanc
1765 5151 1883 5203 veram
1897 5130 2104 5203 doctrinam
2120 5152 2190 5227 pm·

173 5228 341 5300 dicimus:
379 5224 498 5299 Credo
527 5245 602 5293 esse
630 5216 827 5292 Ecclesiam
855 5228 1011 5291 unctam
1037 5214 1161 5294 eatho-
1183 5266 1187 5311 ,
1213 5223 1301 5316 poni
1328 5246 1468 5295 necesse
1489 5239 1555 5296 est:
1583 5223 1665 5296 Non
1687 5221 1794 5300 habet
1816 5231 1919 5321 panis
1941 5232 2189 5315 rationem&—

95 5348 98 5353 ·
173 5329 290 5405 licam.
487 5402 498 5429 ‚
1182 5327 1386 5399 {rumenti
1402 5339 1499 5399 extra
1516 5326 1719 5401 institutum
1734 5353 1851 5417 usum,
1874 5334 1960 5428 quia
1973 5333 2189 5413 &cmm-s

176 3670 217 3751 Si
239 3673 565 3746 nos'iudicaremus
589 3667 674 3758 ipsi,
699 3689 775 3735 non
791 3664 1031 3736 iudicaremur
1049 3687 1070 3736 a
1085 3663 1161 3736 Do-

176 3778 291 3849 mino.
341 3771 450 3844 ltem:
473 3767 565 3840 Date
583 3781 617 3838 et
631 3767 777 3837 dabitur
791 3767 905 3837 vobis.
