4680 6038
148 224 228 303 ott
433 224 438 229 ·
792 214 1058 337 rnrnrrrr
1087 210 1545 294 nunsnvnoms.
2108 221 2183 297 sae

139 409 185 469 nt
206 416 332 466 verum
355 393 545 464 discrimen
568 388 822 485 conspiciatur,
862 384 1040 463 Ecclesiae
1061 387 1130 463 Dei
1152 390 1157 417 ¹
1181 386 1253 461 Sed
1269 383 1356 460 haee
1370 387 1509 460 institia
1525 386 1727 462 dilectionis
1741 391 1806 462 etsi
1821 386 1881 464 hic
1900 384 2101 466 inchoanda
2115 411 2179 482 est,

139 512 178 571 et
191 497 346 569 aliorum
361 508 538 568 coetuum.
1181 504 1300 562 tamen
1321 485 1439 561 adhuc
1462 490 1566 561 valde
1588 490 1767 563 imbecilla
1789 506 1829 565 et·
1843 496 1966 586 exigua
1989 510 2059 583 est,
2096 498 2178 569 ideo
2259 566 2263 573 .

246 594 346 669 xxi.
379 594 616 667 Meminerint
630 617 713 683 ergo
729 618 852 667 omnes
874 597 1024 669 studiosi
1047 617 1130 685 per·
1180 605 1321 684 oportet
1332 591 1609 664 consolationem
1626 594 1723 665 illam
1738 597 1883 667 alteram
1899 600 2066 691 proponi,
2081 603 2179 694 quod

138 716 252 796 petuo
275 693 367 768 hanc
391 698 568 768 eruditam
592 695 833 768 definitionem
856 700 940 769 fidei
960 695 1028 770 hoc
1050 697 1129 767 loco
1181 695 1250 763 lide
1271 707 1417 788 propter
1437 692 1552 765 filium
1564 691 1632 764 Dei
1651 698 1867 787 placeamus,
1897 700 1987 770 sicut
2004 699 2122 774 Galat.
2140 700 2178 775 5.

137 806 181 876 in
198 796 432 874 textuEsaiae
447 822 521 891 cap.
536 800 599 873 26.
615 798 791 874 traditam.
843 798 949 873 Fides
965 799 1129 872 estlirma
1180 797 1328 868 dicitur:
1360 793 1436 867 Nos
1457 795 1587 890 spiritu
1609 796 1756 892 exfide,
1779 823 1877 893 spem
1894 801 2178 898 iusticiaeexps·

138 902 308 994 cogitatio
322 915 479 973 statuens
493 900 610 996 Deum
624 902 709 971 dare
722 925 865 994 pacem,
889 903 1024 973 scilicet
1042 925 1129 994 pro-
1181 912 1327 970 ctamus.
1357 893 1445 967 Item
1460 899 1559 969 nulla
1572 922 1668 971 nunc
1682 903 1942 989 condemnatio,
1958 906 2058 998 quasi
2072 907 2178 993 dicat,

138 1020 223 1101 pter
237 1005 350 1075 lilium
366 1003 599 1095 promissum,
624 1017 659 1075 et
675 1006 868 1075 accendens
880 1004 1064 1089 fiduciam,
1088 1014 1131 1073 ut
1181 1000 1247 1072 etsi
1260 1000 1421 1070 nondum
1435 1023 1556 1071 sumus
1570 1001 1645 1071 sine
1659 1017 1814 1094 peccato,
1840 1018 1960 1076 tamen
1974 1009 2075 1079 nulla
2089 1031 2177 1081 con-

138 1104 383 1190 hircinum,
422 1118 463 1176 ut
485 1104 705 1174 confidamus
729 1105 897 1178 Domino.
954 1104 1130 1195 Congruit
1181 1103 1360 1195 demnatio
1377 1114 1428 1171 est
1440 1102 1707 1174 ambulantibus
1721 1105 1760 1174 in
1774 1100 1919 1178 Christo
1934 1102 1962 1176 I
1968 1130 2055 1185 esu.
2262 1184 2265 1189 ,

134 1224 260 1282 sutem
276 1202 362 1277 haec
385 1205 547 1277 delinitio
567 1230 647 1277 cum
669 1206 773 1278 dictis
786 1205 905 1280 Pauli.
955 1206 1062 1279 Fides
1078 1218 1130 1275 est
1283 1202 1418 1274 xxiv.
1452 1199 1549 1273 Haec
1566 1204 1826 1277 doctrinavera
1842 1220 1912 1293 est,
1939 1209 1998 1299 pia
2017 1225 2051 1282 et
2075 1211 2175 1283 utilis
2282 1213 2296 1238 ⁰

137 1324 279 1391 motus,
305 1333 378 1402 quo
395 1307 582 1379 statuimus
597 1308 703 1379 nobis
724 1309 858 1381 remitti
880 1324 1022 1401 peecata
1043 1333 1130 1401 pro·
1180 1299 1382 1390 Ecclesiae,
1406 1306 1465 1374 sed
1483 1304 1565 1399 quia
1582 1306 1627 1375 ab
1642 1308 1769 1378 ociosis
1784 1320 1819 1379 et
1833 1331 1907 1379 non
1927 1314 2173 1385 exercentibus
2281 1372 2287 1386 .

138 1427 222 1507 pter
235 1413 480 1496 mediatorem,
501 1422 536 1480 et
551 1410 750 1481 accedimus
764 1408 933 1482 adDeum
949 1426 985 1484 et
999 1412 1129 1482 clama·
1181 1407 1445 1479 invocationem
1458 1407 1497 1476 in
1512 1407 1605 1478 veris
1619 1409 1824 1496 doloribus,
1849 1434 1924 1483 uon
1949 1411 2176 1506 intelligitur,

140 1508 334 1609 pnusAbba
343 1509 457 1582 Pater.
509 1507 607 1582 Haec
621 1512 781 1583 delinitio
797 1511 1066 1587 traditurRom.
1075 1509 1129 1589 5.:
1180 1510 1262 1580 ideo
1278 1510 1383 1580 multi
1401 1509 1607 1581 reclamant.

138 1611 328 1691 lustificati
344 1614 412 1683 lide
426 1637 550 1705 pacem
564 1607 736 1684 habemus
750 1637 831 1705 erga
847 1614 964 1686 Deum
980 1639 1044 1708 per
1052 1614 1130 1685 Do·
1283 1610 1399 1682 XXV.
1448 1607 1608 1682 Ecclesia
1640 1610 1810 1706 intelligit
1842 1640 1907 1687 cnr
1939 1616 2096 1689 subiecta
2128 1616 2175 1689 sit

139 1716 281 1789 aninum
305 1729 468 1787 nostrum
483 1713 601 1786 lesum
615 1710 819 1802 Christum,
852 1741 1040 1811 perquem
1064 1711 1130 1787 ha·
1181 1712 1297 1793 cruci,
1328 1725 1362 1784 et
1385 1712 1542 1802 agnoscit
1563 1713 1651 1785 iram
1665 1713 1735 1784 Dei
1756 1719 1926 1801 adversus
1948 1733 2106 1813 peccata,
2138 1731 2174 1790 et

137 1820 265 1891 berum
295 1841 472 1888 accessum
498 1831 564 1889 etc.
628 1813 679 1889 Et
708 1814 816 1892 Rom.
839 1819 894 1889 8.s
934 1818 1130 1910 Accepistis
1181 1814 1337 1884 clamitat
1352 1838 1432 1885 cum
1447 1812 1574 1886 lesaia:
1606 1813 1820 1911 iniquitates
1841 1836 1983 1892 nostrae
2006 1833 2048 1892 ut
2070 1820 2169 1891 venti

138 1920 314 2013 Spiritum
326 1918 531 2010 adoptionis
547 1917 716 2004 liliorum,
733 1944 805 2012 quo
822 1920 1015 1990 clamamus
1024 1917 1129 1992 Abba
1153 1954 1158 2031 Ι
1180 1916 1443 2006 dissipaverunt
1457 1939 1543 2002 nos,
1565 1941 1635 2012 qua
1655 1942 1741 1989 voce
1757 1921 1844 2015 quid
1860 1923 2078 2012 significetur
2094 1945 2172 1992 me-

137 2020 254 2097 Pater.
309 2018 358 2093 Et
382 2015 515 2111 Ephes.
528 2019 583 2091 da:
616 2019 685 2091 Per
706 2045 813 2112 quem
837 2023 1010 2092 audemus
1030 2045 1129 2091 acce-
1152 2034 1157 2141 Ι
1180 2019 1251 2088 lius
1266 2019 1452 2107 intelliges,
1466 2018 1497 2088 si
1514 2018 1583 2088 iam
1593 2017 1800 2110 Hungariae
1815 2022 2064 2115 dissipationes
2076 2024 2174 2114 aspi·

137 2128 225 2197 dere
249 2125 289 2193 in
311 2122 452 2192 fiducia.
502 2117 551 2191 Et
564 2116 696 2197 Ebrae.
712 2121 767 2192 4.:
802 2121 1023 2195 Accedamus
1047 2146 1127 2194 cum
1181 2120 1271 2206 cias,
1305 2134 1367 2191 aut
1390 2121 1607 2190 miserandas
1629 2117 1869 2193 Ecclesiamm
1892 2127 2174 2200 dilacerationes.

137 2226 268 2299 fiducia
287 2226 331 2293 ad
349 2219 522 2294 thronum
541 2223 685 2311 gratiae.
808 2260 831 2300 n
1181 2218 1395 2292 Moveamur
1423 2242 1508 2311 ergo
1536 2222 1666 2294 nostris
1686 2236 1721 2295 et
1739 2227 1989 2299 communibus
2008 2227 2172 2306 miseriis,

241 2323 361 2399 XXll.
385 2320 465 2395 Etsi
479 2347 561 2394 eum
575 2318 642 2394 hac
658 2324 727 2393 lide
740 2321 933 2416 accipiente
947 2322 1129 2394 remissio·
1181 2335 1216 2395 et
1246 2323 1424 2393 discamus
1456 2347 1576 2395 veram
1609 2325 1894 2410 invocationem,
1939 2344 1974 2401 et
2012 2341 2173 2421 petamus

133 2452 223 2503 nem
255 2449 393 2516 semper
420 2426 630 2496 coniunctae
654 2437 738 2496 sunt
760 2426 851 2496 aliae
873 2427 1038 2510 virtutes,
1069 2426 1128 2495 di·
1180 2424 1310 2495 fiducia
1326 2424 1391 2494 filii
1402 2422 1470 2494 Dei
1486 2425 1729 2499 remissionem
1746 2442 1991 2520 peccatorum,
2016 2431 2172 2503 etfacia-

135 2530 243 2601 lectio
260 2543 294 2596 et
309 2549 402 2616 spes,
430 2539 549 2594 tamen
571 2526 653 2595 ideo
674 2525 821 2596 dicitur:
848 2524 937 2597 Fide
958 2525 1128 2596 iustifica·
1180 2547 1261 2595 mus
1275 2525 1412 2596 fructus
1425 2526 1552 2615 dignos
1567 2529 1797 2619 poenitentia.
1834 2529 1932 2601 llaec
1947 2532 1977 2602 si
1992 2532 2173 2615 faciemus,

137 2652 236 2709 mur,
263 2640 303 2697 ut
318 2626 556 2716 intelligamus
571 2648 637 2699 nos
653 2650 726 2697 non
737 2641 884 2720 propter
898 2640 1037 2699 nostras
1052 2628 1126 2696 vir·
1179 2620 1266 2697 haec
1282 2626 1446 2697 doctrina
1461 2640 1496 2698 et
1509 2626 1684 2700 illustrior
1698 2630 1767 2700 erit
1781 2644 1818 2703 et
1832 2632 1986 2703 dulcior.

139 2741 248 2816 tutes,
276 2730 335 2798 sed
354 2743 500 2820 propter
512 2729 626 2800 lilium
643 2728 711 2799 Dei
727 2730 871 2821 recipis
888 2728 976 2803 Deo.
1281 2723 1418 2802 xxvi.
1457 2724 1551 2800 Cum
1571 2727 1698 2801 lesaias
1718 2733 1881 2806 nominat
1909 2734 2035 2820 fidem,
2083 2735 2170 2815 item

238 2827 378 2902 XXlll.
414 2829 562 2901 Interim
586 2832 732 2922 pmdest
762 2845 883 2902 tenere
905 2826 1126 2900 differentias
1179 2827 1339 2913 definit,
1360 2828 1467 2899 tidem
1497 2852 1571 2900 esse
1599 2832 1851 2921 cogitationem
1883 2836 2042 2917 lirmam,
2076 2849 2171 2908 certe

138 2947 169 3007 at
185 2931 412 3004 definitiones
429 2925 558 3001 harum
575 2933 761 3004 virtutum.
804 2929 912 3002 Fides
928 2932 1126 3002 estadsen-
1178 2928 1329 3022 requirit
1344 2929 1640 3019 praedicationem
1656 2934 1757 3005 verbi
1770 2935 1839 3005 Dei
1854 2959 1918 3008 seu
1929 2937 2170 3010 ministerium

135 3036 199 3107 tiri
223 3033 323 3105 omni
348 3034 458 3104 verbo
481 3032 550 3103 Dei
573 3048 608 3104 et
630 3033 862 3124 promissioni
893 3031 1050 3122 gratiae,
1090 3042 1125 3100 et
1177 3025 1377 3120 Evangelii.
1434 3029 1525 3102 Nam
1547 3033 1633 3104 fides
1654 3059 1695 3105 ex
1720 3037 1848 3109 auditu
1869 3052 1940 3124 est,
1972 3053 2013 3112 ut
2035 3037 2169 3110 Paulus

132 3136 312 3210 confidere
324 3159 392 3206 nos
414 3135 511 3206 insta
533 3132 814 3227 promissionem
827 3157 848 3205 a
860 3133 937 3204 Deo
959 3131 1070 3223 recipi
1090 3144 1126 3200 et
1176 3130 1309 3224 inquit.
1360 3129 1445 3202 ldeo
1461 3132 1560 3204 iubet
1575 3134 1613 3202 in
1629 3149 1728 3207 textu
1744 3139 1875 3229 aperiri
1890 3152 2027 3231 portas,
2053 3140 2092 3211 id
2106 3153 2170 3225 est,

131 3238 311 3313 exaudiri.
362 3237 451 3329 Spes
465 3249 516 3307 est
530 3236 723 3328 expectatio
737 3237 877 3308 futurae
890 3231 1124 3307 liberationis.
1176 3231 1415 3303 ministerium
1430 3228 1619 3325 Evangelii
1633 3239 1804 3309 exerceri:
1831 3252 1867 3312 et
1881 3235 1941 3311 hic
1961 3241 2061 3312 locus
2084 3264 2169 3312 rur·

131 3338 320 3415 Differunt
344 3339 529 3430 perspicue
559 3339 646 3409 tides
676 3352 711 3409 et
737 3361 837 3430 spes,
870 3360 913 3408 eo
934 3337 1030 3431 quod
1056 3335 1125 3404 lide
1176 3355 1237 3403 sus
1255 3335 1444 3420 admonet,
1475 3337 1573 3430 quod
1596 3358 1702 3428 supra
1732 3339 1870 3412 dictum
1896 3354 1949 3414 est
1968 3339 2167 3415 Ecclesiam

131 3443 359 3536 agnoscimus
385 3442 534 3510 verbum
556 3439 647 3525 Dei,
685 3453 721 3511 et
744 3440 937 3532 accipimus
959 3455 1125 3530 praesens
1176 3435 1352 3507 iustorum
1369 3450 1533 3527 oportere
1549 3438 1715 3509 collocari
1737 3441 1776 3511 in
1799 3437 1867 3512 hac
1887 3443 2025 3515 visibili
2040 3439 2167 3515 Eccle-

131 3545 364 3629 benelicium,
390 3542 523 3613 scilieet
538 3541 781 3612 remissionem
797 3554 1035 3634 peccatorum.
1075 3533 1126 3608 At
1175 3535 1227 3607 sia
1245 3552 1472 3623 vocatorum,
1498 3537 1622 3632 inqua
1645 3563 1736 3631 pura
1758 3567 1827 3613 vox
1840 3539 2030 3637 Evangelii
2052 3561 2168 3631 sonat,

131 3672 196 3741 spe
224 3659 448 3739 expectamus
474 3645 633 3714 futuram
662 3643 837 3733 integram
859 3641 1123 3713 liberationem.
1176 3651 1211 3710 et
1224 3663 1299 3708 non
1315 3640 1556 3712 defenduntur
1571 3641 1801 3733 pertinaciter
1815 3668 1956 3720 errores
1967 3660 2167 3742 pugnantes

131 3750 242 3841 Quod
277 3748 388 3839 igitur
419 3745 634 3816 cavillantur
666 3744 802 3838 aliqui,
849 3744 1016 3815 fiduciam
1049 3763 1124 3810 esse
1175 3762 1255 3811 cum
1270 3736 1480 3830 Evangelio.

131 3867 250 3927 saum
273 3850 367 3941 spei,
394 3848 499 3940 plane
521 3848 718 3939 respondeo
740 3846 904 3917 fiduciam
930 3842 1124 3937 praesentis
1277 3840 1430 3917 xxvu.
1462 3840 1745 3919 commendatur
1759 3847 1865 3921 etiam
1879 3850 1986 3925 nobis
2000 3852 2168 3925 ministe-

131 3951 434 4029 reconciliationis
452 3972 527 4021 esse
543 3961 661 4019 actum
675 3949 778 4035 fidei,
802 3949 864 4020 sed
882 3946 1048 4017 fiduciam
1062 3967 1123 4013 ex·
1173 3941 1221 4012 rii
1243 3944 1436 4032 evangelici
1461 3945 1613 4019 efficacia
1635 3962 1670 4020 et
1693 3949 1860 4040 dignitas.
1915 3950 2076 4027 Tantum
2100 3977 2164 4046 per

131 4068 330 4150 pectantem
346 4055 503 4125 suturam
519 4050 769 4121 liberationem
792 4072 866 4121 esse
892 4060 1011 4119 actum
1033 4044 1123 4137 spei.
1173 4044 1413 4116 ministerium
1433 4049 1676 4139 evangelicum
1697 4048 1798 4125 Deus
1820 4066 1873 4125 est
1893 4051 2036 4141 ellicax,
2065 4055 2164 4130 iuxta

131 4158 370 4233 Dilectionem
404 4150 530 4227 lohan.
559 4153 685 4224 delinit
712 4150 752 4221 in
775 4148 939 4243 Epistola
968 4171 1046 4240 cap.
1069 4141 1121 4217 6.:
1173 4146 1282 4217 illud:
1321 4142 1557 4239 Evangelium
1591 4165 1642 4223 est
1669 4152 1828 4243 potentia
1847 4152 1917 4227 Dei
1940 4157 1987 4228 ad
2013 4157 2163 4229 salutem

131 4260 230 4335 llaec
243 4271 297 4331 eat
312 4257 457 4328 dilectio
473 4254 563 4341 Dei,
588 4267 629 4326 ut
643 4254 808 4325 mandata
831 4253 908 4323 eius
930 4271 1121 4322 servemus.
1173 4249 1273 4319 omni
1302 4249 1472 4324 credenti.
1536 4250 1757 4327 Damnemus
1788 4277 1872 4346 ergo
1906 4248 2049 4331 furores
2077 4283 2164 4331 ana-

131 4359 195 4439 Eet
210 4362 323 4454 igitur
337 4358 480 4430 dilectio
495 4354 583 4442 Dei,
606 4378 746 4426 servare
762 4357 927 4425 mandata
944 4353 1022 4423 eius
1037 4374 1120 4420 enm
1173 4349 1397 4443 baptisticos,
1421 4353 1484 4446 qui
1507 4353 1748 4428 ministerium
1768 4357 1961 4447 damnant,
1992 4374 2028 4433 et
2052 4385 2163 4455 qnae-

131 4468 285 4565 padam
301 4462 456 4544 laetitia,
480 4482 571 4552 quae
587 4457 703 4529 oritur
716 4480 758 4527 ex
774 4456 957 4544 agnitione
980 4452 1121 4523 miseri·
1172 4466 1258 4525 runt
1277 4476 1392 4524 novos
1411 4455 1562 4526 adflatus
1582 4456 1656 4527 suis
1679 4459 1992 4550 speculationibus.
2046 4462 2163 4535 Vene-

131 4567 290 4651 mdiae‚
314 4561 567 4635 beneficiorum
589 4571 624 4631 et
639 4559 859 4652 praesentiae
870 4557 940 4627 Dei
961 4552 1121 4626 curantis
1172 4576 1294 4626 remur
1308 4555 1415 4626 etiam
1432 4557 1565 4629 maiore
1584 4558 1704 4629 studio
1725 4573 1761 4633 et
1775 4560 1985 4637 adiuvemus
1998 4565 2162 4635 ministe-

131 4686 161 4747 ῃ
184 4666 391 4761 mipiemis
413 4687 479 4734 nos
502 4675 651 4755 propter
668 4662 793 4733 tilium.
851 4656 1004 4751 Propter
1023 4652 1121 4726 hunc
1172 4655 1266 4727 rium
1285 4656 1325 4726 in
1339 4652 1509 4730 Ecclesiis
1524 4672 1559 4731 et
1573 4655 1730 4746 scholis,
1754 4673 1788 4733 et
1811 4662 1965 4737 scisma
1989 4661 2058 4736 hoc
2080 4665 2161 4735 offi-

131 4768 302 4847 lobannis
317 4770 436 4839 locum
452 4759 654 4838 scholastici
668 4766 832 4837 doctores
852 4763 898 4831 de
920 4758 1122 4842 dilectione,
1173 4757 1267 4828 cium
1283 4758 1359 4828 Deo
1382 4775 1523 4850 gratum
1547 4784 1621 4833 esse
1644 4775 1678 4834 et
1693 4761 1810 4834 Deum
1830 4779 1978 4858 propter
1998 4766 2160 4839 ministe-

131 4890 166 4957 st
179 4867 396 4965 Philosophi
416 4873 461 4942 de
484 4866 644 4961 iusticia,
676 4856 871 4941 universali
894 4862 1006 4936 locuti
1026 4872 1122 4935 sunt.
1172 4860 1267 4932 rium
1284 4861 1423 4957 ali‘lw
1436 4863 1580 4958 Wllllffl
1593 4878 1816 4941 mmmm
1829 4887 1917 4947 ωε·
