4680 6038
64 226 141 303 141
606 221 766 300 unct.
806 220 881 299 DE
914 222 1165 300 lUDlCllS
1197 222 1529 304 ECCLESIAE.
2010 236 2082 316 142

166 397 299 470 Differt
318 396 430 489 igitur
451 420 534 468 vcra
558 395 725 493 synodus
742 397 880 468 duabus
905 398 1009 468 rebus
1027 423 1048 468 a
1098 419 1212 492 usque
1233 399 1279 471 ab
1298 399 1423 487 initio,
1456 417 1490 475 et
1513 425 1586 473 csse
1606 405 1903 499 omnipotentem,
1936 432 1977 479 ac
1997 432 2081 482 vere

62 500 200 573 iudicio
216 500 371 592 politico.
422 498 531 571 ludex
553 499 717 590 politicus
734 501 798 570 etsi
820 501 893 592 ipse
908 523 1048 593 quoque
1098 523 1241 571 eernere
1255 516 1290 573 et
1304 504 1468 583 exaudire
1483 505 1633 595 gemitus
1647 521 1797 583 nostros.
1849 508 2006 581 Persicos
2023 536 2076 582 re·

61 626 135 673 vox
149 599 220 673 Dei
242 616 310 687 est,
335 614 370 672 et
389 601 545 693 primum
570 623 695 671 sonare
711 603 915 689 decalogum
932 602 1047 686 dehet,
1097 616 1164 691 ges·
1178 603 1217 670 in
1241 606 1380 695 pompis
1402 606 1703 697 splendidioribus
1725 612 1953 683 antecedebat
1966 634 2078 706 equus

61 726 130 775 nec
141 703 368 777 contrarium
387 716 539 774 statuere
560 715 691 794 potest,
718 716 834 774 tamen
857 717 892 774 et
912 705 956 772 de
976 705 1046 795 cir-
1096 717 1234 792 gestans
1248 730 1345 775 aram
1360 730 1421 776 seu
1435 709 1565 795 locum,
1579 709 1616 779 in
1634 734 1706 803 quo
1720 725 1795 782 erat
1809 713 1902 802 ignis
1916 736 2023 799 sacer,
2036 724 2078 784 ut
2124 759 2127 765 -

61 806 286 876 cumstantiis
303 805 480 895 probabili
505 803 641 875 ratione
664 806 793 874 addere
816 807 906 894 leges
924 817 1047 896 potest,
1096 804 1164 896 ipsi
1179 808 1413 878 nominabant
1428 803 1635 891 Ocimasda,
1661 812 1724 904 qui
1737 809 1834 884 Deus
1847 837 1920 884 esse
1934 815 2076 886 diceba·

59 920 98 978 ct
111 907 277 997 ambigna
293 906 526 996 interpretari,
549 921 582 976 et
596 906 688 977 valet
703 906 946 997 interpretatio
963 930 1046 997 pro·
1095 918 1164 978 tur.
1215 905 1310 980 Num
1330 909 1368 978 id
1382 912 1596 982 credendum
1609 914 1694 998 luit,
1718 915 1801 1008 quia
1816 914 1954 987 Persica
1969 916 2078 986 colle-

61 1022 143 1101 pter
153 1009 377 1078 autoritatem
392 1006 523 1099 regiam
539 1031 599 1077 seu
613 1008 839 1098 praetoriam,
866 1010 949 1077 etvi
967 1030 1045 1076 cor·
1096 1005 1150 1097 gia
1174 1010 1224 1078 sic
1250 1011 1488 1084 decreverant.
1539 1013 1669 1086 Procul
1694 1038 1713 1084 a
1738 1017 1843 1085 nobis
1869 1017 1948 1088 talis
1976 1018 2077 1087 luror

60 1109 404 1202 poralisenteutiam
422 1122 551 1189 tuetur.
590 1106 640 1179 Aa
660 1108 826 1202 Synodus
840 1110 889 1179 sic
904 1110 1045 1197 alligata
1096 1110 1199 1182 absit.
1243 1108 1342 1200 Quid
1357 1125 1472 1182 autem
1489 1114 1641 1185 similius
1656 1131 1707 1187 est
1722 1116 1777 1185 illi
1794 1117 1954 1187 Persicae
1974 1141 2076 1210 pom·

61 1208 338 1303 estExtngelin,
354 1225 394 1282 ut
408 1234 481 1279 non
496 1211 608 1301 possit
622 1212 750 1280 addere
765 1235 856 1281 nova
872 1213 1045 1299 dogmata,
1097 1235 1178 1305 pae,
1208 1236 1315 1306 quam
1346 1214 1505 1286 adoratio
1537 1216 1576 1284 iu
1606 1217 1932 1307 circumgestatione
1963 1218 2076 1310 panis,

60 1336 128 1384 nee
150 1314 266 1383 valeat
288 1313 530 1404 interpretatio
554 1325 697 1404 propter
719 1315 855 1407 ordinis
874 1313 1045 1383 autorita-
1096 1313 1232 1408 Synodi
1255 1317 1394 1386 decreto
1423 1316 1653 1388 confirmata?
1702 1316 1783 1388 Non
1808 1320 1917 1409 igitur
1937 1318 2076 1414 Synodi

62 1428 154 1501 um,
177 1438 242 1484 nee
260 1414 295 1483 vi
312 1414 486 1504 corporali
503 1415 712 1485 sententiam
730 1429 857 1486 tuetur.
1095 1415 1285 1502 autoritas,
1307 1420 1367 1487 sed
1383 1443 1450 1488 vox
1467 1418 1589 1489 divina
1605 1418 1732 1490 rectrix
1747 1421 1793 1489 sit
1808 1420 1904 1492 fidei.

164 1531 235 1604 sed
260 1529 317 1604 ¹¹3⁰
342 1532 528 1623 Pituiifim
552 1534 733 1604 elaffliiinl
759 1534 869 1603 incidi
894 1557 1042 1603 nervum
1196 1549 1247 1624 At
1267 1552 1453 1647 inquiunt,
1479 1555 1610 1625 multae
1632 1555 1796 1628 incidunt
1816 1557 2077 1628 controversiae

59 1635 277 1729 indiciorum
292 1648 327 1704 et
339 1635 562 1705 autoritatem
578 1635 699 1716 deleri,
726 1637 844 1706 sinon
860 1635 973 1706 valeat
987 1635 1044 1702 in·
1093 1658 1163 1728 τοῦ
1179 1647 1291 1750 ῥήῑου
1307 1651 1369 1727 καὶ
1384 1649 1562 1735 διανοίας,
1604 1650 1759 1748 oportet
1774 1681 1857 1748 “3⁰
1872 1681 1945 1729 Μ
1960 1658 2076 1728 inger.

61 1736 266 1855 lssfPstf³¹i⁰
285 1751 451 1830 'anquam
475 1737 568 1827 ‘⁰83³
588 1738 642 1805 vel
659 1739 832 1829 Praetoria
848 1738 1045 1808 mrim&
1094 1772 1221 1850 pretes.
1282 1753 1331 1827 Et
1358 1757 1429 1826 nisi
1459 1758 1575 1828 valeat
1609 1757 1850 1850 interpretatio
1879 1758 2079 1843 autoritate,

62 1837 159 1928 Qum
176 1839 353 1928 ‘iiim'ffl
370 1839 724 1931 inquiunii‘m‘nffl
742 1839 780 1907 5¹¹
795 1838 967 1935 SY¹¹⁰d⁰i
1096 1885 1169 1928 non
1187 1873 1239 1928 est
1255 1859 1334 1927 linis
1349 1859 1589 1929 dissidiorum.
1636 1856 1733 1930 Haec
1750 1860 1863 1930 oratio
1877 1859 2078 1951 plausibilis

158 1968 376 2064 Quanquam
400 1969 593 2065 tyrannicis
616 1969 768 2060 ingeniis
793 1966 886 2040 haec'
908 1971 1043 2061 ingrata
1095 1974 1163 2045 est,
1188 1974 1221 2031 et
1245 1972 1382 2050 sumpla
1404 1985 1424 2029 a
1446 1960 1599 2051 politicis
1615 1959 1772 2046 iudiciis,
1798 1963 1858 2031 secl
1873 1961 2020 2031 dissidia
2036 1961 2077 2028 irs

63 2085 159 2157 sunt,
183 2087 304 2142 tamen
335 2094 474 2141 necesse
504 2085 555 2142 est
586 2071 663 2162 pins
691 2068 756 2142 hae
777 2075 822 2142 de
849 2097 887 2142 re
914 2073 1044 2147 doceri,
1095 2060 1260 2133 Ecclesiis
1281 2063 1351 2131 alio
1374 2063 1480 2130 modo
1497 2062 1691 2142 tolluntur,
1715 2063 1970 2154 Apostolorum
1990 2085 2076 2131 con-

63 2170 150 2244 Cnm
176 2173 356 2244 incidisset
383 2173 620 2243 controversia
644 2166 756 2266 ῥήτου
779 2169 842 2246 καὶ
865 2166 1042 2258 standene,
1087 2171 1237 2233 'sensum
1252 2165 1297 2235 de
1311 2162 1396 2252 legis
1412 2163 1640 2251 abrogatione
1656 2177 1853 2256 sequuntur
1868 2165 1918 2254 pii
1936 2162 2075 2234 caeteri.

63 2254 166 2369 quain
191 2274 306 2347 movit
326 2275 576 2347 Samosatenus
599 2276 643 2343 de
665 2275 738 2343 filio
755 2275 844 2360 Dei,
868 2300 915 2344 an
937 2269 1044 2373 λόγος
1095 2264 1164 2334 Hic
1179 2278 1297 2335 Cottius
1321 2275 1372 2332 esi
1389 2260 1564 2344 Ecclesia,
1589 2264 1650 2333 alii
1667 2287 1749 2333 vero
1773 2264 1876 2334 mulli
1892 2261 2077 2333 dissenlle·

62 2377 103 2447 sit
116 2368 372 2472 ὑφιστάμενος
378 2427 390 2462 ,
418 2392 659 2449 convenerunt
674 2372 842 2470 Episcopi
864 2401 905 2446 ex
924 2377 1044 2448 multis
1095 2368 1180 2536 hiant
1206 2379 1240 2483 {l
1269 2366 1440 2435 nolebant
1474 2365 1572 2433 illam
1603 2359 1877 2457 pulcherrimam
1914 2363 2076 2458 politiam

62 2479 236 2569 gentibus.
1121 2482 1241 2539 estrur.

86 2626 89 2633 ·
135 2634 142 2647 ·
160 2596 213 2683 Hi
235 2599 476 2691 pronunciant
499 2595 611 2697 λόγον
627 2621 699 2669 esse
713 2595 983 2696 ὑφιστοζαενον,
1009 2613 1043 2670 et
1184 2599 1262 2672 Hos
1277 2602 1419 2672 tandem
1434 2602 1562 2675 refutat
1576 2600 1672 2673 Deus
1689 2600 1824 2672 excidio
1842 2600 2079 2698 lerosolymae

61 2701 215 2771 relutsnt
228 2725 268 2770 ac
284 2700 487 2793 improbant
503 2702 816 2798 astutetcogitatam
833 2704 1042 2794 interpreta·
1095 2719 1129 2775 et
1150 2705 1299 2774 aliarum
1319 2702 1463 2773 urbium
1487 2716 1522 2773 et
1543 2703 1652 2773 totius
1674 2703 1786 2792 gentis
1812 2703 1969 2776 interitu.
2023 2701 2076 2774 lta
2184 2750 2188 2758 ·

61 2803 193 2872 tionem
207 2802 439 2873 samosateni.
488 2798 776 2896 llaecSynodus,
802 2828 876 2873 uon
894 2818 933 2874 ut
950 2803 1042 2895 poli·
1095 2807 1229 2877 cineres
1244 2819 1279 2874 et
1296 2807 1422 2874 rudera
1439 2804 1582 2874 urbium
1597 2817 1770 2874 testantur
1786 2801 2074 2894 decretumApo-

60 2904 149 2974 licus
172 2903 296 2988 iudex,
322 2904 445 2974 delinit
467 2903 732 2992 ambiguitatem
748 2905 840 2994 regia
863 2924 1042 2996 seuprae-
1095 2909 1267 2978 stolorum
1288 2929 1411 2977 verum
1432 2927 1522 2985 esse,
1549 2919 1583 2976 et
1604 2905 1790 2974 dissidium
1814 2908 1956 2976 tandem
1978 2907 2076 2976 tolli-

59 3007 150 3076 toria
171 3006 382 3090 autoritate,
407 3006 468 3075 sed
489 3004 621 3094 singuli
637 3028 725 3075 suae
748 3008 828 3076 fidei
851 3010 1043 3076 confessio·
1094 3025 1163 3082 tur.
1214 3008 1274 3079 Sic
1291 3032 1370 3079 cum
1394 3007 1486 3076 edita
1507 3020 1557 3077 est
1574 3004 1712 3099 Synodi
1735 3007 1926 3091 confessio,
1951 3020 1986 3077 et
2007 3006 2077 3074 im·

57 3130 139 3178 nem
162 3108 376 3192 ostendunt,
400 3120 434 3177 et
456 3131 498 3177 ex
518 3106 656 3197 scriptis
677 3103 890 3200 propheticis
909 3122 943 3179 et
957 3133 1042 3200 apo·
1096 3113 1144 3202 pii
1161 3110 1389 3198 dogmatistae
1405 3132 1446 3177 ex
1461 3103 1616 3178 Ecclesia
1635 3108 1773 3199 piorum
1790 3109 1889 3177 eiecti
1902 3121 1997 3192 sunt,
2018 3131 2077 3177 ec-

57 3208 192 3283 stolieis
214 3208 417 3279 testimonia
440 3208 633 3278 ostendunt
656 3231 738 3279 suae
760 3210 862 3295 lidei,
888 3210 936 3279 ita
961 3233 1042 3278 sen·
1094 3210 1305 3283 clesiasticus
1327 3210 1436 3278 iudex¹
1454 3202 1528 3276 noir
1549 3208 1628 3277 aliis
1650 3208 1764 3278 modis
1784 3208 1907 3278 tollere
1930 3207 2076 3276 dissidia

56 3311 166 3383 tentia
181 3307 385 3405 synodice
408 3312 608 3395 decretum,
634 3322 685 3379 est
706 3323 843 3380 tantum
867 3311 1040 3380 confessio
1096 3324 1226 3405 potest,
1251 3334 1317 3378 nec
1338 3323 1389 3379 est
1411 3309 1533 3392 lictor,
1556 3311 1615 3377 sed
1632 3306 1727 3380 Deus
1751 3309 1824 3398 ipse
1845 3309 2009 3376 delensor
2025 3320 2077 3378 cst

55 3412 298 3503 singulorum,
323 3437 391 3507 qua
408 3411 460 3503 pii
477 3411 752 3489 commonefiuru
771 3424 806 3481 et
827 3413 1042 3482 conhruaan-
1094 3412 1270 3491 veritatis,
1308 3402 1342 3481 et
1371 3411 1512 3480 tandem
1545 3408 1639 3479 delet
1671 3410 1797 3501 impias
1827 3423 1954 3492 sectas,
1985 3407 2076 3480 sicut

55 3527 125 3590 tur.
159 3511 252 3585 ,διὰ
267 3515 415 3584 credunt
432 3515 476 3583 de
490 3537 528 3581 re
541 3524 638 3583 tanta
653 3537 726 3583 non
742 3527 888 3606 propter
903 3513 1040 3608 Synodi
1094 3511 1284 3609 Aegyptios
1308 3511 1456 3592 delevit,
1490 3523 1525 3580 et
1547 3533 1648 3602 saepe
1670 3509 1843 3602 oppressit
1863 3508 1990 3580 ludens
2019 3510 2077 3576 in·

54 3617 259 3700 decretum,
291 3617 353 3685 sed
381 3627 525 3706 propter
548 3614 749 3686 testimonia
780 3612 983 3706 prophetica
1009 3629 1042 3686 et
1094 3631 1311 3687 staureturos
1328 3636 1426 3683 suam
1445 3612 1620 3702 politiam,
1645 3627 1679 3682 et
1693 3613 1782 3682 sicut
1795 3611 1937 3682 sustulit
1952 3609 2076 3681 Mani·
2151 3694 2154 3707 Ι

54 3716 260 3810 apostoliea.
312 3713 482 3805 Quotidie
494 3716 531 3784 in
548 3715 771 3787 invocatione
788 3717 851 3785 lilii
865 3714 933 3786 Dei
947 3718 1043 3807 cogi·
1094 3714 1239 3801 chrum,
1265 3739 1370 3808 quem
1400 3713 1576 3783 interfecit
1598 3735 1658 3781 rex
1680 3711 1856 3799 Persicus,
1884 3736 1962 3782 cum
1988 3721 2077 3782 esset

55 3833 155 3905 tans,
191 3818 277 3912 quid
317 3818 498 3901 invocem,
536 3817 628 3888 etsi
658 3820 869 3910 prosuerunt
895 3810 1061 3914 Synodi,¹
1095 3822 1266 3912 impostor
1287 3816 1393 3887 titulo
1417 3814 1562 3899 medici,
1587 3826 1622 3883 et
1642 3814 1732 3884 sicut
1750 3813 1896 3884 Arrium
1919 3812 2077 3896 extinxit,
2142 3850 2147 3859 ·

58 3914 285 3991 Antiocheno
310 3933 345 3991 et
370 3918 542 4002 Nicaena,
576 3921 621 3988 ad
653 3921 1042 4005 commonefactionem,
1094 3922 1152 3991 cui
1173 3921 1272 3989 velut
1297 3915 1405 3987 ludae
1425 3917 1544 3986 subito
1565 3914 1724 3985 cruciatu
1746 3915 1854 3986 effusa
1878 3925 1962 3984 suut
1984 3926 2076 3982 exta.

58 4020 178 4117 tamen
195 4022 239 4091 de
260 4045 299 4090 re
320 4034 417 4091 tanta
439 4023 544 4091 eredo
567 4045 640 4089 non
658 4036 802 4113 propter
814 4022 1041 4115 synodorum
1094 4018 1146 4093 Ac
1162 4021 1314 4091 subinde
1328 4018 1384 4086 vel
1399 4017 1508 4086 iidem
1528 4038 1664 4086 errores
1679 4016 1915 4104 repullulant,
1941 4014 1997 4082 vel
2013 4012 2078 4080 alii

57 4125 209 4207 decreta,
229 4126 291 4192 sed
309 4122 453 4214 p‘ropter
467 4135 559 4193 certa
577 4123 781 4199 testimonia
796 4120 929 4208 diviria,
953 4148 1042 4218 quae
1094 4123 1278 4208 oriuntur,
1309 4133 1350 4191 ut
1372 4118 1480 4190 nimis
1500 4141 1583 4190 vere
1606 4116 1742 4189 dictum
1771 4128 1823 4187 est
1846 4117 1885 4184 in
1910 4112 2079 4186 Timonis

55 4234 176 4296 extant
192 4224 230 4293 in
247 4220 436 4315 Prophetis
450 4222 687 4316 etApostolis.
717 4221 857 4297 Nititur
868 4227 952 4295 fides
968 4249 1042 4295 non
1094 4248 1215 4297 versu:
2058 4216 2063 4225 ’

57 4325 286 4420 synodorum
310 4326 566 4414 congressibus.
618 4324 709 4395 Nam
732 4325 820 4397 aliae
841 4326 978 4421 Synodi
1002 4341 1042 4398 ut
1220 4333 1314 4423 φοιτᾶ
1337 4332 1358 4420 ἦ
1379 4330 1579 4421 βροτὸλοιγος
1600 4329 1662 4419 ipae
1682 4330 1784 4399 uereor
1804 4329 1948 4397 letania.

55 4424 297 4497 Ariminensis
317 4441 352 4498 et
372 4427 585 4522 syrmiensis
608 4428 788 4497 diversum
809 4429 1043 4514 tradiderunt,
1095 4459 1285 4532 Manionps
1305 4460 1403 4529 ,grus
1424 4468 1541 4527 orgum
1565 4467 1632 4542 esp,
1657 4467 1812 4545 tempore
1827 4451 1942 4524 Marci
1962 4447 2079 4523 Anto,

56 4528 369 4601 ”dvmdi'im‘
855 4591 857 4594 ⁴
1095 4564 1183 4636 nini.
1236 4560 1276 4631 ld
1293 4583 1413 4631 semen
1435 4558 1502 4628 luit
1523 4552 1651 4653 delyrii
1665 4552 1957 4638 Manicheorum,
1980 4554 2076 4646 quod

155 4643 233 4716 Nee
256 4643 395 4740 Synodi
413 4642 530 4718 Deum
552 4649 663 4718 alium
681 4647 852 4718 Ecclesiae
870 4649 1044 4724 fabricare
1095 4679 1218 4734 natum
1243 4664 1282 4732 in
1303 4660 1465 4745 Perside,
1500 4659 1660 4749 contagia
1688 4657 1817 4748 sparsit
1846 4656 1884 4723 in
1906 4653 2080 4737 Africam,

55 4759 224 4840 P⁰⁸ffl¹¹h
249 4759 291 4817 ¹¹¹
312 4744 440 4818 G‘ffli
461 4748 673 4834 Herculem,
703 4762 764 4819 ²⁸1²
786 4749 944 4838 Quiriffl
966 4749 1043 4822 li0·
1095 4789 1185 4860 quae
1210 4765 1260 4834 ibi
1290 4757 1407 4833 adhue
1434 4757 1627 4850 Augustini
1658 4772 1817 4848 tempore
1848 4755 2080 4844 vagabantur.
2174 4755 2180 4762 ’

55 4851 197 4922 mnium
212 4849 307 4918 5⁰10?
322 4846 416 4920 θεοῦ
433 4852 644 4922 multtum·
1094 4867 1188 4938 Sunt
1204 4879 1321 4937 autem
1336 4888 1356 4932 a
1373 4861 1497 4932 Marco
1511 4855 1697 4930 Antonino
1712 4860 1756 4927 ad
1775 4856 1966 4946 Augustini
1980 4877 2077 4923 mor·

157 4963 237 5036 Nisi
268 4968 430 5036 arassetis
464 4970 575 5039 vitula
609 4991 704 5052 mea,
737 4968 855 5061 inquit
880 4968 1044 5052 Samson,
1094 4983 1164 5038 tem
1197 4968 1282 5037 anni
1314 4966 1387 5034 lere
1416 4961 1574 5035 trecenti.
1623 4960 1787 5030 Tandem
1814 4979 1896 5026 vere
1925 4956 2079 5025 extincta

55 5090 131 5137 non
147 5066 384 5140 invenissetis.
437 5066 636 5140 Audiamus
650 5068 759 5157 igitur
774 5070 958 5141 docentem
974 5066 1044 5139 Ec·
1095 5082 1198 5153 sunt,
1222 5082 1262 5139 ut
1283 5067 1426 5138 tandem
1449 5060 1625 5132 evanescit
1646 5058 1889 5139 mendacium,
1921 5056 1984 5126 etsi
2009 5055 2078 5124 alia

54 5168 220 5252 clesiasn,
245 5182 279 5242 et
294 5171 557 5240 commoneberi
575 5195 641 5240 nos
663 5170 768 5262 apiis
785 5170 940 5267 Synodis
956 5169 1043 5238 veli-
1095 5170 1248 5240 subinde
1269 5179 1474 5238 nascuntur.
1526 5161 1654 5232 Servat
1673 5172 1789 5231 autem
1813 5160 1905 5229 filius
1920 5155 1989 5228 Dei
2012 5155 2079 5224 ali·

54 5293 155 5352 mns,
181 5270 704 5341 sedidesintueaturverbnm
720 5264 806 5352 D'ei,
832 5277 928 5368 quod
946 5272 1052 5341 affin·
1095 5294 1183 5365 quas
1212 5293 1313 5341 verae
1337 5264 1514 5337 Ecclesiae
1540 5261 1725 5355 reliquias,
1759 5272 1793 5330 et
1822 5270 1932 5351 gestat
1955 5258 1994 5328 in
2016 5279 2080 5327 sua

54 5371 269 5442 nasutium
294 5369 363 5442 Det
388 5371 535 5445 missum
564 5396 637 5445 esse
664 5376 709 5444 ad
735 5369 930 5448 Ecclesiam
960 5373 1045 5442 inde
1095 5373 1216 5444 dextra
1224 5422 1236 5456 ,
1260 5385 1300 5446 ut
1322 5368 1455 5462 inquit:
1480 5362 1593 5438 Nemo
1606 5364 1718 5457 rapiet
1734 5385 1817 5434 oves
1834 5383 1929 5431 meas
1943 5382 1985 5430 ex
2005 5381 2083 5459 ma·
