4680 6038
154 240 229 314 211
562 227 723 306 DECL.
746 228 820 304 DE
857 225 1142 306 PULMONE
1177 228 1250 304 ET
1279 226 1357 305 DE
1391 225 1658 311 DlSClllM.
1689 252 1775 314 ure.
2110 248 2180 324 212

158 431 273 478 sermo
295 406 369 476 sive
393 405 551 499 loquela,
578 429 666 497 quae
689 417 740 472 est
759 404 1046 485 voxarticulata,
1071 403 1147 471 for·
1200 394 1434 491 Oesophagus
1468 426 1553 472 vero
1587 430 1791 502 quanquam
1819 436 1949 485 nervea
1975 414 2182 495 membrana

159 524 279 581 matur
300 533 320 579 a
345 509 485 598 lingua,
519 508 623 596 plane
649 507 878 575 inenarrabili
902 508 1027 591 morlo,
1050 506 1147 575 unde
1200 518 1269 589 est,
1292 516 1411 572 tamen
1434 517 1486 577 est
1507 506 1703 579 substantia
1719 511 1881 600 mollior,
1905 542 2015 610 quam
2030 515 2180 608 trachea,

159 626 306 705 propter
328 612 466 679 diversa
491 610 631 698 linguae
655 609 926 699 impedimenta,
960 608 1021 678 alii
1048 607 1148 687 blesi,
1199 619 1233 675 et
1245 605 1452 693 astringitur
1475 606 1548 676 suis
1573 610 1687 696 villis,
1709 637 1790 682 cum
1813 630 1863 687 est
1887 619 2020 695 inanis.
2074 618 2181 695 Ettet

160 715 222 784 alii
239 714 346 783 trauli
363 713 526 781 existunt.
1199 709 1313 776 multo
1337 707 1499 796 longior,
1522 733 1627 800 quam
1652 708 1812 802 trachea,
1838 743 1928 810 quae
1953 725 2023 791 sub
2038 723 2180 794 furculis

262 813 332 884 llic
356 814 618 883 consideremus
638 824 769 904 quanta
793 811 838 880 sit
854 810 950 880 vocis
963 811 1098 882 utilitas
1114 823 1148 880 et
1200 808 1367 878 inseritur
1384 810 1557 900 pulmoni.
1599 811 1652 883 Ac
1667 813 1885 909 oesophagus
1900 824 1968 891 sub
1988 820 2179 917 diaphrag-

160 917 329 1001 varietas,
360 936 465 1008 quam
492 915 542 982 sic
567 913 641 982 lieri
666 913 811 1006 quidem
836 914 1055 1003 experimur,
1086 914 1145 981 sed
1200 925 1292 980 mate
1315 910 1552 981 ventriculum
1574 916 1726 1006 attingit.
1776 918 1849 990 Nec
1871 946 1963 995 vero.
1978 926 2054 999 iam
2078 940 2177 997 taram

161 1044 226 1091 cur
250 1034 282 1088 et
307 1019 450 1111 quando
473 1016 510 1083 in
535 1011 590 1084 bis
614 1015 788 1084 meatibus
803 1016 865 1083 a'e'r
880 1016 1025 1106 accipiat
1044 1037 1148 1083 sonos
1200 1012 1466 1082 fabricationem
1503 1008 1628 1084 harum
1660 1021 1814 1109 partium
1846 1025 1996 1096 recitare
2030 1048 2179 1120 possum,

161 1137 196 1193 ct
217 1144 385 1191 sonorum
408 1117 631 1200 varietatem,
657 1117 774 1185 dicere
791 1140 864 1183 non
882 1139 1084 1205 possumus,
1109 1139 1148 1185 ac
1201 1126 1339 1184 tantum
1364 1109 1430 1182 froc
1454 1139 1601 1201 moneo,
1634 1142 1680 1189 ne
1703 1123 1798 1191 vocis
1823 1148 1954 1214 organo
1978 1129 2179 1200 tribuantur·

159 1227 340 1294 fatendum
351 1233 422 1299 est,
449 1245 521 1288 non
538 1219 677 1308 penitus
689 1218 835 1309 perspici
847 1234 1022 1290 naturam.
1069 1219 1148 1288 Me·
1200 1215 1314 1285 officia
1329 1215 1479 1295 culinae,
1503 1240 1547 1285 ne
1565 1219 1777 1293 misceantur
1790 1231 2038 1318 propagationi
2054 1230 2178 1302 dotari.

159 1326 250 1393 mini
272 1323 465 1414 sapieniam
484 1322 599 1389 tirum
617 1322 754 1398 dicere,
780 1344 822 1388 eo
841 1322 1044 1390 discendam
1062 1317 1149 1389 Phi·
1202 1340 1267 1386 nae
1286 1316 1493 1408 cupiditates
1508 1320 1621 1407 gulae.

160 1421 381 1516 losoplriam.
412 1438 451 1493 ut
473 1445 658 1515 quousque
683 1421 846 1512 progredi
869 1446 968 1491 meus
994 1418 1148 1492 humana
1300 1414 1375 1487 Cur
1388 1418 1497 1506 igitur
1512 1419 1815 1516 dixitEuripides:
1844 1427 1978 1500 l'inum
1997 1444 2179 1524 penetrans

160 1529 289 1621 possit,
315 1526 635 1608 animadvertatur,
661 1537 695 1594 et
715 1548 805 1616 quae
825 1549 897 1592 non
916 1519 1147 1615 comprehen-
1201 1520 1411 1611 pulmonum
1427 1524 1584 1592 meatus?
1610 1521 1811 1598 Etlllceus:
1841 1529 1955 1629 Te‘yye
1970 1534 2179 1626 πνεύμονας

161 1634 234 1699 dat.
293 1625 456 1718 Cumque
485 1639 615 1694 restare
645 1627 768 1715 ingens
799 1626 934 1695 bonum
956 1650 1029 1695 non
1051 1650 1149 1696 com·
1202 1621 1303 1715 οἴνῳ.
1355 1620 1451 1691 llaec
1474 1625 1580 1693 verba
1603 1649 1678 1696 uon
1702 1631 1926 1703 confundunt
1948 1635 2180 1705 officiam.

160 1725 374 1823 prehensum
409 1728 605 1811 cernimus,
638 1727 791 1798 convicti
819 1729 1011 1809 fateamur,
1046 1729 1148 1819 opilia
1201 1722 1309 1802 lium,
1336 1736 1473 1792 tautum
1493 1720 1562 1793 ltoc
1584 1727 1725 1811 dicunt,
1751 1735 1913 1823 pulmoni
1939 1760 2033 1827 opus
2055 1760 2129 1807 essa
2150 1747 2180 1806 et

162 1858 236 1901 cem
262 1831 470 1922 sapientiam
494 1843 528 1899 et
549 1830 683 1899 bonum
708 1853 792 1902 esse.
855 1828 930 1900 Cur
952 1854 1066 1899 sermo
1090 1830 1150 1899 fiat
1201 1825 1419 1894 nutrimento
1440 1826 1672 1914 etrigatione.
1726 1832 2019 1906 Acmanifegmm
2042 1852 2096 1908 ρει
2119 1862 2180 1906 nu.

164 1936 305 2023 linguae
339 1933 492 2022 plectro,
544 1931 624 2023 quis
659 1931 743 1999 satis
780 1944 978 2001 monstrare
1013 1931 1150 2024 potest?
1202 1926 1281 1995 triri
1298 1939 1332 1995 et
1346 1926 1453 2016 rigari
1472 1929 1635 2018 pulmoni
1651 1934 1854 2024 pulmonem
1871 1961 1933 2026 per
1949 1962 2081 2007 venam
2096 1954 2182 2010 arte·

163 2036 258 2106 Fieri
284 2049 402 2106 tamen
422 2032 611 2112 sentimus,
636 2046 669 2102 et
692 2033 815 2121 ingens
834 2034 969 2102 leonum
989 2057 1061 2105 esse
1075 2056 1149 2103 ser·
1202 2027 1346 2113 rialem,
1368 2052 1458 2119 quac
1472 2030 1637 2100 subtilem
1654 2037 1858 2125 sanguinem
1873 2034 1969 2111 velrit
1990 2041 2030 2109 in
2046 2041 2182 2131 pulmo·

162 2159 325 2214 monem,
350 2136 606 2224 significantem
625 2156 699 2215 res,
725 2136 954 2222 cogitationes
970 2149 1003 2206 et
1021 2137 1150 2204 volun·
1203 2154 1294 2200 nem.
1351 2127 1504 2218 Sanguis
1531 2145 1648 2202 autem
1682 2160 1723 2206 ex
1746 2139 1824 2208 cibo
1848 2154 1881 2209 et
1902 2155 1990 2233 potu
2014 2156 2120 2212 antea
2148 2142 2181 2211 in

161 2251 250 2307 tates
266 2235 332 2305 Dei
358 2251 391 2306 et
412 2232 620 2318 homiuum,
644 2238 869 2305 manifestum
887 2252 949 2310 est.
1002 2235 1067 2306 Est
1084 2237 1151 2326 igi·
1204 2245 1303 2322 epate
1328 2245 1514 2306 natusest.
1564 2232 1701 2306 llarum
1726 2240 1902 2311 actionum
1926 2244 2095 2312 ordinem
2117 2266 2183 2313 m

80 2406 87 2423 ,
162 2355 219 2408 tur
236 2340 375 2429 sapiens
390 2339 532 2417 artifex,
556 2361 661 2430 quem
677 2360 921 2426 agnoscamus,
947 2353 980 2409 et
996 2338 1070 2408 eius
1086 2339 1150 2407 be·
1202 2339 1325 2424 poetae
1348 2357 1420 2401 non
1440 2349 1586 2422 negant,
1612 2361 1690 2406 cum
1707 2341 1846 2426 dicunt,
1873 2344 1958 2411 vino
1975 2345 2086 2433 rigari
2107 2345 2183 2437 pul-

162 2441 298 2507 ΝΜ*
325 2453 525 2507 “wimer
550 2449 713 2524 mimula
748 2463 883 2530 ¹¹⁰⁵‘1110
904 2461 1151 2530 praeparemus
1203 2457 1355 2504 munem.
1408 2431 1499 2504 Cum
1516 2437 1646 2507 diurno
1662 2456 1759 2512 aestu
1777 2459 1811 2513 et
1838 2444 1960 2514 labore
1982 2470 2049 2515 cor
2062 2470 2181 2516 accen·

163 2545 206 2608 ad
233 2542 413 2608 coelestem
436 2539 661 2628 sapientiam,
687 2539 815 2630 inqua
837 2540 951 2609 ideam
967 2563 1151 2635 cernemus
1203 2559 1281 2606 sum
1300 2550 1361 2619 est,
1387 2550 1421 2604 et
1440 2537 1560 2624 pulmo
1574 2542 1755 2626 arefactus,
1782 2546 1966 2615 ameridic
1981 2548 2181 2639 corporibus

163 2642 349 2710 universae
374 2653 520 2708 naturae
541 2639 579 2707 in
601 2640 677 2729 ipso
698 2642 893 2710 conditore.
942 2640 1032 2711 Vult
1055 2640 1152 2711 Deus
1204 2637 1550 2731 quiesconcedatur,
1587 2656 1620 2710 et
1641 2645 1720 2712 cibo
1748 2661 1782 2716 et
1801 2660 1886 2738 potu
1907 2649 2109 2719 reficiantur
2131 2648 2183 2716 vi.

164 2767 250 2812 voce
267 2738 450 2831 Evangelii
467 2741 609 2810 accendi
622 2741 747 2828 vitam,
774 2743 886 2811 lucem
904 2743 942 2812 in
959 2745 1152 2829 mentibus,
1204 2762 1258 2807 res
1276 2751 1309 2806 et
1326 2740 1488 2829 spiritus,
1513 2754 1546 2810 et
1565 2743 1738 2830 rigatione
1756 2742 2008 2820 humectantur
2028 2764 2065 2821 as
2086 2750 2183 2821 tetri.

166 2861 202 2916 et
223 2845 392 2914 iustitiam
417 2845 454 2910 in
478 2843 663 2926 cordibus,
686 2856 720 2913 et
742 2844 884 2937 quidem
902 2846 979 2913 vult
996 2869 1069 2913 sese
1085 2870 1151 2914 no-
1204 2851 1369 2930 gerentur
1383 2865 1443 2910 cor
1458 2853 1492 2910 et
1508 2843 1641 2931 pulmo.
1693 2845 1762 2914 llic
1786 2853 1875 2919 ordo
1894 2855 1946 2920 de
1967 2852 2093 2922 multis
2113 2875 2184 2921 ma·

166 2947 223 3015 bis
247 2946 506 3014 communicare
530 2940 596 3013 bac
621 2945 694 3035 ipsa
713 2971 809 3015 voce.
861 2942 918 3015 Ad
937 2943 1031 3016 lrunc
1049 2971 1150 3017 usum
1204 2942 1283 3029 gnis
1305 2945 1410 3011 rebus
1434 2966 1499 3011 nos
1522 2950 1809 3035 commonefacit,
1841 2955 1886 3021 (le
1911 2954 2182 3025 ordinatam

166 3047 326 3118 condidit
350 3042 435 3116 baec
453 3046 659 3115 admiranda
676 3071 802 3137 opera,
829 3070 948 3117 vocem
967 3062 1001 3118 et
1017 3072 1151 3118 sermo·
1205 3059 1238 3114 et
1254 3044 1489 3114 restitutionis
1513 3046 1661 3131 virium,
1687 3065 1721 3119 et
1742 3053 1786 3121 de
1806 3056 1914 3123 modo
1929 3078 1971 3123 ac
1987 3068 2182 3147 temperau-

164 3174 271 3237 nem,
312 3172 402 3240 quae
435 3150 615 3240 quomodo
649 3149 752 3235 fiant,
792 3164 877 3220 tuuc
905 3150 1152 3239 intelligemus,
1206 3147 1270 3230 tia,
1296 3170 1401 3238 quam
1419 3146 1515 3214 scitis
1533 3151 1851 3223 necessariamesse
1867 3158 1910 3223 ad
1933 3158 2108 3227 tuendam
2128 3180 2180 3225 aa.

133 3276 244 3321 -cum
269 3252 385 3341 ipsum
402 3249 564 3341 opificem
579 3273 696 3320 coram
712 3251 748 3319 in
767 3250 844 3321 luce
859 3253 1041 3321 manifesta
1058 3253 1152 3343 aspi·
1205 3249 1399 3318 letudinem
1417 3249 1587 3337 corporis.
1639 3253 1708 3321 Sed
1726 3276 1792 3322 nos
1807 3255 1843 3323 in
1857 3252 2017 3328 Ecclesia
2033 3255 2181 3350 praecipi

165 3353 308 3424 ‘lemm-
1205 3374 1281 3420 eam
1299 3350 1469 3432 sciamus,
1494 3365 1528 3419 et
1544 3353 1757 3422 valetudinis
1772 3359 1924 3428 tuendae
1939 3382 2068 3447 causa,
2093 3374 2128 3431 et
2143 3380 2180 3429 ne

269 3452 342 3521 lam
366 3464 399 3522 et
420 3474 530 3542 pauca
552 3453 597 3522 de
618 3446 758 3522 trachea
774 3453 920 3537 arteria,
945 3468 979 3523 et
994 3455 1038 3523 dc
1052 3479 1153 3524 oeso-
1206 3473 1305 3519 mens
1321 3451 1534 3541 impediatur
1549 3452 1588 3520 in
1603 3453 1838 3540 invocatione,
1863 3459 1902 3527 in
1919 3460 2179 3533 deliberationi-

167 3549 282 3644 pltago
306 3553 432 3623 dicam.
499 3551 582 3622 Non
605 3554 691 3622 dicit
712 3552 813 3624 Plato
837 3549 918 3623 vehi
943 3568 1066 3644 potum
1091 3581 1153 3646 per
1206 3555 1291 3633 bus,
1317 3552 1354 3620 in
1374 3552 1519 3636 studiis,
1544 3566 1580 3623 et
1596 3554 1634 3622 in
1649 3557 1848 3628 actionibus
1864 3561 1944 3631 aliis
1958 3561 2056 3634 vitae
2069 3586 2180 3634 necet·

168 3651 345 3726 tracheam
368 3655 546 3725 arteriam.
604 3650 739 3747 Estque
761 3657 945 3727 retinenda
968 3659 1153 3743 sententia,
1204 3655 1317 3725 sariis.
1368 3651 1465 3722 llaec
1488 3655 1606 3723 omnia
1629 3658 1794 3749 impediri
1818 3655 2177 3737 helluationibnsrna-

167 3757 354 3826 distinctos
377 3778 450 3824 esse
470 3755 609 3825 canales
631 3756 841 3828 ctdistincta
858 3757 990 3840 officia,
1017 3775 1057 3832 ut
1070 3773 1153 3830 ante
1205 3758 1371 3825 nifestum
1390 3768 1450 3824 est
1503 3753 1659 3826 Maxime
1675 3784 1758 3830 vero
1774 3762 1897 3834 scitote
1919 3765 1965 3835 ad
1991 3764 2179 3838 invocatio·

168 3859 333 3928 diximus.
386 3853 566 3926 Differunt
589 3871 623 3928 et
645 3858 716 3928 situ
732 3871 766 3928 et
783 3861 978 3930 substantia
994 3856 1031 3929 bi
1049 3885 1152 3931 cana-
1204 3882 1285 3927 nem
1300 3856 1530 3947 temperantia
1546 3881 1635 3949 opus
1652 3883 1736 3935 esse.
1782 3860 2176 3960 Cameniminterprs·

167 3962 229 4034 les.
279 3954 438 4030 Trachea
459 3959 588 4030 arteria
609 3960 648 4028 in
670 3960 846 4031 anteriore
870 3977 968 4052 parte
985 3964 1069 4032 colli
1088 3988 1153 4051 po-
1203 3962 1355 4030 candum
1378 3980 1516 4029 necesse
1532 3959 1599 4044 sit,
1627 3963 1737 4034 multa
1764 3966 1917 4055 cogitare
1945 3968 1991 4038 de
2019 3966 2174 4048 Damae
2215 4034 2219 4055 ,

166 4064 232 4134 sita
264 4076 333 4144 est,
369 4075 409 4131 ut
434 4075 526 4132 recta
549 4052 671 4131 tendat
691 4063 734 4130 ad
759 4084 816 4146 os,
849 4057 1038 4133 hauriendi
1060 4065 1152 4136 ae'ris
1204 4060 1381 4131 mandatis
1398 4075 1432 4130 et
1446 4061 1741 4150 promissionibus
1762 4067 1912 4148 divinis,
1937 4069 2016 4138 fieri
2031 4064 2172 4140 hornan

165 4189 285 4248 rausa,
311 4158 530 4255 oesophagus
549 4178 665 4235 autem
687 4162 726 4231 in
747 4165 1152 4256 posteriorepartecolli
1204 4176 1335 4254 potest,
1369 4186 1449 4230 cum
1471 4161 1624 4233 intentio
1646 4165 1685 4233 in
1714 4167 1822 4236 ebriis
1843 4190 1917 4238 esse
1943 4170 2047 4242 nulla
2066 4168 2172 4264 possit.

165 4280 229 4349 est,
254 4280 288 4335 ot
304 4267 413 4354 magis
428 4266 523 4349 latet,
545 4279 585 4335 ut
600 4266 678 4354 plus
691 4267 1017 4337 contineatcaloris.
1067 4265 1152 4339 Dis-
1204 4263 1251 4336 Et
1274 4288 1353 4333 cum
1374 4265 1498 4333 ardere
1517 4266 1623 4334 corda
1646 4267 1797 4338 flammis
1817 4270 1931 4339 divini
1954 4272 2104 4363 spiritus
2123 4272 2171 4341 de·

165 4371 293 4437 cedens
315 4381 432 4438 autem
459 4362 627 4435 nonnihil
651 4367 759 4437 flectit
780 4392 817 4437 se
842 4370 885 4437 ad
911 4371 1086 4456 dextram,
1110 4383 1152 4441 ut
1204 4369 1329 4449 beant,
1357 4358 1424 4434 hae
1442 4367 1687 4456 reprimuntur
1713 4368 1913 4458 fuliginosis
1943 4367 2119 4446 balitibus
2142 4370 2170 4439 io

165 4473 267 4540 cedat
290 4469 404 4538 locum
428 4482 558 4537 aortae.
608 4467 747 4539 Rursus
770 4483 888 4540 autem
910 4472 952 4539 ad
970 4471 1150 4542 sinistram
1202 4469 1347 4539 cerebro
1363 4480 1397 4536 et
1415 4467 1452 4535 in
1467 4469 1593 4554 corde,
1619 4482 1654 4539 et
1668 4471 1757 4538 varii
1773 4486 1856 4542 sunt
1871 4486 1988 4544 aestus
2007 4488 2043 4547 et
2058 4470 2170 4563 Euripi

164 4571 377 4652 reflectitur,
403 4592 482 4640 cum
507 4571 579 4638 fere
601 4571 744 4641 accessit
765 4573 809 4641 ad
836 4566 1085 4663 diaphragma,
1110 4587 1152 4644 ut
1202 4572 1403 4639 adfectuum
1420 4568 1458 4636 in
1475 4571 1593 4654 corde,
1619 4574 1713 4663 quod
1730 4588 1913 4643 oneratam
1930 4576 2173 4648 “immodica

163 4677 261 4743 catu
287 4672 404 4742 locum
429 4695 538 4740 venae
559 4695 675 4741 cavae.
725 4671 778 4743 Ita
802 4674 900 4744 velut
923 4686 1044 4745 servus
1069 4676 1149 4746 ofli-
1201 4673 1282 4742 cibo
1298 4684 1334 4741 et
1349 4684 1447 4761 potu.
1499 4670 1620 4760 Quare
1635 4672 1803 4762 scriptum
1818 4689 1886 4745 est:
1912 4676 1999 4748 Sitis
2014 4672 2170 4750 sobriiad

161 4777 254 4844 ciose
272 4775 365 4844 cedit
381 4771 639 4867 praestantibus
654 4772 834 4845 membris.
886 4774 956 4846 Sed
972 4778 1151 4847 anfractus
1200 4773 1452 4866 precationem.
1502 4772 1667 4866 Denique
1684 4776 1735 4845 sic
1751 4777 1944 4847 vivendum
1961 4795 2033 4866 est,
2058 4797 2170 4853 utno-

159 4880 214 4947 llll
233 4891 402 4969 promul,
428 4889 467 4945 ¹11
486 4871 551 4944 l¹⁰c
569 4876 766 4945 membrum
782 4876 950 4960 fulciant,
971 4892 1005 4949 et
1021 4902 1149 4949 nervos
1200 4889 1271 4946 stra
1284 4897 1431 4967 corpora
1447 4873 1519 4945 sint
1534 4875 1713 4945 domicilia
1732 4890 1765 4946 et
1782 4881 1910 4972 templa
1925 4878 2013 4966 Dei,
2038 4897 2075 4955 et
2088 4900 2171 4954 carc·

158 4980 355 5071 excipiant,
382 4979 465 5049 item
482 5001 527 5046 ne
544 4977 758 5069 impediatur
773 4978 983 5066 deglutiens.
1032 4978 1149 5051 Diffe-
1199 4981 1325 5060 brum,
1351 5000 1430 5059 cor,
1454 4975 1597 5066 lingua,
1623 4990 1657 5046 et
1680 4981 1800 5050 omnia
1825 4982 1897 5052 sint
1912 5006 2045 5073 organa
2060 4985 2126 5061 Dei
2140 4980 2172 5048 in

34 5090 42 5103 '
156 5099 241 5155 runt
265 5096 298 5153 et
320 5080 537 5165 substantia,
563 5104 645 5149 nam
668 5075 808 5150 trachea
832 5093 883 5151 est
904 5105 946 5150 ex
970 5082 1147 5172 cartilagi-
1198 5079 1313 5150 nobis.
1345 5075 1441 5147 Haec
1457 5079 1641 5167 cogitanda
1658 5093 1753 5163 sunt,
1780 5106 1860 5151 cum
1876 5084 2060 5156 intuemur
2075 5080 2173 5157 fabrl·

153 5187 280 5269 nibus,
307 5199 346 5254 ut
363 5185 409 5254 sit
423 5182 558 5252 firmior
573 5181 722 5267 canalis,
749 5196 1147 5272 nectotosuocorpore
1197 5180 1372 5250 tationem
1389 5181 1547 5268 corporis
1562 5181 1694 5260 nostri,
1728 5195 1762 5252 et
1785 5185 1949 5253 ordinem
1973 5202 2123 5258 naturae
2141 5184 2175 5253 lu

153 5301 275 5371 coeat,
302 5290 361 5356 sod
386 5297 548 5355 maneant
571 5302 724 5368 meatus,
751 5298 791 5355 ut
812 5309 886 5353 non
904 5285 1147 5375 impediantur
1198 5284 1327 5353 tuenda
1351 5282 1555 5350 valetudine
1575 5284 1821 5352 necessarium.
1873 5282 1927 5356 Ac
1950 5303 2099 5380 propter
2120 5285 2177 5358 lm

149 5391 243 5462 aiiris
265 5390 440 5475 influxus,
474 5402 508 5459 ct
533 5382 710 5460 halituum
736 5388 962 5460 fumosorum
985 5387 1146 5461 effluxus.
1193 5383 1573 5477 gravissimascausas‚
1599 5397 1742 5476 propter
1758 5399 1914 5457 nostram
1927 5389 2177 5468 valetudinem,
