4680 6038
148 160 222 235 roo
390 88 602 230 scarras
629 143 705 224 ru.
732 142 942 223 raanan
968 143 1096 221 msr.
1122 139 1268 220 uuor.
1292 141 1361 218 ar
1386 137 1577 218 runos.
1604 140 1931 220 susurrasse.
2101 146 2174 225 too

150 333 256 407 melia
279 328 489 401 affectorum
510 344 605 402 esse,
628 341 671 393 sc
691 318 775 389 satis
794 318 865 390 sibi
880 340 974 400 csse,
999 319 1029 391 si
1046 320 1138 391 iusta
1189 314 1305 402 uben,
1333 327 1377 388 nt
1396 312 1571 386 Graeciae
1594 314 1732 387 bellum
1761 316 1931 407 inferret,
1962 317 2182 407 decuma,

151 436 286 510 faciens
300 443 335 505 et
351 429 473 501 dicens
485 422 673 518 Spartanis
694 422 768 493 suis
787 422 932 514 placeat.
985 420 1084 494 Fecit
1106 434 1142 492 et
1191 417 1437 511 desperatione
1452 417 1504 488 rei
1521 430 1658 503 tantae,
1685 443 1727 490 ae
1742 419 1933 514 praecipue
1948 419 2183 497 metuCimo·

152 539 223 611 alia
238 537 407 607 modeste.
455 526 612 601 Remisit
624 523 798 617 captivam
813 524 971 595 nobilem
988 526 1032 594 ad
1050 547 1143 595 suos.
1193 522 1269 607 uis,
1293 520 1414 591 omisit
1427 520 1708 613 expeditionem,
1734 534 1770 593 et
1785 537 1941 595 mortem
1965 524 2042 597 sibi
2057 527 2186 599 consti·

155 639 228 715 Sed
244 639 339 709 idem
353 630 546 707 Pausanias
561 652 642 700 eum
658 639 776 718 postea
788 625 1000 721 Byzantium
1015 625 1145 698 Graeci
1196 625 1266 709 vit,
1296 619 1423 694 hausto
1451 647 1514 695 seu
1542 622 1684 695 taurino
1717 625 1909 716 sauguine,
1941 650 2011 699 seu
2038 649 2189 715 veneno,

156 749 401 835 occupassent,
435 735 550 804 factus
579 729 753 819 superbus
783 745 818 800 et
844 730 998 800 crudelis
1027 729 1147 820 rapuit
1196 750 1277 797 cum
1300 726 1445 819 quidem
1468 726 1613 797 vixisset
1634 749 1749 797 annos
1765 728 1930 823 quinque
1950 729 2189 821 ctsmgiuts.

80 844 83 851 ’
156 834 268 915 liliam
291 837 473 934 praecipui
496 834 584 905 civis
605 831 787 924 Byzantii,
813 843 848 903 et
870 827 962 902 bane
983 846 1092 902 noctu
1108 832 1147 901 in
1197 827 1268 898 llic
1287 827 1355 898 fuit
1377 828 1490 899 exitus
1513 829 1604 900 tanti
1620 829 1708 913 viri,
1731 832 1893 923 quicum
1912 832 2188 906 excelluerun-

159 946 277 1019 subita
301 938 587 1014 consternatione
604 934 794 1009 interfecit.
846 931 886 1005 ld
905 959 984 1005 cum
995 925 1150 1018 lecisset,
1198 931 1354 1023 pientia,
1378 931 1485 1002 stulte
1504 945 1624 1003 tamen
1647 954 1684 1000 se
1700 932 1864 1005 adiunxit
1877 934 2009 1006 inlidis
2027 930 2191 1029 hostibus

160 1073 203 1121 ex
223 1060 338 1120 statua
361 1043 478 1115 editus
504 1052 555 1111 est
576 1031 636 1108 bie
660 1056 800 1119 versus,
835 1060 985 1127 poenam
1007 1038 1150 1106 denun·
1200 1046 1236 1105 et
1257 1033 1363 1124 longe
1388 1034 1524 1103 maiora
1544 1033 1681 1103 viribus
1705 1034 1779 1104 suis
1803 1037 1996 1129 promisit,
2021 1051 2060 1109 et
2074 1038 2189 1110 suein

160 1151 274 1220 cians:
310 1147 429 1238 στεῖχε
448 1136 553 1234 δίκης
575 1131 716 1227 ἆσσον,
741 1130 845 1232 μάλα
864 1164 923 1212 τοι
942 1134 1060 1213 κακὸν
1084 1138 1151 1213 ἄν·
1201 1149 1341 1208 tantum
1363 1135 1562 1227 perieulum
1584 1136 1751 1221 adduxit,
1781 1152 1821 1210 ut
1840 1152 2005 1243 mortem
2030 1140 2191 1212 sibioon·

161 1247 298 1348 ,towns
318 1245 440 1342 ὕβρις,
1203 1239 1349 1309 sciscere
1364 1239 1496 1323 mallet,
1521 1264 1626 1331 quam
1643 1254 1824 1329 expectare
1840 1242 2047 1314 tristiorem
2061 1245 2193 1330 uitnm,

266 1350 405 1423 Deinde
421 1370 501 1418 cum
511 1344 629 1415 Persis
643 1343 785 1412 foedera
799 1345 913 1414 facere
928 1358 1077 1415 conatus
1093 1359 1155 1429 est,
1179 1412 1182 1417 ,
1204 1366 1284 1412 cum
1308 1357 1479 1413 metueret
1502 1343 1599 1426 fore,
1625 1356 1667 1412 ut
1686 1342 1743 1411 vel
1764 1340 1953 1416 aGraecis
1972 1345 2034 1416 vel
2051 1345 2193 1418 aPersis

165 1452 234 1527 hae
249 1452 474 1533 conditione,
500 1461 540 1518 ut
555 1449 701 1517 daretur
714 1446 782 1515 sibi
798 1468 905 1526 uxor,
931 1446 1002 1515 falia
1018 1445 1156 1532 Xerxis,
1179 1426 1183 1563 ι
1206 1443 1471 1515 interficeretur.
1522 1441 1624 1514 Adeo
1643 1443 1790 1548 infoelix
1805 1460 1859 1515 est
1872 1449 2061 1539 sapientia
2078 1443 2193 1517 buma-

166 1573 201 1630 et
222 1566 264 1627 ut
278 1554 423 1626 adiutus
438 1549 590 1621 Persicis
614 1547 756 1618 auxiliis
775 1571 836 1617 rex
851 1544 1023 1618 Graeciae
1046 1550 1156 1633 lieret,
1180 1566 1183 1591 ²
1206 1570 1272 1630 na,
1297 1571 1377 1616 cum
1402 1574 1421 1616 a
1443 1543 1518 1616 Deo
1539 1546 1733 1631 deseritur,
1760 1546 1856 1618 iuxta
1873 1543 1970 1619 baec
1984 1552 2099 1621 dicta:
2121 1548 2193 1622 Non

167 1680 316 1751 amque
338 1653 482 1729 Persico
514 1650 664 1742 imperio
696 1649 898 1724 subiiceret.
956 1649 1157 1722 Revocatus
1180 1607 1184 1717 l
1206 1662 1321 1742 potest
1334 1649 1405 1719 sibi
1419 1643 1528 1719 bomo
1543 1673 1682 1720 sumere
1698 1650 1913 1743 quicquam,
1942 1652 2022 1721 nisi
2036 1653 2193 1723 siteids-

168 1762 335 1853 igiturex
352 1754 525 1851 Byzantio
541 1777 622 1824 cum
635 1747 773 1843 Ephori
796 1774 876 1822 eum
900 1750 1158 1845 deprehensuri
1208 1765 1285 1822 tum
1307 1774 1326 1819 a
1347 1748 1435 1823 Deo.
1487 1750 1594 1822 ltcm:
1624 1750 1707 1823 Scio
1728 1750 1908 1840 Domine,
1934 1756 2044 1848 quod
2063 1767 2195 1826 nonest

169 1878 207 1933 et
227 1863 267 1930 iu
289 1880 463 1931 carcerem
486 1856 629 1926 ducturi
653 1866 786 1937 esseut,
810 1854 903 1944 fugit
917 1855 955 1923 iu
973 1858 1159 1949 templum.
1209 1849 1367 1925 bominis
1390 1854 1447 1924 via
1469 1854 1556 1928 eius.
1612 1854 1701 1925 Item
1729 1855 1770 1924 in
1794 1852 1969 1946 Epistola
1997 1854 2121 1928 laoobi:
2151 1855 2192 1929 Si

170 1963 225 2033 lbi
246 1987 327 2033 cum
340 1959 523 2031 audissent
535 1952 675 2047 Ephori
694 1957 810 2048 ipsum
825 1958 995 2030 fatentem
1014 1960 1161 2046 crimen,
1210 1957 1289 2051 quis
1307 1956 1442 2047 indiget
1457 1957 1650 2049 sapientia,
1676 1970 1806 2048 potata
1822 1957 1902 2029 Deo
1918 1971 1993 2032 etc.

171 2066 331 2137 inclusus
361 2062 453 2131 fame
478 2058 593 2150 periit.
652 2053 700 2130 Et
725 2071 838 2129 mater
860 2055 1044 2148 Alcithea,
1077 2085 1157 2132 eum
1311 2056 1402 2130 Cum
1418 2058 1691 2130 Lacedaemonii
1707 2060 1903 2148 fugientem
1920 2085 1973 2132 ex
1987 2057 2137 2135 Graecia
2149 2083 2195 2131 se·

171 2190 275 2237 muro
291 2165 385 2235 fores
400 2162 688 2245 obstruerentur,
713 2161 871 2250 primum
893 2161 1047 2253 lapidem
1062 2164 1101 2233 in
1119 2189 1160 2235 ea
1211 2174 1424 2257 querentur,
1447 2174 1489 2232 ut
1508 2163 1625 2254 ipsum
1650 2162 1913 2250 interficerent,
1941 2163 2041 2253 fugit
2055 2163 2197 2258 primun

171 2265 417 2340 obstructione
444 2263 584 2335 locavit.
644 2261 714 2333 llic
737 2262 851 2333 exitus
876 2261 1073 2336 Pausaniae
1093 2267 1163 2338 fuit
1205 2267 1256 2335 'ad
1286 2264 1480 2335 Admetum
1510 2288 1629 2353 regem
1657 2263 1924 2352 Molossorum,
1971 2267 2039 2361 qui
2070 2265 2197 2338 sumti

172 2394 213 2440 eo
230 2367 384 2452 tristior,
408 2367 506 2460 quod
527 2365 701 2451 ostendit,
725 2376 860 2435 tantam
880 2389 954 2437 esse
971 2366 1161 2439 imbecilli·
1212 2367 1380 2437 inimicus
1397 2381 1504 2452 esset,
1527 2368 1686 2437 monitus
1707 2369 1752 2436 ab
1769 2391 1881 2438 uxore
1896 2365 2078 2452 Admeti,
2099 2369 2198 2441 factus

172 2484 279 2545 tatem
295 2483 444 2541 naturae
458 2463 658 2549 hominum,
684 2481 812 2538 utnon
827 2468 943 2539 solum
959 2469 1103 2542 fortuna
1118 2473 1163 2541 sit
1213 2483 1265 2540 est
1283 2469 1315 2538 ei
1331 2471 1495 2562 supplex,
1517 2464 1584 2540 hoc
1600 2469 1772 2559 singulari
1788 2471 1880 2556 ritu,
1907 2495 2027 2565 quem
2048 2473 2195 2544 doenerat

173 2571 371 2658 instabilis,
402 2571 462 2640 sed
493 2570 606 2642 virtus
635 2570 763 2655 etiam,
794 2592 885 2662 quae
906 2572 1107 2643 durabilior
1129 2587 1165 2644 et
1214 2573 1406 2662 cumregia
1426 2572 1594 2642 coniunx.
1642 2570 1733 2641 Cum
1750 2575 1898 2642 domum
1919 2577 2067 2646 veniret
2081 2575 2199 2647 Adme-

174 2675 313 2746 brmior
335 2671 629 2757 essedebebatin
649 2671 915 2763 praestantibus
932 2674 1036 2760 viris,
1062 2699 1164 2767 saepe
1215 2688 1290 2758 tus,
1324 2674 1362 2743 iu
1387 2675 1563 2744 vestibulo
1591 2676 1636 2742 ad
1665 2697 1764 2744 aram
1794 2669 2070 2749 Themistocles
2092 2691 2197 2750 tenen

176 2777 414 2866 extinguatur.
465 2775 711 2865 Agnoscamus
725 2773 835 2862 igitur
851 2787 886 2846 et
901 2788 1049 2848 naturae
1063 2779 1166 2849 infir·
1215 2776 1381 2847 manibus
1395 2776 1547 2846 filiolum
1563 2772 1732 2858 Admeti,
1756 2789 1790 2848 et
1805 2777 1905 2868 patri
1922 2783 2195 2873 ostendenspro-

177 2879 334 2950 mitatem
355 2892 390 2949 et
414 2877 549 2948 diaboli
565 2876 810 2971 tyrannidem,
834 2889 868 2946 et
889 2890 1051 2969 petamus
1066 2882 1162 2950 auxi·
1217 2891 1295 2971 pter
1308 2902 1390 2948 eum
1406 2893 1485 2950 orat
1499 2902 1537 2948 se
1553 2879 1746 2970 supplicem
1762 2879 1892 2973 recipi,
1923 2882 2001 2954 sibi
2014 2882 2116 2975 parci,
2137 2905 2193 2951 nec

178 2981 267 3050 lium
291 3004 312 3051 a
336 2980 409 3049 filio
432 2977 518 3065 Dei,
545 2979 642 3049 iuxta
663 2980 815 3049 dictum:
842 2977 922 3050 Tua
945 2994 998 3052 est
1012 2984 1165 3075 perditio
1218 2979 1304 3051 dedi
1324 3003 1398 3051 sese
1418 2975 1592 3054 hostibus.
1644 2978 1714 3050 llic
1738 2983 1829 3051 ritus
1843 2975 2196 3076 proptcriliups·

178 3095 334 3168 tantuma,
360 3082 399 3151 in
409 3076 482 3151 Me
495 3082 668 3151 auxilium
685 3079 805 3153 lsrael.
1218 3084 1316 3154 tendi
1335 3083 1558 3154 indicabatur
1574 3106 1646 3153 esse
1660 3085 1919 3175 sanctissimus.
1978 3085 2090 3160 Dedit
2108 3088 2199 3178 igitr!

283 3179 384 3255 Adeo
415 3184 578 3254 excelluit
609 3184 779 3275 sapientia
812 3179 1090 3271 Themistocles,
1128 3201 1167 3258 ut
1218 3187 1251 3256 ei
1266 3183 1439 3256 Admetus
1457 3186 1713 3279 aliquantisper
1733 3199 1852 3257 tutum
1876 3183 2101 3282 hospitium.
2143 3188 2199 3260 Sstl

180 3285 368 3378 praecipue
380 3286 491 3377 ipsius
499 3285 659 3356 consiliis
671 3283 819 3355 Graecia
832 3286 1071 3359 tueritvictrix
1083 3288 1169 3359 Per-
1220 3313 1299 3358 eum
1316 3289 1455 3359 timeret
1468 3285 1642 3377 Graecos,
1669 3289 1731 3382 qui
1748 3291 1950 3381 poscebant
1967 3318 2059 3366 eum
2077 3292 2200 3365 sitite

181 3412 313 3460 sarum.
367 3385 489 3475 Quare
511 3382 567 3457 bis
587 3388 705 3457 verbis
728 3389 892 3456 laudatus
916 3401 969 3459 est
985 3413 1006 3458 a
1022 3386 1164 3486 Thucy·
1220 3392 1275 3476 di,
1301 3392 1438 3461 curarit
1455 3416 1535 3460 eum
1552 3391 1590 3459 in
1607 3391 1730 3461 Asiam
1748 3390 1952 3470 transvehi.

182 3492 283 3560 dide:
308 3487 398 3560 Erat
416 3486 675 3561 Themistocles
697 3489 882 3580 praecipue
905 3491 1035 3580 dignus
1054 3495 1169 3563 admi·
1322 3491 1404 3563 Duo
1427 3507 1544 3562 autem
1568 3494 1637 3562 viri
1653 3494 1880 3566 celebrantur
1896 3497 1941 3567 in
1957 3522 2008 3570 eo
2025 3498 2132 3583 bello,
2150 3496 2197 3590 φὶ

184 3592 322 3677 ratione
339 3614 422 3684 prae
434 3592 527 3674 aliis,
554 3591 637 3684 quia
653 3591 867 3660 aelementis
881 3615 965 3663 suae
980 3618 1054 3663 non
1069 3619 1168 3685 prae·
1222 3596 1267 3664 ad
1288 3609 1441 3666 caeteras
1464 3598 1629 3679 virtutes,
1662 3598 1869 3667 modestiam
1894 3614 1934 3672 et
1953 3601 2190 3675 iusticia-sd·

183 3694 364 3778 monitus,
394 3716 459 3769 nec
482 3693 545 3760 diu
569 3693 816 3775 considerans,
845 3694 885 3762 in
909 3696 1015 3766 rebus
1045 3698 1172 3779 subitis
1223 3699 1428 3783 iunxerunt,
1454 3692 1638 3766 Aristides
1651 3713 1686 3770 et
1696 3687 1843 3779 Cimon,
1869 3703 1938 3795 qui
1955 3717 1997 3775 et
2013 3720 2196 3793 resultus

185 3794 319 3884 optima
335 3794 483 3863 consilia
499 3789 665 3877 habebat,
691 3807 725 3864 et
739 3796 783 3863 de
798 3795 938 3883 futuris,
960 3798 1047 3890 quid
1063 3824 1170 3870 even·
1222 3814 1256 3871 et
1272 3800 1378 3871 utiles
1395 3802 1530 3892 patriae
1544 3816 1744 3891 gesserunt,
1771 3816 1906 3873 etcum
1928 3822 2059 3879 essem
2074 3808 2109 3876 in
2120 3800 2198 3875 unul

185 3910 306 3968 turum
325 3910 436 3978 esset,
464 3895 657 3966 rectissime
680 3895 903 3969 coniiciebat.
953 3895 1002 3970 Et
1022 3926 1113 3992 quae
1133 3903 1171 3972 in
1222 3903 1432 3976 officioiusti
1449 3918 1482 3975 et
1500 3905 1686 3989 moderati,
1703 3905 1862 3997 placidos
1878 3900 2199 3982 habueramus·

185 3999 382 4090 praesentia
397 3999 437 4067 in
452 3998 619 4068 manibus
636 3992 804 4082 babebat,
828 4000 1003 4092 explicare
1025 4018 1173 4094 poterat,
1324 4003 1408 4075 Fuit
1429 4022 1463 4078 et
1484 4005 1612 4076 Xerxis
1634 4009 1747 4078 exitus
1764 4009 1941 4098 tragicus,
1973 4014 2043 4107 qui
2057 4007 2200 4105 postbd-

185 4114 222 4172 et
245 4122 335 4194 quae
358 4124 432 4170 nou
460 4114 584 4183 norat,
619 4124 693 4170 non
717 4101 854 4173 destitit
878 4103 1068 4198 inquirere.
1130 4104 1172 4177 ln
1225 4108 1300 4177 lum
1330 4131 1493 4179 reversus
1523 4110 1561 4177 in
1584 4106 1727 4191 Asiam,
1763 4135 1841 4180 cum
1862 4113 1997 4186 fratris
2025 4123 2201 4187 oxornat

186 4203 346 4272 obscuris
372 4215 490 4272 autem
513 4204 636 4287 rebus,
668 4203 754 4296 quid
780 4203 909 4274 melius
931 4222 994 4279 aut
1017 4210 1172 4280 deterius
1224 4211 1332 4279 liliam
1358 4226 1512 4295 amaret,
1549 4213 1693 4283 fratrem
1728 4213 1919 4287 interfecit.
1988 4214 2147 4312 Sequuts
2164 4224 2201 4283 e!

187 4317 294 4390 esset,
334 4304 496 4378 omnium
523 4304 674 4375 maxime
696 4305 952 4397 prospiciebat,
994 4323 1029 4380 et
1061 4325 1102 4381 ut
1134 4313 1172 4381 in
1224 4312 1334 4403 igitur
1361 4337 1475 4405 poena
1506 4314 1657 4385 incestas
1690 4315 1859 4386 libidines
1892 4331 1929 4389 et
1966 4320 2200 4396 cmdetiuten.

188 4427 325 4475 summa
341 4405 475 4489 dicam,
500 4403 655 4478 Naturae
670 4408 807 4501 viribus
824 4421 858 4481 et
882 4411 1065 4482 celerrima
1082 4416 1174 4484 deli·
1225 4415 1321 4486 iuxta
1344 4417 1485 4486 divinas
1507 4418 1663 4505 regulas:
1699 4413 1832 4488 Omnis
1848 4418 1999 4510 anima,
2025 4421 2200 4518 quaein·
2232 4430 2234 4481 i

186 4506 372 4580 beratione
393 4508 528 4599 optima
551 4509 588 4579 id
612 4509 780 4599 eligebat,
805 4513 904 4603 quod
920 4515 1072 4586 maxime
1088 4541 1172 4609 pro-
1225 4518 1272 4589 rit
1287 4512 1351 4588 llas
1366 4519 1669 4604 abominationes,
1695 4519 1954 4600 eradicabitur.
2010 4522 2121 4596 Item:
2148 4518 2201 4611 Qr'

184 4608 347 4683 futurum
362 4624 448 4685 erat.
1223 4621 1383 4709 gladium
1423 4621 1614 4711 acceperit,
1653 4622 1772 4712 gladio
1805 4624 1957 4714 peribit.
2029 4624 2201 4722 Aliqum
2232 4614 2234 4625 ¹

287 4708 406 4786 Tanta
431 4735 511 4783 cum
535 4711 644 4782 fuerit
665 4711 856 4808 sapientia,
882 4730 916 4789 et
936 4741 1016 4788 cum
1040 4719 1174 4812 optime
1225 4724 1320 4793 enim
1342 4738 1422 4815 post
1441 4723 1575 4795 Xerxes
1590 4728 1636 4795 ab
1651 4726 1836 4797 Artabano
1853 4727 2079 4804 interfectus
2094 4743 2153 4802 cst.

187 4812 336 4884 meritus
349 4827 458 4905 esset,
484 4826 605 4885 tamen
621 4838 663 4884 ex
677 4826 750 4885 tota
764 4812 914 4890 Graecia
929 4821 1096 4913 expulsus
1110 4836 1173 4896 est.

189 4919 244 4992 ac
259 4915 413 5005 primum
429 4916 462 4985 ei
478 4916 705 4990 iniustaodia
723 4915 1088 4993 Lacedaemoniorum
1106 4949 1171 4993 no·
1262 4895 1571 4966 ‘mmm‘
1597 4897 1950 4990 1¹⁰”95m0'ms
1986 4904 2182 4994 ‘duim'

189 5029 351 5088 ruerunt.
400 5016 527 5088 Postea
555 5033 590 5090 et
614 5021 709 5110 apud
735 5018 829 5089 cives
856 5026 1000 5096 accessit
1024 5026 1173 5109 invidia,
1532 5017 1612 5070 *Μ’
1633 5002 1907 5070 Pemi'ffm·

189 5115 273 5209 quia
286 5117 405 5188 miuus
418 5120 575 5191 modeste
588 5121 742 5194 vivebat.
785 5116 879 5194 Exul
892 5140 1011 5220 autem
1025 5131 1070 5198 ad
1084 5126 1174 5199 Per·
1326 5124 1564 5201 Artaxerxen
1586 5124 1863 5225 Longrinanum
1884 5156 2005 5226 supra
2019 5136 2201 5210 dixirunsis
2232 5130 2234 5147 '

190 5240 245 5286 sas
269 5219 430 5301 accessit,
471 5232 506 5291 et
536 5222 701 5310 promisit
727 5244 764 5292 se
795 5225 922 5295 ducein
947 5230 1024 5300 fore
1048 5244 1174 5302 contra
1224 5226 1376 5305 Oriente
1391 5257 1539 5323 regnum
1558 5235 1711 5304 tenuisse
1733 5238 1880 5306 absente
1905 5234 2050 5314 Xerxe.¹
2100 5236 2202 5314 Gari

190 5313 356 5395 Graecos.
413 5317 506 5393 Cum
527 5335 645 5395 auts-
666 5348 726 5395 rer
747 5322 781 5395 ei
797 5327 989 5402 exercitum
1005 5345 1041 5404 et
1063 5354 1172 5425 pecu·
1222 5355 1305 5424 ergo
1320 5349 1510 5408 numerant
1525 5350 1697 5430 eurupost
1711 5334 1866 5416 Xerxen.
1907 5333 2051 5418 Dictus
2065 5343 2203 5420 mlo*
