4680 6038
153 235 230 310 ιιι
715 222 874 305 DECL.
906 221 983 299 DE
1013 222 1349 301 truttmunt:
1380 224 1492 303 cst]
1524 247 1611 303 arc.
2086 232 2163 307 224

158 400 367 505 sympathia
386 396 643 493 etAntipathia
663 399 855 470 multarum
871 422 990 470 rerum
1012 398 1052 468 iu
1072 421 1140 467 na·
1293 397 1469 490 Cognatio
1491 415 1609 472 autem
1637 402 1735 472 oleae
1759 416 1796 475 et
1820 403 1906 475 vitis
1932 402 2084 475 mirifica
2105 414 2166 476 est

159 526 250 584 tura.
281 508 374 580 Sunt
388 505 482 574 enim
497 503 697 597 propositae
712 502 891 591 imagines,
904 515 947 572 ut
960 523 1027 571 nos
1043 524 1141 572 rom·
1192 500 1327 574 Inserta
1343 503 1409 572 viti
1425 504 1502 573 olea
1517 505 1629 595 gignit
1645 518 1680 574 ει
1693 528 1779 575 uvas
1802 520 1839 576 et
1860 507 1985 581 olivas.
2022 502 2077 575 lta
2090 526 2167 575 tum

159 610 396 681 monefaciant
411 607 539 677 debere
560 600 722 674 homines
738 604 817 673 Deo
834 605 1033 673 conformes
1055 627 1143 687 esse,
1193 606 1278 674 fides
1301 606 1391 693 regit
1416 630 1541 697 opera,
1572 606 1611 676 lit
1634 607 1749 677 dulcis
1770 607 1915 678 societas
1934 604 2168 697 Evangeliiet

161 726 196 784 et
219 712 382 781 inimicos
405 705 558 779 hostium
576 706 652 778 Dei.
704 703 758 773 Ac
773 706 968 775 dolendum
985 718 1038 774 est
1060 728 1140 775 cum
1164 746 1168 755 ·
1192 706 1290 796 legis.
1339 704 1388 776 Et
1409 708 1521 777 lexfit
1542 709 1656 778 multo
1676 707 1905 792 foecundior,
1928 706 2169 779 dulcescitla-
2216 784 2218 791 ,

161 814 251 885 aliae
285 825 465 883 creaturae
496 820 634 877 servent
667 806 851 893 ordinem,
884 831 956 900 quo
979 808 1142 877 conditae
1193 810 1260 878 bor
1275 822 1310 877 et
1321 806 1397 879 Deo
1411 809 1536 900 placet.
1586 809 1729 880 Suntet
1748 805 1966 903 antipathiae
1978 808 2170 879 multarum
2216 882 2218 893 ,

160 928 259 989 sunt:
291 910 513 984 horribiliter
536 908 671 981 turbari
693 902 790 979 hunc
818 910 982 980 ordinem
1006 911 1051 978 ab
1074 905 1143 977 ho-
1194 934 1312 979 rerum
1330 910 1509 984 mirificae.
1559 909 1708 999 Magnes
1722 936 1804 980 cum
1818 911 1942 981 allium
1959 912 1997 980 ei
2010 908 2170 995 illinitur,
2215 906 2218 983 ζ

159 1017 331 1090 minibus.
472 1084 479 1097 ,
1193 1036 1267 1081 nou
1284 1006 1393 1082 trahit
1408 1012 1555 1086 ferrum.
1605 1011 1735 1083 Graeci
1756 1013 1880 1083 allium
1898 1004 2087 1107 σκόροδον
2108 1033 2170 1081 uo·
2216 1004 2218 1009 ’

261 1117 433 1210 Perpetua
448 1127 499 1185 εει
513 1114 702 1184 concordia
716 1109 891 1206 magnetis
908 1121 942 1180 et
955 1110 1060 1194 ferri,
1084 1109 1140 1179 vel
1193 1115 1351 1196 minant,
1374 1115 1470 1206 quod
1486 1115 1586 1184 aiunt
1602 1115 1756 1200 dictum,
1778 1113 1880 1206 quasi
1895 1110 2030 1185 σκαιὸν
2048 1103 2171 1205 ῥόδον,
2216 1140 2218 1145 ·

159 1220 278 1316 potius
300 1217 472 1307 magnetis
487 1218 530 1285 ad
548 1217 671 1306 polum
686 1215 874 1296 arcticum,
898 1235 1144 1306 quaesympa-
1193 1239 1273 1284 rosa
1288 1215 1430 1285 foetida·
1480 1213 1572 1287 Cum
1586 1215 1769 1286 doctrinae
1782 1216 2026 1285 infunduntur
2044 1211 2171 1285 foetida
2216 1290 2218 1301 ,

158 1318 235 1396 thia
251 1320 451 1390 mirabilior
465 1331 528 1387 est.
565 1314 640 1387 Cur
654 1340 720 1386 nos
735 1310 899 1384 homines
913 1337 986 1383 non
1002 1327 1144 1383 tuemur
1194 1311 1428 1408 sophismata,
1452 1317 1526 1386 vim
1544 1318 1699 1410 priorem
1715 1317 1862 1387 amittit:
1886 1329 1929 1388 ut
1944 1312 2171 1385 veraetdol-

159 1423 385 1495 concordiam
409 1444 490 1490 cum
511 1418 610 1489 Deo?
646 1443 710 1489 cur
730 1440 805 1487 non
830 1416 1013 1510 sequimur
1028 1412 1142 1485 Deum
1193 1420 1244 1488 cis
1263 1418 1455 1488 consolatio
1472 1431 1542 1504 est,
1564 1421 1681 1488 dicere
1701 1418 1775 1503 illi,
1796 1418 1860 1511 qui
1874 1441 1957 1488 vere
1978 1414 2171 1509 expavescit

159 1520 357 1597 trahentem
375 1545 440 1591 nos
457 1521 535 1590 luce
549 1520 741 1611 sapientiae
756 1542 849 1602 snae,
868 1531 909 1587 ut
923 1519 1054 1587 ferrum
1070 1532 1142 1587 tra·
1194 1520 1374 1611 agnitione
1398 1520 1470 1590 irae
1492 1520 1574 1591 Dei:
1610 1518 1791 1590 lustilicati
1812 1519 1897 1604 lide,
1920 1541 2043 1610 pacem
2068 1512 2172 1587 habs·

159 1621 302 1698 hitura
330 1635 509 1713 magnete,
542 1623 656 1692 multo
679 1621 883 1691 obscuriore
905 1619 1033 1688 causa?
1067 1617 1143 1689 Cur
1193 1645 1284 1693 mus.
1335 1619 1432 1691 Haec
1446 1622 1648 1692 dulcissima
1663 1621 1892 1693 etverissima
1905 1620 2030 1691 veslit
2046 1612 2173 1691 mir

160 1724 517 1807 discedimusaDeo,
544 1747 626 1793 cum
649 1746 791 1812 magnes
806 1744 944 1811 semper
960 1723 1003 1788 ad
1021 1721 1143 1811 polum
1193 1719 1328 1816 ῥόδον,
1363 1724 1394 1791 εἰ
1418 1725 1499 1817 quis
1521 1723 1628 1812 fingat
1650 1746 1688 1793 se
1710 1724 1843 1793 iustum
1860 1744 1935 1791 esse
1954 1722 2048 1807 lide,
2072 1717 2173 1792 etiam

159 1829 329 1899 arcticum
347 1849 384 1895 se
398 1824 604 1896 convertat?
654 1822 833 1914 Quasdam
851 1822 959 1912 igitur
973 1823 1143 1911 imagines
1194 1849 1274 1895 cum
1295 1826 1455 1895 furenter
1476 1839 1675 1916 perseverat
1690 1826 1727 1893 in
1745 1823 1936 1893 sceleribus
1952 1834 2082 1893 contra
2093 1842 2174 1891 euu-

68 1920 72 1931 ’
159 1929 401 2000 recitabimus:
426 1923 479 1997 Ac
497 1928 611 2018 prima
626 1927 684 2010 sit,
706 1924 748 1995 ln
759 1924 919 1993 maximis
936 1925 1143 2014 corporibus
1194 1927 1387 2001 scientiam.
1438 1927 1592 1998 Dissidia
1607 1927 1726 1996 nativa
1738 1938 1822 1996 sunt
1833 1925 2029 1995 multarum
2041 1943 2173 1993 rerum:

159 2031 323 2100 miranda
337 2028 520 2099 consensio
533 2042 594 2101 est.
644 2027 836 2098 Stellarum
850 2039 884 2095 et
900 2026 1009 2109 ae'ris,
1035 2050 1141 2119 quam
1194 2028 1332 2120 aquilae
1355 2042 1390 2097 et
1411 2029 1534 2122 cygni,
1557 2042 1597 2097 ut
1620 2050 1742 2117 regum
1756 2040 1793 2098 et
1806 2039 2002 2100 oratorum.
2051 2022 2171 2115 Lupu-

160 2133 190 2202 si
209 2133 289 2226 quis
305 2143 408 2221 nogat
422 2153 505 2214 esse,
524 2129 706 2199 manifeste
719 2128 837 2200 fuerit.
862 2124 953 2196 Cum
962 2126 1025 2198 Sol
1039 2152 1060 2197 a
1076 2153 1144 2196 no-
1194 2155 1275 2199 rum
1292 2144 1326 2200 et
1341 2131 1482 2212 ovium,
1506 2143 1548 2201 ut
1562 2142 1796 2223 tyrannorum
1811 2142 1846 2199 et
1859 2122 2053 2199 Ecclesiae.
2091 2121 2174 2195 For-

158 2248 232 2306 stro
254 2233 382 2303 vertice
403 2232 569 2315 discedit,
595 2237 655 2300 air
675 2231 714 2300 [ιι
736 2229 916 2318 frigidior,
947 2231 1030 2321 qnia
1051 2230 1142 2299 radii
1194 2232 1303 2301 micas
1319 2233 1445 2303 metuit
1460 2256 1557 2311 mus,
1583 2246 1624 2302 ut
1637 2231 1779 2300 sedulos
1792 2243 1827 2300 ει
1841 2242 2003 2301 amantes
2013 2226 2175 2301 laborum

157 2335 296 2428 obliqui
310 2346 392 2405 sunt
412 2333 678 2402 imbecilliores:
705 2356 785 2400 cum
802 2331 846 2398 ad
868 2354 933 2398 nos
948 2332 1051 2415 redit,
1068 2355 1144 2400 ma·
1194 2335 1320 2404 metuit
1334 2334 1403 2403 sur.
1454 2332 1605 2403 lnlestae
1618 2357 1699 2425 apes
1712 2331 1817 2417 tucis,
1839 2344 1880 2401 ut
1894 2343 1990 2401 reete
2003 2330 2176 2406 docentes,

158 2427 210 2527 gls
226 2436 339 2506 calefit
354 2437 432 2518 εει,
457 2434 540 2526 quia
557 2434 611 2501 vis
629 2447 681 2503 est
700 2432 814 2501 maior
831 2431 868 2499 in
885 2431 993 2498 radiis
1016 2432 1144 2502 rectio-
1195 2435 1333 2523 ignavis
1354 2447 1389 2505 et
1412 2436 1514 2525 gulae
1535 2434 1813 2523 indulgentibus.
1864 2425 2177 2521 Sanbemaqui·

158 2539 271 2608 ribus.
311 2532 402 2605 Cum
419 2547 502 2604 snut
515 2557 720 2621 congressus
734 2533 955 2624 planetarum
971 2532 1143 2604 siccorum
1195 2537 1266 2605 lam
1284 2539 1376 2608 odit:
1407 2561 1488 2607 cum
1512 2537 1608 2606 enim
1624 2535 1744 2629 aquila
1766 2534 1908 2605 sorbeat
1924 2555 1994 2603 ova
2010 2527 2177 2612 snnbd,

159 2640 197 2708 in
215 2636 316 2707 siccis
331 2636 452 2727 signis,
477 2648 519 2706 ut
534 2635 689 2705 vidimus
702 2658 797 2704 anno
811 2632 1012 2721 millesimo,
1036 2636 1143 2728 quio·
1196 2637 1348 2707 vicissim
1371 2640 1556 2709 scarabeus
1575 2637 1777 2730 aquilarum
1790 2659 1858 2705 ova
1872 2635 1980 2705 celsis
1993 2631 2176 2705 arboribus

158 2740 372 2833 gentesimo,
396 2737 683 2833 quadragesimo,
718 2750 835 2806 aestus
856 2736 896 2803 in
918 2736 1018 2822 aiire,
1049 2738 1143 2805 etin
1195 2740 1326 2813 deiicit.
1352 2738 1433 2828 Qua
1445 2764 1484 2809 re
1496 2739 1713 2829 significatur
1725 2737 1829 2808 etiam
1844 2734 2049 2829 potentium
2060 2746 2176 2831 tyran-

158 2855 251 2913 terra
275 2840 412 2911 siccitas
430 2838 544 2910 maior
560 2853 622 2909 est.
673 2836 807 2909 Contra
825 2861 905 2907 cum
925 2853 1008 2909 sunt
1024 2834 1144 2908 humi·
1196 2866 1324 2912 norum
1344 2842 1473 2912 iniuste
1489 2843 1579 2912 sacta
1597 2841 1642 2910 ab
1657 2839 1788 2909 infimis
1804 2861 1906 2929 posse
1923 2835 2062 2930 puniri.
2112 2830 2178 2907 Sed

157 2944 287 3014 dorum
303 2964 509 3031 congressos
528 2941 690 3030 insignis
707 2935 887 3026 humidis,
912 2941 1028 3010 maior
1042 2954 1095 3012 est
1109 2954 1145 3010 et
1197 2944 1333 3014 illustre
1356 2944 1598 3015 testimonium
1620 2957 1672 3013 est
1699 2936 1944 3034 providentiae
1966 2936 2057 3023 Dei,
2087 2932 2177 3033 quod

157 3045 251 3116 ae'ris
276 3057 309 3114 et
331 3057 445 3112 terrae
472 3038 678 3116 humiditas.
1196 3045 1244 3114 ita
1277 3046 1415 3136 plantas
1442 3044 1643 3127 distribuit,
1687 3032 1855 3113 ut'relut
1887 3040 1928 3111 in
1959 3035 2175 3113 oeconomiis

246 3143 320 3215 Nec
336 3144 487 3214 dubium
505 3158 555 3214 εει
577 3143 782 3214 coelestium
805 3164 995 3232 corporum
1017 3154 1052 3211 et
1073 3140 1145 3210 ele-
1195 3170 1323 3237 magno
1339 3147 1489 3216 consilio
1505 3146 1584 3216 aliis
1606 3144 1692 3213 alias
1707 3143 1801 3212 vires
1818 3140 2043 3214 attribuerit:
2067 3140 2174 3231 ΒΡ·

153 3260 356 3317 meutorum
372 3246 598 3315 concordiam
615 3246 799 3314 mirificam
816 3266 899 3312 esse.
934 3241 1093 3313 Debebat
1110 3258 1144 3314 ει
1196 3249 1253 3316 nis
1272 3273 1314 3318 ex
1337 3249 1541 3331 immentis,
1572 3248 1686 3325 farre,
1711 3245 1849 3326 tritico,
1882 3244 1987 3339 olyra
2006 3254 2046 3315 et
2065 3236 2175 3337 penti!

153 3348 337 3420 rationalis
369 3348 509 3416 animae
538 3370 619 3416 cum
646 3343 722 3415 Deo
754 3360 922 3436 perpetua
952 3345 1143 3414 concordia
1196 3350 1288 3431 aliis,
1304 3375 1455 3443 quarum
1471 3372 1591 3420 rerum
1607 3348 1688 3418 talis
1705 3359 1758 3417 est
1771 3360 1910 3429 natura,
1927 3357 1970 3415 ut
1986 3345 2026 3413 iu
2042 3337 2174 3433 sangui·

154 3475 245 3536 esse,
271 3474 349 3518 cum
367 3448 512 3543 quidem
528 3443 637 3518 homo
650 3449 697 3517 sit
711 3448 827 3535 imago
844 3445 930 3530 Dei,
956 3459 989 3514 ει
1008 3447 1144 3515 intelli·
1197 3475 1277 3519 nem
1303 3475 1493 3544 corporum
1520 3462 1724 3520 nostrorum
1755 3446 1914 3517 converti
1938 3444 2093 3537 possim
2133 3434 2174 3513 lt
2214 3504 2218 3523 ,

152 3568 210 3644 gat
234 3574 356 3622 causas
376 3549 628 3619 consensionis.
680 3546 750 3618 Sed
771 3550 928 3617 dicamus
951 3549 996 3615 de
1013 3548 1144 3638 plantis
1196 3552 1315 3623 addita
1337 3567 1388 3623 est
1416 3552 1561 3642 rigatio,
1587 3573 1677 3644 quae
1703 3550 1858 3641 litpotu.
1907 3546 2174 3619 Namsolaeret

152 3655 297 3748 aliquot.
349 3649 514 3720 Balsamo
533 3651 666 3719 ferrum
682 3650 771 3717 adeo
789 3648 974 3717 inimicum
999 3662 1068 3732 εει,
1091 3661 1144 3729 ut,
1195 3654 1306 3723 siccae
1320 3655 1478 3724 converti
1495 3655 1532 3722 in
1548 3652 1756 3741 sanguinem
1771 3673 1846 3720 non
1859 3661 2017 3742 possent.
2048 3642 2175 3719 mab

153 3780 234 3827 cum
252 3756 348 3823 ferro
363 3765 520 3833 secatur,
543 3751 774 3820 moxareliat.
824 3748 1013 3839 Unguibus
1036 3750 1145 3838 igitur
1195 3767 1231 3825 et
1246 3757 1454 3825 morborum
1469 3755 1638 3838 remedia,
1653 3776 1743 3847 quae
1759 3776 1832 3821 nou
1847 3741 2176 3842 possuntessees'lsi,

152 3857 193 3927 in
207 3855 398 3947 scalpendo
416 3867 451 3923 et
467 3854 628 3947 putando
648 3852 823 3922 utendum
841 3865 903 3925 est.
954 3848 1074 3941 lmago
1093 3864 1145 3921 εει
1196 3858 1338 3927 condita
1356 3871 1459 3940 sunt,
1484 3871 1518 3927 et
1541 3867 1637 3925 tanta
1660 3867 1736 3924 arte
1752 3852 1965 3938 distributa,
1988 3864 2032 3923 ut
2046 3842 2175 3943 praevi·

150 3955 349 4041 Ecclesiae,
375 3978 466 4047 quae
488 3978 564 4023 non
585 3954 679 4023 ferro
703 3954 857 4041 regenda
877 3966 949 4038 est,
973 3955 1034 4022 sed
1058 3976 1144 4023 voce
1196 3959 1284 4028 dens
1305 3960 1466 4028 diversos
1488 3957 1652 4036 morbos,
1678 3955 1747 4025 alia
1770 3954 1927 4024 remedia
1948 3952 2033 4025 aliis
2053 3942 2176 4021 morl‘·

150 4060 345 4132 doctrinae.
381 4056 538 4128 Balsami
556 4078 660 4127 succo
677 4055 825 4124 aluntur
841 4054 993 4143 viperae,
1018 4068 1052 4126 et
1067 4079 1144 4124 ma-
1196 4061 1412 4151 opposuerit.
1463 4055 1546 4128 Alia
1568 4057 1696 4142 bilem,
1730 4055 1800 4125 alia
1829 4054 1997 4147 pituitam
2028 4046 2178 4130 trabunt,

150 4187 220 4254 gna
244 4162 384 4251 agmina
404 4161 608 4250 viperarum
640 4156 804 4226 fruticem
830 4155 928 4225 velut
956 4156 1144 4225 obsidione
1195 4161 1284 4231 aliae
1299 4158 1429 4232 herbae
1443 4160 1667 4251 opitulantur
1682 4158 1839 4236 terebro,
1855 4156 1947 4225 aliae
1963 4153 2082 4241 cordi,
2097 4150 2178 4221 aliae

151 4266 320 4352 cingunt,
348 4261 570 4331 delectantur
584 4271 620 4329 et
633 4259 761 4329 umbra
776 4256 960 4326 foliorum.
1010 4255 1145 4328 Succos
1195 4262 1377 4353 pulmoni,
1397 4263 1488 4332 aliae
1512 4260 1667 4354 pectori,
1694 4258 1785 4328 aliae
1804 4256 1920 4350 spati,
1944 4255 2040 4327 aliae
2061 4249 2180 4349 optent

151 4379 269 4434 autem
292 4360 445 4432 balsami
467 4360 662 4430 remedium
683 4372 736 4430 est
751 4371 875 4429 contra
892 4381 1027 4427 venena
1049 4360 1144 4451 opti·
1196 4366 1285 4434 aliae
1299 4364 1512 4434 ventriculo.
2216 4446 2218 4451 Ι

150 4490 261 4536 mum.
314 4461 374 4533 sic
390 4463 538 4532 aluntur
552 4461 731 4550 balsamo,
759 4460 794 4528 id
814 4472 885 4546 cst,
911 4483 996 4530 voce
1010 4461 1145 4531 doctri·
1297 4464 1394 4535 Haec
1418 4465 1603 4535 artificiosa
1626 4461 1831 4533 distributio
1855 4480 2088 4553 nequaquam
2107 4474 2218 4528 essu.

151 4590 219 4637 uae
236 4563 408 4645 coelestis,
434 4575 575 4633 autores
592 4575 628 4631 et
643 4562 845 4632 defensores
861 4561 1039 4631 malorum
1056 4565 1144 4653 dog·
1195 4568 1284 4637 lacta
1304 4581 1374 4651 est,
1400 4569 1461 4635 sed
1477 4580 1625 4638 testatur
1638 4560 1737 4634 hunc
1756 4562 1933 4632 mundum
1954 4584 2090 4630 arcano
2104 4578 2186 4629 cou-

151 4683 306 4750 matum‚
345 4679 378 4736 et
405 4676 565 4736 mutatur
595 4662 767 4753 pabulum
802 4664 842 4732 in
866 4687 1015 4735 venena.
1072 4663 1143 4735 Sed
1195 4669 1275 4738 silio
1302 4670 1487 4739 conditum
1507 4690 1601 4746 esse,
1636 4679 1670 4736 et
1688 4665 1834 4758 quidem
1858 4664 1927 4747 ita,
1956 4678 1998 4734 ut
2021 4663 2186 4755 adpareat

150 4772 347 4841 balsamum
370 4787 494 4837 nrrsus
516 4764 712 4833 remedium
736 4777 798 4832 εει.
858 4760 951 4836 Olea
975 4764 1144 4835 formidat
1194 4772 1421 4841 conditorum
1437 4783 1614 4840 amantem
1630 4763 1918 4844 essehominum,
1943 4764 2030 4858 quia
2045 4774 2189 4835 ream

152 4895 339 4965 quercum,
366 4871 453 4937 adeo
477 4879 519 4936 ut
541 4864 712 4934 moriatur
726 4888 806 4932 cum
823 4865 940 4933 vicina
956 4879 1018 4939 est.
1070 4861 1144 4934 lm·
1195 4872 1328 4941 multae
1356 4871 1544 4963 praecipue
1574 4872 1619 4939 ad
1650 4864 1825 4938 humanos
1847 4888 1934 4936 usus
1956 4865 2075 4935 factae
2097 4872 2189 4937 suut·

150 4975 249 5065 peria
273 4983 436 5061 premunt
456 4964 669 5050 Ecclesiam,
695 4988 735 5035 ac
753 4968 957 5055 praesertim
977 4988 1057 5034 cum
1082 4980 1144 5037 aut
1195 4970 1249 5040 Ac
1274 4967 1382 5041 huius
1405 4971 1670 5041 distributionis
1686 4969 1847 5038 doctrina
1866 4964 1934 5038 Dei
1954 4966 2132 5037 beneficio
2152 4961 2190 5033 iu

152 5072 309 5142 centauri
327 5071 490 5158 dogmata
512 5070 693 5151 condunt,
718 5089 781 5136 seu
807 5066 993 5137 inflectunt
1009 5067 1143 5137 doctri·
1196 5084 1270 5140 arte
1291 5088 1413 5143 nostra
1430 5088 1464 5144 et
1490 5070 1710 5166 quotidianis
1728 5070 1897 5160 exemplis
1918 5069 2024 5153 artis,
2050 5086 2193 5141 εοιιεει·

152 5198 234 5243 nam
257 5174 301 5242 ad
327 5194 406 5240 suas
431 5171 714 5240 commoditates:
742 5180 803 5239 aut
826 5170 1034 5257 dogmatum
1056 5192 1144 5238 con·
1195 5185 1310 5246 vatur.
1345 5172 1466 5263 Quare
1478 5188 1513 5244 et
1526 5186 1673 5264 propter
1688 5172 1896 5263 sapientiam
1912 5167 1978 5241 Dei
1994 5183 2031 5240 et
2047 5180 2195 5261 propter

151 5276 284 5346 ditores
315 5285 456 5344 armant
494 5293 530 5341 se
562 5269 756 5343 tribunicia
789 5282 824 5341 ει
859 5269 1045 5363 tyrannica
1076 5292 1144 5362 po-
1194 5288 1352 5345 nostram
1394 5274 1584 5346 utilitatem
1629 5269 1716 5341 haec
1751 5272 1867 5342 studia
1905 5270 2196 5360 magnifaciant·

153 5376 276 5448 tentia.
1194 5389 1290 5451 suut.
1340 5374 1432 5449 Cum
1450 5389 1568 5448 autem
1583 5370 1669 5445 haec
1684 5372 1800 5444 oratio
1814 5373 1884 5443 iam
1899 5367 2088 5459 habeatur,
2113 5384 2194 5445 cum
