4680 6038
160 330 239 414 m
919 248 1412 335 tttst‘ttt‘artotttts
2103 260 2172 339 400

270 494 293 561 3
335 466 512 555 quintum
526 450 682 519 mutum
697 444 750 509 ert
766 452 809 507 es
823 427 970 525 proprio
985 427 1072 522 legis
1089 429 1142 500 ei·
1272 430 1368 551 ‚¹²1
1397 425 1496 551 Haec
1521 440 1639 552 sptem
1662 429 1749 503 tides
1768 430 1969 557 concipitur
1989 432 2031 506 in
2057 438 2175 531 poeni.

159 612 268 733 xe'wi
289 696 329 751 :q
351 676 485 747 triopas·
507 653 646 717 accusat
666 633 917 722 conscientias,
953 634 1055 705 etad
1079 634 1144 705 de·
1194 534 1841 732 {periatdns’itliiidgilvffildlellliglqr'nzqmd
1863 550 1909 611 m
1928 538 2035 625 Μ’
2067 558 2176 636 nm

158 814 189 877 g.
217 788 386 847 „pam-m
403 748 522 839 ...tigit
563 742 675 837 igitur
690 742 835 813 lernou
852 735 1036 823 iustificat,
1059 736 1143 831 quia

153 844 746 1027 ⁸'¹¹'''1'‘,3'¹·³'⁸f,¹‡'¹'⁰⁸³¹¹⁸sum‘t
769 839 1042 915 oditiodicium
1065 837 1145 927 Dei,
1284 866 1408 963 (xpp.)
1448 870 1557 946 App-0
1587 868 1882 967 (gg-,pugnum
1921 872 1971 951 dg
1986 874 2096 953 mg·

154 978 355 1049 „....asgtt
430 976 498 1025 ιιιιι.

252 1064 285 1131 ti.
325 1058 472 1133 Sestum
488 1067 541 1127 est
553 1049 718 1145 repetitio
733 1047 870 1143 quarti,
896 1057 932 1116 et
946 1043 1144 1138 explicatio,
1194 1030 1322 1116 Etiam
1348 1066 1428 1112 eum
1453 1043 1540 1114 fides
1561 1057 1717 1136 expectat
1735 1046 1985 1121 liberationem
2014 1068 2176 1141 corpora-

150 1206 180 1243 att
220 1186 383 1237 narratam
416 1158 500 1229 lidei
527 1155 642 1227 multo
666 1151 797 1224 clarius
822 1148 997 1235 ostendit,
1031 1161 1067 1219 et
1093 1159 1145 1218 est
1195 1146 1284 1226 lem,
1318 1157 1360 1216 ut
1381 1145 1468 1217 fides
1488 1143 1583 1218 Mosi
1606 1147 1653 1218 ad
1674 1172 1772 1219 mare
1801 1151 1970 1238 rubrum,
2009 1163 2075 1223 aut
2101 1150 2175 1221 fidu

151 1276 257 1343 tuan.
275 1266 383 1339 tatius
399 1256 661 1333 controversiae
680 1246 860 1346 σύνεχον,
888 1275 960 1346 quo
986 1273 1062 1320 non
1085 1250 1144 1319 in·
1194 1244 1310 1332 Noae,
1336 1261 1399 1320 aut
1414 1242 1581 1320 Abrahae
1598 1252 1813 1341 expectantis
1834 1253 2099 1345 posteritatem:
2131 1266 2174 1325 ts·

151 1372 308 1453 tellecta,
343 1388 417 1437 mm
438 1373 553 1455 potest
565 1357 671 1430 Pauli
694 1355 870 1426 sententia
896 1353 1023 1428 teneri.
1074 1350 1145 1425 Su·
1195 1373 1279 1419 men
1293 1343 1380 1421 haec
1395 1350 1482 1421 fides
1497 1351 1644 1424 existere
1659 1376 1734 1423 non
1749 1367 1885 1446 potest,
1908 1354 2175 1428 nisiadsitfides

151 1498 260 1557 ωιιιιι·
277 1482 396 1541 erstem
410 1460 478 1535 lene
492 1473 742 1552 argumentum
757 1481 799 1529 ex
815 1479 918 1528 causa
937 1454 1144 1549 promissio·
1195 1454 1342 1524 credens
1358 1454 1603 1525 remissionem
1620 1470 1860 1548 peccatorum.

150 1582 225 1663 tt'ts,
259 1572 439 1647 videlicet:
475 1560 607 1636 Utrum
635 1574 758 1632 nostra
786 1559 912 1630 merita
939 1559 1013 1631 sint
1042 1580 1144 1629 causa
1296 1555 1337 1626 2.
1369 1553 1453 1627 ldeo
1469 1554 1603 1628 Paulus
1622 1572 1716 1630 recte
1737 1561 1981 1635 accommodat
1996 1559 2177 1632 sententias

149 1670 416 1785 pometissionis,
437 1690 485 1737 sn
498 1666 574 1737 sola
588 1664 659 1737 Dei
673 1662 930 1736 misericordia.
1196 1657 1337 1743 citatas,
1362 1671 1420 1744 ut,
1446 1660 1597 1731 credidit
1611 1655 1796 1732 Abraham
1811 1659 1888 1735 Deo
1905 1677 1970 1736 etc.
2021 1658 2074 1736 Et
2097 1674 2177 1733 recte

226 1780 261 1857 ’1.
285 1776 323 1847 Si
336 1768 524 1866 promissio
539 1768 711 1860 penderet
723 1790 765 1837 ex
780 1763 987 1838 conditione
1002 1774 1146 1835 nostro-
1195 1760 1282 1830 dicit
1309 1755 1601 1836 l.Corinth.10.:
1636 1758 1776 1835 Omnes
1792 1787 1858 1858 per
1875 1764 2007 1840 Mosen
2020 1761 2177 1859 baptizati

149 1906 232 1963 rttru
247 1876 470 1957 meritorum,
495 1883 586 1942 esset
599 1870 736 1941 incerta
752 1881 787 1939 et
801 1865 913 1940 irrita.
948 1864 1143 1960 Nunquam
1195 1875 1278 1935 sunt
1294 1863 1333 1932 in
1348 1865 1444 1935 nube
1460 1878 1494 1935 et
1508 1866 1609 1940 mari.

149 1986 247 2065 assim
273 1975 446 2049 habemus
470 1972 682 2045 sufficientia
704 1969 853 2056 merita,
886 1981 1032 2062 propter
1053 1991 1144 2062 quae
1298 1965 1333 2036 d.
1365 1963 1487 2060 ltaque
1502 1990 1579 2038 non
1593 1968 1800 2061 intelligunt
1813 1969 1901 2067 quid
1923 1968 1971 2043 sit
1993 1969 2105 2056 fides,
2127 1968 2177 2064 qui

151 2080 369 2159 conscientia
399 2090 554 2149 statuere
580 2074 710 2169 possit,
752 2095 819 2141 nos
841 2072 967 2162 dignos
989 2093 1062 2141 esse
1087 2094 1144 2141 re·
1195 2068 1320 2141 dicunt
1334 2066 1487 2141 Paulum
1505 2069 1658 2143 abusum
1673 2093 1748 2145 esse
1761 2073 1991 2147 testimoniis.
2092 2102 2098 2111 ·

149 2186 321 2263 missione
336 2193 579 2275 peccatorum,
602 2178 730 2268 dignos
752 2197 846 2262 esse,
873 2199 962 2270 quos
975 2169 1071 2244 Deus
1087 2196 1144 2244 re-
1585 2168 1589 2175 ’

150 2287 436 2387 putetiustoset
458 2294 634 2375 acceptos:
681 2281 785 2365 item,
824 2277 952 2397 dignos
974 2298 1048 2347 esse
1071 2276 1144 2346 vita
1175 2306 1341 2402 ¹(xm.)
1380 2293 1486 2383 Am
1520 2307 1815 2407 &spanum
1862 2308 1912 2387 ὼ
1930 2320 2129 2389 mmm
2147 2318 2183 2387 a

150 2407 306 2465 aeterna.
369 2385 482 2477 lgitur
505 2405 644 2455 necesse
667 2396 737 2474 est,
772 2381 1042 2500 promissionem
1063 2402 1144 2470 graf
1196 2410 1540 2513 confirmationibus
1552 2419 1678 2491 Pauli·
1731 2418 2021 2507 (OWMAE
2046 2446 2081 2509 P·
2095 2420 2184 2503 m)

149 2494 278 2571 toitam
297 2512 389 2575 esse,
414 2500 449 2558 et
464 2510 538 2557 non
555 2486 710 2579 pendere
727 2507 769 2554 ex
783 2485 988 2553 conditione
1003 2497 1145 2552 nostro-

148 2620 233 2669 rum
251 2592 484 2674 meritorum,
509 2587 645 2682 alioqui
658 2585 753 2658 enim
778 2585 847 2657 erit
870 2585 1004 2655 incerta
1027 2598 1062 2656 et
1086 2584 1145 2652 in·
1196 2569 1308 2674 Quod
1331 2576 1507 2671 Origenes
1535 2595 1571 2654 et
1602 2582 1665 2653 alii
1696 2584 1991 2677 interpretantur,
2026 2580 2183 2654 Paulum

150 2697 264 2773 utilis.
317 2692 391 2765 lam
405 2692 435 2763 si
450 2691 581 2784 pendet
602 2687 780 2781 reputatio
802 2686 982 2772 iusticiae,
1007 2709 1081 2756 non
1103 2710 1144 2756 ex
1195 2687 1366 2774 abrogare
1383 2685 1600 2755 ceremonias
1610 2683 1804 2769 Mosaicas,
1830 2710 1913 2759 eum
1926 2686 2103 2778 disputat,
2123 2705 2185 2753 nc·

149 2778 360 2877 eotrditi’one
384 2806 588 2865 nostrorum
613 2814 782 2884 operum,
816 2790 878 2861 sed
899 2812 940 2858 ex
962 2789 1037 2861 sola
1059 2812 1144 2880 pro-
1197 2789 1330 2857 minem
1346 2809 1463 2858 coram
1473 2782 1550 2857 Deo
1565 2786 1697 2860 iustum
1714 2811 1788 2860 esse
1801 2803 1950 2884 propter
1962 2788 2092 2879 legem,
2115 2808 2179 2857 non

151 2901 340 2985 missione,
361 2896 522 2991 sequitur
543 2892 757 2978 necessario,
783 2888 957 2962 Homines
983 2913 1145 2984 pronun·
1195 2891 1380 2961 falluntur.

151 3003 239 3077 cirri
255 3002 385 3086 iustos,
409 2998 484 3071 sola
503 2997 589 3084 fide,
613 2994 807 3088 accipiente
825 2994 924 3064 illam
938 2992 1145 3087 promissio·
1296 2993 1333 3066 2.
1369 2988 1440 3062 Sed
1461 2987 1596 3062 Paulus
1617 2992 1728 3084 magis
1749 2994 1985 3088 belligeratur
2008 3015 2096 3067 cum
2112 2991 2183 3086 opi-

150 3128 256 3188 nem,
281 3126 356 3175 non
372 3113 516 3196 propter
531 3112 668 3170 nostras
681 3097 830 3169 virtutes
845 3111 906 3168 aut
923 3119 1042 3189 opera.
1196 3094 1324 3174 nione,
1350 3117 1457 3188 quam
1478 3095 1523 3165 de
1544 3095 1618 3185 lege
1640 3090 1823 3170 habebant
1842 3097 2063 3179 adversarii,
2086 3116 2180 3192 quam

253 3202 333 3279 lloc
363 3218 414 3276 est
441 3202 537 3298 qood
563 3200 681 3295 inquit
705 3197 853 3270 Paulus:
907 3197 994 3270 Ideo
1014 3222 1055 3269 ex
1076 3197 1145 3266 fide
1196 3221 1278 3270 cum
1302 3195 1389 3289 ipsis
1409 3197 1639 3284 ceremoniis,
1669 3211 1705 3270 et
1730 3222 1870 3271 causam
1893 3194 2183 3293 abrogataelsglt

153 3309 283 3403 gratis,
314 3320 354 3379 ιιι
370 3307 415 3377 sit
432 3306 533 3375 firma
549 3296 751 3397 promissio.
790 3301 909 3372 ·Item:
943 3300 984 3371 st
1008 3300 1146 3388 exlege
1196 3298 1354 3394 quaerit,
1390 3298 1488 3393 quod
1518 3298 1681 3371 videlicet
1702 3301 1784 3372 ideo
1805 3301 1942 3374 reiioiat
1963 3294 2184 3391 emenoni&

152 3430 450 3505 consequeremur
473 3402 746 3488 haereditatem,
771 3403 911 3476 sublata
935 3416 1025 3473 esset
1047 3402 1147 3489 lides,
1197 3402 1281 3497 quia
1300 3424 1406 3472 nemo
1425 3400 1471 3470 sit
1484 3400 1599 3473 iustus
1613 3426 1732 3474 coram
1745 3401 1824 3475 Deo
1839 3418 1988 3499 propter
2002 3406 2129 3497 legem.

152 3528 186 3585 et
204 3512 302 3583 irrita
317 3508 517 3601 promissio.
1300 3501 1337 3575 3.
1370 3500 1512 3597 ltaque,
1552 3505 1650 3598 quod
1674 3500 1851 3596 Origenes
1880 3507 2021 3579 interea
2043 3503 2181 3601 affingit,

255 3611 368 3701 lmpia
389 3603 569 3679 calumnia
585 3616 655 3690 est,
679 3606 839 3676 cavillari
853 3604 1021 3677 Paulum:
1049 3607 1146 3700 quod
1198 3600 1360 3676 homines
1377 3605 1489 3676 iustos
1505 3629 1579 3676 esse
1593 3620 1740 3701 propter
1755 3632 1863 3701 opera
1880 3608 2050 3697 moralia,
2070 3607 2177 3683 obtuit

154 3716 322 3787 abutatur
355 3708 559 3800 Scripturae
592 3706 826 3794 testimoniis,
868 3720 904 3777 et
941 3704 1147 3802 hyperbolis
1198 3707 1408 3779 beneficium
1424 3703 1583 3796 Christi,
1608 3723 1643 3780 et
1657 3710 1889 3784 conscientias
1901 3712 2176 3787 adducitindu-

155 3812 370 3910 quibusdam
387 3810 492 3881 sidem
510 3807 697 3877 immodice
717 3823 842 3894 ornet,
867 3822 907 3880 ut
929 3809 969 3879 in
990 3835 1029 3881 re
1053 3834 1147 3883 nova
1199 3810 1421 3884 bitationem.

155 3916 295 3989 lacilios
310 3914 442 3985 alliciat
457 3906 620 3981 homines
633 3911 678 3981 ad
693 3905 941 4002 Evangelium.
1300 3910 1337 3987 4.
1379 3910 1565 3986 Dubitatio
1597 3928 1649 3987 est
1674 3931 1874 4009 peceatum,
1910 3942 2026 4015 quare
2050 3936 2178 3990 neooets

259 4017 296 4092 8.
329 4013 454 4111 ltaque
467 4013 621 4084 delendo
629 4064 641 4097 ,
670 4025 703 4084 et
720 4013 921 4084 testimonia
936 4011 1079 4083 aPaulo
1095 4012 1146 4082 ci·
1197 4029 1259 4103 est,
1285 4015 1537 4087 conscientiam
1553 4030 1649 4090 certo
1666 4031 1829 4109 statuere,
1854 4023 1951 4117 quod
1965 4021 2082 4095 simus
2095 4018 2178 4103 iusti,

156 4133 228 4194 tata
242 4132 323 4212 apte
338 4118 514 4213 quadrare
528 4116 571 4185 ad
589 4110 680 4185 hanc
700 4138 862 4202 causam,
886 4130 920 4186 et
935 4117 1046 4207 ipsam
1063 4137 1147 4186 eau-
1198 4113 1347 4204 horest,
1371 4118 1506 4212 accepti
1519 4115 1612 4193 Deo·

155 4246 232 4295 sam
250 4216 308 4291 his
322 4219 538 4312 argurmutis
551 4215 635 4288 satis
649 4217 826 4291 munitam
840 4232 945 4312 atque
959 4217 1148 4290 confirma·
1300 4220 1337 4295 5.
1377 4219 1444 4291 llla
1467 4221 1643 4293 certitudo
1666 4222 1769 4296 nullo
1793 4224 1902 4296 modo
1922 4227 2041 4299 teneri
2063 4236 2178 4321 potul,

155 4340 230 4399 um
243 4345 327 4398 ωε,
1197 4322 1228 4392 si
1242 4323 1374 4415 pendet
1387 4322 1590 4395 iustificatio
1613 4348 1656 4395 ex
1678 4324 1885 4400 conditione
1904 4342 2053 4403 nostrae
2073 4326 2178 4422 digni·

260 4423 297 4501 9.
334 4419 498 4495 Defende
522 4421 607 4493 item
630 4421 783 4495 Paulum
806 4422 1004 4513 intelligere
1029 4422 1147 4508 fidem,
1197 4424 1518 4516 tatisseuoperum
1531 4426 1734 4500 moralium.

155 4526 322 4601 liduciam
348 4524 628 4612 misericordiae,
668 4549 742 4596 uon
770 4525 941 4598 noticiam
964 4518 1147 4606 historiae,
1302 4527 1339 4603 6.
1379 4523 1613 4601 Defendimus
1635 4529 1746 4620 igitur
1766 4525 1858 4603 hane
1881 4555 1957 4607 esse
1979 4530 2088 4606 Pauli
2109 4554 2177 4606 sm·

155 4645 216 4704 aut
236 4642 513 4725 praeceptorum.
1197 4629 1363 4701 tentiam:
1386 4626 1495 4719 Quod
1517 4633 1797 4725 pronuntiamur
1810 4634 1894 4707 iusti
1908 4659 1975 4729 per
1988 4635 2177 4708 misericor·

260 4734 320 4808 to.
350 4727 514 4802 Defende
534 4744 569 4802 et
591 4725 679 4813 hoe,
713 4732 808 4825 qoud
833 4724 996 4802 detrahat
1020 4727 1148 4799 iustili·
1197 4730 1312 4819 diam,
1345 4755 1419 4802 non
1441 4748 1587 4825 propter
1608 4749 1729 4807 nostra
1754 4760 1878 4827 opera,
1906 4751 1971 4810 aut
1995 4738 2176 4811 novitates

157 4838 330 4908 rationem
359 4857 433 4903 uon
467 4844 605 4903 tantum
632 4832 862 4912 ceremoniis,
894 4833 955 4903 sed
979 4830 1148 4902 omnibus
1192 4846 1377 4919 nostram,
1403 4836 1464 4906 sed
1489 4836 1616 4925 gratis,
1645 4852 1681 4910 et
1703 4851 1821 4909 tamen
1843 4835 2028 4913 lidebant
2050 4837 2174 4913 miseri·

155 4937 350 5009 virtutibus
378 4958 419 5006 ae
444 4934 614 5026 operibns
641 4934 857 5019 moralibus,
896 4947 932 5005 et
961 4932 1148 5003 transierat
1198 4935 1357 5006 cordiam
1372 4935 1485 5028 accipi
1502 4951 1654 5030 oportet.

157 5060 234 5109 mm
249 5040 294 5108 ad
307 5035 598 5117 misericordiam,
623 5060 714 5131 quse
728 5058 803 5107 noo
819 5045 871 5106 est
885 5034 1034 5120 ineerta,
1050 5046 1093 5107 ut
1106 5033 1147 5105 in
1298 5040 1335 5111 7.
1381 5035 1487 5110 Fides
1514 5040 1690 5132 significat
1716 5041 1896 5117 fidueism'
1908 5043 2174 5124 misericordiae.

157 5139 291 5212 indicio
306 5133 482 5221 humano,
505 5138 569 5209 sed
584 5149 677 5209 certa
696 5137 791 5209 iusta
806 5134 1092 5228 promissionem.
1196 5136 1398 5212 iustificatio
1421 5138 1635 5232 intelligitur
1655 5142 1820 5233 relative,
1850 5169 1917 5240 pro
1938 5148 2174 5242 acceptatione,

263 5242 322 5315 tt.
367 5235 466 5308 Haec
499 5238 681 5325 doctrina,
724 5261 832 5333 mam
864 5237 911 5309 sit
939 5235 1147 5319 necessaria,
1195 5263 1350 5335 nonpro
1366 5238 1713 5322 inlusionehabitus.
1752 5245 1895 5320 lustitia
1910 5244 1970 5320 hic
1986 5274 2064 5321 non
2077 5245 2173 5342 signi·

158 5364 265 5437 qnam
278 5342 383 5433 plena
396 5338 665 5427 consolationis,
686 5339 735 5413 ita
757 5352 852 5415 recte
875 5338 1026 5413 iudicari
1046 5353 1147 5434 pote·
1196 5341 1276 5414 ficst
1297 5337 1459 5415 habitum
1482 5343 1523 5414 in
1546 5348 1671 5439 nobis,
1707 5363 1750 5422 ut
1773 5351 1814 5420 in
1833 5346 2089 5447 Philosophia,
2124 5348 2173 5421 sed

157 5444 225 5528 rit,
248 5441 281 5515 si
294 5462 373 5513 mm
387 5440 619 5535 experiamur.
1196 5442 1372 5535 signifieat
1385 5443 1534 5520 relative
1547 5451 1841 5545 aceepntionem.
