4680 6038
153 197 225 271 827
397 185 609 267 SCRIPTA
634 185 714 259 PH.
740 182 859 257 MEL.
887 179 955 257 AD
975 178 1104 255 HIST.
1132 171 1276 252 PROF.
1299 171 1371 249 ΕΤ
1394 172 1590 299 Pllllpos.
1619 170 1943 249 SPEC’l'ANTlA.
2097 176 2169 253 028

152 368 302 451 talenta,
328 366 363 434 id
391 320 462 448 esf,
487 374 629 432 centum
652 356 765 428 millia
780 367 812 425 et
829 326 1135 443 octogihtsmillia
1186 346 1290 419 ritate
1309 342 1411 442 Cyri,
1435 369 1477 419 ac
1499 371 1632 433 nomen
1655 347 1689 418 ei
1709 318 1837 451 tribuit
1848 344 1968 421 Darii.
1993 342 2172 423 ‹Hiclls-

152 481 414 539 coronatorum.
493 464 699 533 Accersunt'
717 472 752 530 et
782 452 989 548 Philippum
1019 476 1136 542 regem
1188 450 1265 519 rius
1294 448 1441 519 ultimus
1468 451 1514 520 ab
1537 447 1742 521 Alexandro
1770 448 1886 521 sinus
1913 462 1951 520 ct
1971 470 2123 539 reguum
2141 462 2173 523 et

153 568 424 639 Macedonicum
449 561 635 645 Thebani,
668 559 731 655 qui
756 580 923 647 magnum
948 556 1137 627 exercitum
1188 552 1297 622 vitam
1313 550 1450 637 amisit,
1476 565 1516 622 ut
1531 565 1650 644 postea
1667 552 1834 623 dicemus.
1872 590 1915 623 -ι

153 669 394 741 Macedonum
418 680 452 737 et
468 660 724 735 Thessalorum
751 661 898 731 adduxit
920 659 961 727 in
987 659 1063 728 loca
1084 657 1139 725 vi·
1290 684 1394 757 Nunc
1424 687 1469 756 ad
1497 710 1553 757 m
1574 686 1823 759 Macedonicas
1848 688 2057 760 redeamus:
2089 684 2174 759 cm

155 773 233 842 cina
262 769 465 884 Boeotiae,
481 767 545 838 ubi
571 760 809 836 Phocensium
839 763 912 832 dux
933 756 1140 830 Phallaecus
1190 784 1381 879 Philippus
1397 786 1546 859 Macedo
1570 789 1677 859 finem
1695 790 1780 861 bem
1795 791 1887 863 wi
1903 814 1967 863 seu
1982 785 2174 887 Pho-cmi,

156 888 231 946 “al
254 897 332 943 ‘¹¹¹¹'
355 884 519 985 5¹⁶ffl²¹¹⁸
566 866 641 986 ,sff'd
666 890 746 936 ‘⁰¹¹¹
760 859 970 982 ‚Pb‘llla‘ffi
986 885 1058 932 '¹⁰¹‘
1077 884 1139 979 ³⁰2
1191 891 1348 974 fecisset,
1372 911 1467 961 anno
1483 891 1597 981 primo
1613 887 1840 985 Olympiadis
1853 894 2074 963 centesimae
2087 908 2170 962 octa-

156 976 255 1045 ‘lel‘l
282 975 468 1056 ‘limem’
505 983 629 1061 l'elfflt
655 993 674 1037 ὃ
704 963 871 1058 ph¹l¹PP⁰
903 988 1046 1054 Pacem’
1076 988 1142 1079 qu}
1193 1016 1272 1075 vae,
1298 1005 1332 1062 et
1354 1015 1437 1083 pace
1458 994 1724 1063 cumomnibus
1746 991 1998 1067 Graecisfacta
2018 994 2176 1064 rediisset

157 1076 328 1146 concessit
348 1099 387 1143 ea
409 1074 630 1153 conditione,
654 1083 694 1140 ut
717 1069 838 1137 relicta
861 1080 952 1137 terra
968 1059 1142 1135 Phocensr
1194 1096 1231 1162 in
1253 1091 1517 1180 Macedoniam,
1542 1108 1661 1184 postea
1685 1096 1814 1165 multas
1836 1096 1945 1167 urbe,
1965 1096 2009 1165 in
2026 1076 2188 1165 Thracia*

157 1190 191 1247 et
211 1175 376 1246 Boeotica
398 1175 563 1244 transiret
586 1173 623 1240 in
640 1170 937 1262 Peloponnesum.
989 1165 1043 1237 lta
1066 1167 1142 1284 sine
1193 1196 1387 1286 occupavit.
1443 1191 1591 1287 Expulit
1620 1196 1724 1266 eliam
1746 1221 1788 1266 ex
1809 1193 1958 1269 Euboea
1983 1212 2175 1292 tyrannum

157 1277 289 1368 prd'elio
306 1273 493 1367 Philippus
517 1276 620 1343 finem
644 1273 728 1342 belli
744 1272 838 1344 fecit.
890 1265 1089 1338 Phocenses
1103 1291 1141 1336 m
1193 1295 1363 1383 Calliam,
1389 1297 1518 1388 dequo
1535 1296 1621 1368 dicit
1637 1294 1847 1385 Aes-thim,
1873 1301 2087 1370 fuisseeum
2103 1322 2177 1368 mn-

158 1379 361 1448 mvnmem
390 1376 519 1447 ”edacll
551 1389 653 1458 Μ’
694 1373 813 1443 ⁰¹⁰⁰i³
845 1369 974 1489 ⁰Plfld³
1005 1373 1143 1441 ΜΝ·
1195 1400 1394 1471 labiliorem
1409 1394 1543 1490 Euripo
1565 1401 1692 1486 maris,
1717 1401 1774 1470 cui
1796 1402 1936 1472 vicinus
1956 1401 2042 1473 fuit·
2090 1398 2176 1472 Cum

157 1492 211 1551 ω
233 1493 336 1563 ‘⁰¹¹¹’
362 1494 397 1549 εἰ
421 1478 612 1547 m⁰l¹l¹¹¹d⁰
636 1477 674 1544 3¹¹
695 1475 800 1545 ‘lilla‘
813 1475 1004 1591 dl⁵¹¹¹bula
1019 1486 1088 1558 ⁰⁸¹³
1111 1485 1145 1542 ‘l
1196 1516 1312 1589 autem
1325 1497 1556 1572 Athenienses
1572 1515 1783 1573 crescentem
1799 1504 1873 1574 eius
1887 1503 2092 1595 potentiam
2106 1527 2177 1571 mc·

157 1582 233 1670 agri
249 1582 299 1650 eis
318 1580 437 1650 traditi
457 1592 557 1663 scant,
583 1577 728 1660 sedita,
753 1589 996 1668 utquotannrs
1012 1575 1144 1667 pende·
1196 1616 1355 1688 luerem·
1390 1616 1425 1675 et
1448 1627 1526 1673 eum
1551 1604 1749 1686 irritarent,
1776 1619 1812 1676 et
1834 1605 1996 1676 vicissim
2021 1607 2098 1697 ipse
2119 1606 2202 1675 de..

157 1695 237 1752 rent
251 1683 427 1770 sexaginta
442 1681 590 1763 talenta,
614 1678 653 1749 t‘d
667 1691 730 1758 cst,
753 1678 897 1766 triginta
914 1690 947 1746 et
961 1700 1019 1745 sex
1032 1676 1145 1745 millia
1196 1706 1336 1776 bimam
1351 1705 1541 1796 potentiam
1557 1705 1714 1796 ipsorum
1730 1721 1936 1793 conamur,
1961 1710 2111 1780 undem
2125 1731 2176 1775 re·

158 1799 418 1853 coronatorum.
471 1780 647 1851 ludicium
671 1775 976 1872 Amphictyonum
1001 1779 1145 1849 restitu-

159 1899 234 1955 tum
255 1899 327 1968 est,
349 1897 383 1954 et
403 1885 601 1966 decretum,
627 1895 667 1953 nt
683 1877 873 1972 Philippus
892 1880 944 1950 ibi
959 1894 993 1951 et
1008 1902 1144 1950 succes-

160 2009 255 2054 sores
288 2009 384 2075 reges
408 1981 631 2071 Macedonici
662 1985 735 2055 duo
766 1983 931 2072 suffragia
962 1977 1145 2055 haberent.

159 2085 402 2156 Phocensibus
420 2086 624 2176 ¹ademptum
647 2085 772 2155 estius
792 2083 962 2172 suffragii.
1013 2079 1145 2152 Decre-

160 2203 235 2257 tum
260 2202 311 2258 est
332 2188 454 2271 etiam,
480 2200 520 2257 ut
536 2182 725 2280 Philippus
743 2184 963 2256 Graecorum
984 2186 1056 2255 dux
1078 2209 1145 2256 no-

147 2288 364 2362 minaretur.
416 2287 538 2358 Finito
561 2289 671 2378 igitur
693 2289 788 2358 bello
805 2282 995 2377 Philippus
1009 2287 1047 2355 in
1063 2285 1145 2356 Ma-

160 2392 343 2459 cedoniam
363 2392 486 2472 rediit,
513 2403 612 2481 parta
628 2415 701 2461 non
717 2391 831 2460 solum
849 2389 1017 2459 victoriae
1033 2389 1145 2479 gloria

160 2491 199 2558 in
220 2515 321 2561 causa
343 2491 434 2562 iusta
455 2507 489 2561 et
503 2491 676 2582 speciosa,
701 2494 796 2583 quod
813 2491 985 2582 templum
1001 2505 1036 2562 et
1049 2491 1145 2561 iudi-

160 2592 255 2661 cium
277 2588 581 2685 Amphictyonum
600 2593 832 2677 defendisset,
857 2593 917 2662 sed
939 2591 1045 2663 etiarn
1068 2616 1146 2662 mo·

31 2768 39 2781 .
161 2693 354 2763 derationis
371 2695 409 2762 in
426 2693 588 2764 victoria.

262 2789 470 2865 Phallaecos
492 2807 611 2886 postea
634 2792 674 2865 in
693 2791 797 2866 Creta
817 2794 976 2866 militans
997 2795 1036 2864 in
1057 2819 1145 2889 qua-

162 2895 242 2964 dam
264 2896 528 2987 oppugnatione
551 2896 703 2967 fulmine
719 2897 808 2967 ictus
823 2896 949 2990 periit,
973 2912 1008 2967 et
1023 2896 1146 2967 incen-

163 2997 211 3064 sis
245 2991 416 3067 machinis
444 2999 548 3069 multi
581 2998 656 3067 eius
684 2999 816 3069 milites
847 2999 922 3089 igni
953 3000 1145 3090 perierunt.

136 3095 352 3168 'Pausanias
381 3101 523 3184 scribit,
555 3100 662 3169 linem
694 3101 780 3170 belli
810 3103 899 3171 sacri
922 3101 1030 3171 fuisse
1051 3126 1146 3172 anno

161 3200 277 3288 primo
301 3196 527 3295 Olympiadis
550 3202 759 3272 centesimae
784 3216 944 3282 octavae,
977 3228 1015 3272 ac
1040 3205 1148 3275 fuisse

161 3323 242 3367 eum
263 3323 397 3372 annum
420 3304 505 3371 belli
530 3303 718 3376 decimum.
777 3303 931 3398 Fuitque
951 3300 1011 3374 hic
1032 3328 1147 3376 annus

163 3394 259 3469 Ochi
272 3403 364 3492 regis
377 3403 562 3474 Persarum
578 3405 735 3474 decimus
750 3427 877 3476 nonus.

247 3572 485 3660 Arsasnes,
521 3592 607 3642 rex
632 3575 883 3647 Persarum
910 3597 1062 3650 nonus.

264 3698 360 3772 Ochi
383 3705 625 3774 crudelitatem
649 3718 683 3776 et
708 3729 840 3799 poenae
862 3708 971 3800 ipsius
995 3725 1030 3782 et
1046 3714 1148 3806 regni

163 3801 328 3873 interitus
346 3820 560 3898 sequnntur,
585 3807 681 3878 iuxta
698 3809 873 3896 regulam:
901 3809 975 3900 Qui
991 3814 1148 3903 gladium

164 3905 354 3995 acceperit,
387 3907 504 3993 gladio
530 3907 668 3998 peribit.
719 3905 844 3979 Ochus
870 3911 1073 3987 interfectus
1097 3932 1148 3988 est

164 4028 184 4073 a
205 4005 364 4098 principe
379 4006 514 4097 Bagoa,
539 4010 601 4103 qui
623 4034 703 4079 cum
724 4035 872 4099 regnum
888 4014 925 4082 in
941 4038 1015 4087 sese
1031 4033 1148 4088 trans-

163 4106 254 4175 ferre
291 4131 365 4177 non
397 4124 531 4199 posset,
581 4134 698 4198 regem
729 4114 812 4183 fecit
844 4110 1019 4187 Arsamen
1051 4116 1147 4192 Ochi

163 4206 289 4280 filium.
340 4209 413 4300 Qui
432 4235 510 4278 cum
527 4234 639 4279 annos
654 4226 806 4304 quatuor
820 4232 1015 4304 regnasset,
1042 4223 1146 4293 etiam

162 4307 208 4376 ab
224 4303 292 4378 hoc
305 4310 381 4400 ipso
391 4309 509 4400 Bagoa
524 4312 727 4383 interfectus
741 4329 805 4402 est,
831 4330 1010 4389 metuente
1024 4322 1147 4412 lilium,

163 4423 310 4500 propter
330 4434 452 4480 necem
475 4425 668 4503 paternam.
721 4414 791 4486 Hic
813 4417 893 4487 finis
910 4419 978 4491 fuit
992 4423 1146 4498 familiae

164 4507 266 4604 Cyri,
291 4512 328 4580 in
353 4513 454 4583 cuius
474 4514 754 4587 consideratione
775 4518 992 4610 deploranda
1011 4541 1064 4597 est
1077 4528 1147 4596 mi·

164 4612 254 4681 seria
278 4607 451 4698 humana,
476 4618 696 4708 quodetiam
721 4619 846 4690 talium
867 4625 1052 4713 posteritas
1075 4630 1144 4702 cito

165 4710 370 4799 degenerat,
411 4717 448 4784 in
487 4718 617 4810 quibus
646 4721 714 4791 fuit
744 4744 827 4791 vera
857 4724 991 4813 agnitio
1017 4727 1084 4799 Dei
1112 4746 1146 4803 et

165 4812 336 4884 excellens
351 4814 474 4887 virtus.
524 4815 685 4888 Fuerunt
696 4834 812 4890 autem
830 4822 868 4890 in
883 4848 992 4914 reguo
1002 4829 1143 4903 Persico

164 4933 262 5002 reges
275 4911 389 4987 Deum
406 4932 497 4988 recte
509 4919 678 4990 colentes:
704 4918 836 4991 Darius
852 4922 999 5013 Medus,
1028 4929 1143 5026 Cyrus

163 5026 196 5083 et
216 5011 426 5089 Artaxerxes
442 5017 696 5109 Longimanus.
749 5019 800 5092 Hi
822 5025 1014 5101 laudantur
1037 5032 1075 5102 in
1096 5036 1143 5105 li-

161 5114 235 5185 bris
248 5114 408 5189 Danielis
421 5136 455 5193 et
470 5117 619 5193 Esdrae.

260 5216 450 5293 Interfecto
467 5219 616 5293 Arsame
633 5221 771 5314 Bagoas
792 5227 836 5295 acl
858 5229 1055 5322 principem
1072 5232 1144 5306 Ar-

1196 1808 1262 1877 diit
1277 1808 1314 1876 in
1331 1805 1517 1876 Graeciam
1532 1803 1750 1901 Olympiade
1765 1810 1912 1879 decima.
1966 1808 2065 1881 Sunt
2077 1808 2176 1898 igitur

1196 1910 1283 1978 anni
1305 1910 1398 1979 inter
1421 1909 1506 1979 belli
1528 1911 1618 1978 sacri
1639 1910 1764 1991 linem,
1791 1913 1835 1980 de
1856 1935 1928 2004 quo
1947 1911 2119 1994 diximus,
2140 1925 2171 1978 et

1197 2025 1413 2101 postremum
1437 2012 1625 2081 adventum
1641 2007 1799 2104 Philippi
1820 2014 1858 2082 in
1875 2011 2090 2103 Graeciam,
2112 2012 2174 2080 cir·

1196 2114 1283 2183 citer
1303 2137 1443 2186 novem.
1495 2113 1645 2205 Fuitque
1668 2116 1803 2185 occasio
1820 2116 1996 2205 postremi
2012 2115 2178 2184 adrentus

1197 2212 1282 2285 hacc
1304 2215 1418 2284 aliena
1443 2239 1463 2285 a
1486 2215 1597 2284 causis
1621 2216 1751 2304 prioris
1772 2216 1880 2302 belli,
1907 2217 1948 2285 in
1973 2241 2043 2310 qua
2066 2231 2177 2285 tamen

1196 2318 1301 2388 etiam
1322 2329 1519 2409 praetextus
1541 2317 1722 2406 religionis
1742 2333 1903 2389 ostensus
1925 2332 2001 2404 est,
2029 2331 2071 2387 ut
2083 2341 2175 2408 saepe

1196 2415 1359 2489 homines
1388 2419 1505 2510 pravis
1536 2420 1789 2509 cupiditatibus
1811 2421 2026 2509 religionem
2050 2433 2175 2511 praete·

1195 2534 1301 2607 xunt,
1328 2520 1409 2613 quia
1428 2519 1543 2590 videri
1557 2521 1701 2607 volunt,
1726 2545 1763 2592 se
1777 2522 1880 2593 iustis
1896 2538 1931 2594 et
1947 2524 2086 2610 magnis
2098 2546 2172 2591 can·

1196 2624 1244 2693 sis
1266 2624 1309 2692 ad
1330 2622 1423 2692 bella
1447 2622 1622 2692 movenda
1637 2623 1726 2713 cogi.
1775 2619 1879 2694 Hanc
1894 2623 2063 2694 iusticias
2076 2625 2175 2693 simo-

1197 2725 1367 2795 lationem
1390 2725 1568 2814 graviores
1593 2747 1726 2815 poenae
1747 2739 1965 2819 sequuntur.
2023 2720 2074 2797 Et
2093 2722 2176 2795 Dens

1197 2827 1283 2897 sinit
1305 2821 1469 2895 homines
1488 2826 1527 2894 in
1546 2827 1632 2898 tales
1650 2827 1787 2899 furores
1803 2851 1926 2914 ruere,
1954 2840 1998 2898 ut
2012 2828 2172 2899 idoloma-

1197 2930 1277 3000 niae
1290 2928 1497 3021 puniantur.

1299 3060 1383 3134 Fuit
1405 3062 1576 3154 oppidum
1601 3062 1640 3133 in
1661 3063 1803 3150 Locris,
1831 3061 2049 3163 Amphissa
2057 3124 2070 3162 ,
2096 3072 2176 3165 quod

1199 3188 1362 3256 campum
1384 3166 1537 3236 duorum
1559 3166 1767 3237 milliarium
1783 3166 2095 3242 Germanicorum
2109 3198 2178 3244 con-

1198 3282 1371 3338 secratum
1396 3281 1644 3358 occupaverat,
1670 3281 1705 3340 et
1726 3271 1923 3341 tradiderat
1944 3273 2026 3343 suis
2047 3276 2178 3358 civibus,

1198 3384 1239 3441 ut
1261 3370 1311 3439 ibi
1329 3369 1432 3439 villas
1446 3383 1664 3455 extruerent,
1691 3385 1723 3441 et
1740 3372 1895 3442 colerent
1911 3392 2036 3460 agros.
2086 3374 2175 3445 llum

1199 3495 1361 3563 campum
1391 3494 1470 3540 cum
1501 3472 1640 3542 restitui
1668 3473 1799 3563 templo
1828 3469 2014 3566 Delphico
2039 3473 2174 3570 Amphi·

1200 3588 1344 3666 ctyones
1365 3573 1564 3657 iussissent,
1591 3573 1699 3643 armis
1712 3575 1817 3644 etiarn
1832 3588 1998 3648 evertere
2015 3581 2170 3649 villasco-

1201 3688 1391 3755 narentur,
1424 3698 1599 3744 concursu
1620 3670 1932 3767 Amphissensinm
1955 3703 2110 3772 repressa
2126 3694 2170 3749 est

1200 3778 1323 3861 turba,
1348 3800 1454 3870 quam
1472 3770 1751 3871 Amphictyones
1768 3780 2011 3853 adduxerant.
2061 3781 2174 3855 Defen-

1199 3882 1330 3950 derunt
1344 3894 1460 3950 autem
1476 3891 1511 3948 et
1526 3873 1691 3948 Thebani
1708 3876 1959 3970 Amphissam,
1986 3883 2177 3976 quialocri

1200 3977 1383 4051 Thebanis
1405 3980 1509 4050 amici
1532 3993 1645 4054 erant.
1695 3979 1754 4051 Fit
1774 3983 1883 4069 igitur
1898 3985 2087 4057 decretum
2101 3984 2177 4056 Am-

1199 4076 1450 4176 phictyonum,
1475 4083 1519 4150 de
1541 4084 1750 4153 accersendo
1773 4081 1945 4175 Philippo
1970 4110 2058 4177 rege
2071 4087 2179 4159 Mace·

1200 4185 1349 4268 donico,
1381 4184 1586 4275 praesertim
1616 4207 1698 4255 cum
1722 4184 1792 4252 iam
1816 4198 1851 4255 et
1875 4186 1952 4275 ipse
1976 4189 2019 4258 in
2040 4190 2179 4262 consilio

1199 4280 1505 4378 Amphictyonum
1527 4285 1600 4355 duo
1622 4286 1788 4374 suffragia
1809 4281 1971 4362 haberet.
2038 4290 2095 4364 Ac
2114 4292 2181 4363 Ds-

1198 4382 1400 4457 rnosthenes
1437 4386 1576 4479 inquit,
1613 4390 1784 4481 quosdam
1820 4389 1973 4480 pecunia
2006 4408 2182 4487 coemptos

1197 4501 1310 4558 astute
1330 4488 1533 4580 perfecisse,
1559 4501 1600 4560 ut
1621 4490 1710 4559 illud
1736 4492 2063 4579 decretcrmfieret,
2091 4506 2129 4564 ut
2145 4516 2180 4561 es

1196 4604 1377 4681 praetextu
1409 4585 1598 4683 Philippus
1627 4592 1815 4663 accersitus
1843 4584 2036 4661 Graeciam
2068 4596 2182 4686 oppri-

1197 4705 1318 4765 meret.
1377 4686 1455 4777 Ego
1477 4691 1561 4761 odio
1577 4664 1780 4760 *Thebanae
1803 4691 1985 4780 potentiae
2006 4695 2181 4767 decretum

1195 4792 1286 4862 illud
1302 4818 1320 4863 a
1339 4791 1501 4882 pluribus
1516 4793 1646 4861 facturn
1662 4814 1735 4862 esse
1751 4792 1924 4862 existimo.

1299 4925 1453 4994 Vocatus
1482 4926 1590 5015 igitur
1612 4919 1798 5018 Philippus
1819 4928 2017 5000 exercitum
2041 4936 2181 5005 adduxit

1195 5030 1234 5098 in
1267 5026 1474 5114 Graeciam,
1507 5050 1628 5096 mense
1663 5025 1869 5100 Februario.
1938 5026 1999 5100 Ac
2030 5038 2179 5124 primum

1194 5125 1468 5222 Amphissenses
1503 5129 1619 5218 punit.
1687 5126 1802 5200 Erant
1830 5128 1979 5223 utrique
2007 5134 2052 5200 in
2081 5150 2179 5211 metu,

1195 5227 1359 5301 Thebani
1376 5225 1739 5322 quiaAmphissenses
1752 5230 2004 5316 descenderant,
2029 5249 2068 5306 et
2076 5232 2179 5309 Athe-

163 5316 299 5387 maniae
319 5344 466 5411 rognum
487 5326 686 5410 transtulit,
710 5325 771 5419 qni
794 5351 868 5397 non
884 5329 1009 5417 fuitex
1025 5353 1142 5429 poste·
1193 5333 1333 5401 ”lenm
1350 5344 1495 5419 910911'2
1508 5328 1703 5399 flumem·
1752 5323 2045 5439 Mluufllrffltll'
2056 5340 2179 5431 ¹291&
