4680 6038
152 228 227 304 307
641 216 800 296 DECL.
826 215 899 291 DE
924 212 1283 290 CONGRESSU
1315 212 1697 291 BONONIENSl.
2100 210 2178 288 tot

157 398 315 472 scholam
340 396 548 466 ardentibus
572 394 663 464 votis
685 393 956 462 commendabat
976 388 1050 458 filio
1068 387 1146 474 Dei,
1168 447 1171 495 t
1195 387 1349 473 ordinis,
1375 388 1510 479 legum,
1536 391 1747 482 sapientiae,
1773 389 1944 476 iustitiae,
1966 403 2001 459 et
2018 381 2180 456 honestae

157 503 316 576 Domino
344 513 469 569 nostro
488 497 567 566 lesu
583 492 737 567 Christo.
1168 502 1172 596 t
1194 492 1388 575 societatis,
1413 516 1487 560 non
1511 493 1596 564 solis
1620 490 1805 563 homiuum
1830 491 1989 562 consiliis
2012 504 2076 559 aut
2100 487 2180 557 viri·

257 602 480 674 Confidimus
495 614 612 669 autem
627 593 692 667 hos
706 595 849 684 triginta
868 612 948 666 octo
971 601 1094 667 doctos
1112 609 1146 664 et
1168 600 1172 689 ξ
1196 595 1279 679 bus,
1305 591 1496 665 sedaDeo
1513 597 1728 666 conservari.
1781 592 1879 664 llaec
1902 596 1974 664 scio
2002 590 2180 661 verissima

160 704 328 777 honestos
351 704 446 773 viros
469 704 517 772 ita
535 725 608 771 esse
623 701 786 782 affectos,
808 714 846 767 ut
866 701 984 790 potius
999 698 1145 787 vestigia
1169 695 1174 851 Ι
1196 719 1288 780 esse,
1313 711 1347 766 et
1362 721 1440 765 cum
1457 698 1653 768 firmissima
1670 700 1881 769 adsensione
1905 692 1969 767 has
1991 693 2181 765 sententias

160 810 283 879 sectari
309 821 593 899 praeceptorum,
630 818 664 870 et
686 796 915 870 bonestorum
940 828 979 871 ac
1005 804 1144 894 piorum
1197 799 1406 891 amplectar,
1440 812 1511 869 tota
1535 814 1652 869 mente
1672 816 1706 871 et
1729 815 1804 872 toto
1826 812 1969 892 pectore
1991 798 2039 866 ab
2063 795 2179 888 episo-

162 912 293 982 imitari
329 908 486 997 exempla
523 907 655 989 velint,
689 904 725 972 in
761 904 911 972 colendo
943 906 1148 994 tuendoque
1171 864 1174 976 l
1198 900 1286 985 reis,
1324 902 1442 971 stoicis
1471 917 1504 974 et
1531 904 1740 974 academicis
1772 902 1956 974 furoribus
1992 894 2179 982 abhorreo,

163 1013 343 1084 communi
366 1013 411 1079 de
433 1008 595 1078 doctrina
620 1028 813 1088 consensu,
838 1031 916 1074 eum
942 1003 1007 1078 hac
1028 1002 1147 1076 schola
1172 984 1175 1041 l
1198 1028 1351 1096 quorum
1375 1019 1458 1074 sunt
1478 1004 1560 1074 illae
1584 1007 1782 1100 cyclopicae
1802 1028 1925 1090 voces,
1949 1002 2180 1097 quibuscou·

164 1131 197 1187 et
212 1112 410 1184 innumeris
424 1112 515 1190 aliis,
543 1111 603 1203 qtri
622 1110 830 1179 coniunctos
847 1107 927 1178 cum
944 1104 1010 1178 hac
1029 1104 1148 1177 schola
1168 1063 1180 1199 l
1199 1119 1352 1196 temptus
1376 1103 1442 1175 Dei
1466 1108 1701 1197 significatur,
1727 1109 1864 1179 etiamsi
1885 1107 1948 1176 alii
1968 1103 2181 1187 effrenatius,

164 1243 200 1288 se
217 1216 439 1309 profitentur,
460 1237 567 1306 quam
583 1236 663 1281 cum
677 1211 831 1280 inlausta
848 1211 908 1279 illa
927 1226 960 1281 et
977 1214 1150 1302 degenere
1173 1202 1176 1260 l
1198 1208 1260 1276 alii
1284 1208 1445 1278 timidius
1469 1211 1677 1303 loquuntur.
1730 1209 1803 1280 Nec
1834 1233 1919 1280 vero
1950 1221 2097 1278 tantum
2125 1200 2181 1276 bae

99 1321 103 1325 ’
164 1319 336 1390 Titanum
362 1316 483 1385 sobole
512 1339 608 1384 arma
634 1313 766 1381 inferre
780 1311 949 1383 Ecclesiis
971 1329 1004 1384 et
1018 1309 1149 1383 scholis
1173 1267 1176 1393 l
1200 1305 1341 1405 physica
1360 1312 1571 1400 cogitatione
1587 1312 1701 1383 Deum
1717 1335 1890 1403 agnosco,
1912 1309 2102 1381 sedetiam
2119 1303 2181 1379 Ec·

163 1419 457 1511 amplectentibus
489 1441 530 1484 ac
561 1416 743 1485 tuentibus
781 1417 974 1487 veritatem.
1040 1413 1150 1508 ldque
1199 1413 1324 1482 clesiae
1340 1415 1537 1485 doctrinam
1555 1417 1797 1486 confirmatam
1813 1413 2077 1486 resurrectione
2092 1426 2217 1480 moe·

164 1538 204 1593 ut
221 1523 371 1607 faciant,
397 1544 456 1589 eos
471 1514 598 1588 hortor
614 1533 649 1588 et
666 1519 826 1589 obtestor
843 1533 987 1610 propter
1000 1519 1150 1609 gloriam
1172 1538 1177 1689 p
1199 1529 1363 1599 tuorum,
1397 1518 1584 1587 eductione
1610 1518 1852 1590 lsrae'litarum
1877 1540 1918 1586 ex
1942 1512 2130 1610 Aegypto,
2152 1527 2182 1584 et

164 1624 245 1696 Dei.
1174 1692 1177 1717 Ι
1201 1618 1324 1688 multis
1347 1620 1521 1688 mirandis
1545 1622 1817 1693 liberationibus
1841 1642 1959 1689 veram
1977 1640 2054 1688 esse
2070 1616 2182 1698 credo,

266 1725 428 1818 Cumque
445 1723 611 1815 privatim
630 1735 663 1791 et
679 1722 800 1812 public
813 1721 953 1793 auditos
972 1723 1149 1791 censueri-
1200 1734 1234 1791 et
1256 1718 1371 1791 Deum
1407 1737 1588 1794 aeternum
1623 1737 1758 1813 patrem
1782 1722 1929 1795 Domini
1960 1717 2081 1792 nostri
2112 1715 2183 1789 lesu

166 1852 243 1898 mus
258 1828 395 1917 dignos,
426 1850 516 1920 quos
530 1838 674 1894 ornatos
688 1825 881 1894 testimonii
900 1825 1032 1915 publici
1048 1839 1150 1895 auto·
1199 1818 1345 1907 Christi,
1370 1838 1564 1896 creatorem
1580 1826 1741 1898 omnium
1755 1850 1873 1897 rerum
1888 1825 2019 1895 invoco
2033 1821 2076 1891 in
2091 1819 2185 1911 agni·

165 1930 269 2001 ritate
285 1925 461 2001 Ecclesiae
477 1953 517 1997 ac
533 1925 688 2018 Reipub.
705 1927 894 1996 offeramus
918 1951 957 1996 ac
977 1927 1151 2011 sistamus,
1174 1932 1177 1973 ¹
1200 1925 1299 1996 tione
1320 1939 1354 1996 et
1376 1928 1502 1997 fiducia
1520 1928 1740 1999 Mediatoris.
1790 1926 1881 2000 Cum
1911 1926 2025 2016 igitur
2052 1936 2183 1994 certum

166 2033 197 2102 si
218 2027 348 2102 horum
372 2024 477 2123 opera
500 2030 553 2101 uti
576 2029 706 2109 velint,
733 2029 800 2099 tibi
818 2053 876 2099 eos
890 2029 1090 2099 doctissime
1104 2029 1149 2101 D.
1200 2028 1263 2119 s}
1287 2041 1464 2099 aeternam
1481 2026 1676 2101 Ecclesiam
1693 2056 1778 2103 voce
1793 2026 1979 2119 Evangelii
1995 2050 2064 2120 per
2079 2025 2183 2096 lilium

165 2131 307 2206 Derane
330 2134 559 2215 commendo,
585 2154 624 2200 ac
643 2144 723 2222 peto
746 2132 854 2202 totius
879 2133 1017 2222 collegii
1038 2133 1149 2202 nostri
1201 2130 1341 2221 colligi,
1368 2133 1498 2221 gratias
1514 2157 1579 2225 ago
1597 2132 1673 2205 Deo
1692 2148 1835 2205 aeterno
1850 2132 1943 2224 patri
1958 2128 2110 2201 Domini
2124 2150 2184 2198 no·

166 2250 200 2307 et
224 2238 382 2329 ipsorum
407 2236 568 2317 nomine,
601 2248 640 2303 ut
664 2235 853 2306 autoritate
874 2234 1150 2328 publicaMagi-
1201 2233 1264 2303 stri
1281 2232 1361 2303 lesu
1374 2231 1527 2321 Christi,
1552 2236 1616 2332 qui
1640 2262 1720 2308 cum
1744 2237 1819 2306 filio
1841 2249 1877 2306 et
1898 2233 2040 2325 Spiritu
2055 2228 2184 2306 sane-

165 2352 257 2410 stros
282 2362 342 2408 eos
365 2331 618 2428 Philosophiae
641 2359 735 2405 crees
760 2350 794 2407 et
815 2338 1012 2409 renuncies.
1067 2336 1151 2425 Quo
1201 2334 1276 2405 lum
1298 2351 1333 2406 et
1356 2351 1483 2408 terram
1499 2352 1534 2409 et
1549 2363 1659 2430 genus
1672 2333 1868 2410 humanum
1885 2333 2070 2421 condidit,
2093 2333 2185 2428 qood

165 2441 282 2511 officio
303 2453 337 2510 et
361 2439 509 2529 collegio
531 2451 653 2508 nostro
677 2451 815 2526 gratum
840 2440 965 2524 facies,
999 2451 1034 2509 et
1057 2440 1151 2531 ipsos
1203 2433 1371 2509 hactenus
1394 2441 1585 2512 clementer
1606 2466 1671 2514 uos
1698 2456 1730 2513 et
1755 2440 1876 2512 docuit
1899 2453 1934 2510 et
1956 2435 2128 2530 protexit,
2150 2446 2184 2504 et

165 2543 233 2614 tibi
250 2544 288 2612 in
306 2555 515 2634 perpetuum
540 2540 727 2610 devincies.
1201 2565 1282 2610 eum
1307 2567 1370 2612 oro
1393 2558 1467 2613 toto
1492 2560 1649 2635 pectore,
1674 2562 1715 2617 ut
1737 2569 1811 2614 non
1826 2543 1919 2613 sinat
1933 2539 2027 2634 apud
2041 2557 2110 2608 nos
2123 2557 2182 2606 es-

271 2638 350 2715 Oro
364 2643 469 2714 etiam
484 2655 558 2713 toto
574 2656 716 2733 pectore
731 2655 912 2713 aeternum
929 2641 1151 2736 patremDo-
1202 2644 1319 2733 tingui
1356 2669 1479 2715 vocem
1499 2646 1707 2737 Evangelii,
1740 2647 1800 2716 sed
1835 2666 1977 2737 semper
2000 2641 2093 2713 inter
2119 2660 2186 2709 nos

167 2746 259 2816 mini
272 2743 387 2818 nostri
404 2744 483 2816 lesu
496 2741 648 2830 Christi,
669 2745 768 2814 fonte
791 2746 1004 2838 sapientiae,
1025 2762 1065 2818 ut
1080 2744 1152 2817 Ec·
1201 2759 1378 2816 aeternam
1396 2746 1589 2820 Ecclesiam
1608 2751 1771 2840 colligat,
1793 2749 1968 2840 gubernet
1980 2756 2017 2815 et
2031 2754 2188 2838 protegat

169 2849 293 2920 clesias
308 2849 386 2941 pias
409 2848 543 2942 ubique
562 2861 736 2917 terrarum
758 2848 949 2919 clementer
971 2850 1088 2920 loveat
1112 2875 1152 2920 ac
1203 2872 1279 2917 nos.
1319 2846 1470 2940 Propter
1486 2868 1519 2922 te
1533 2850 1648 2934 Deus,
1675 2866 1821 2944 propter
1840 2865 1873 2921 te
1889 2850 2019 2932 facias,
2042 2858 2084 2918 ut
2098 2858 2186 2917 recte

168 2965 347 3042 protegat,
373 2964 407 3020 et
422 2946 620 3044 prohibeat,
644 2974 690 3019 ne
703 2949 863 3021 restituta
878 2953 1060 3022 doctrinae
1074 2978 1153 3023 coe·
1204 2953 1402 3042 agnoscaris
1418 2967 1451 3024 et
1466 2971 1557 3026 recte
1572 2956 1760 3030 iuvoceris.

168 3053 266 3123 lestis
281 3054 360 3140 lux,
382 3076 423 3124 ac
445 3067 660 3125 caeterarum
683 3053 812 3122 artium
835 3055 939 3124 novis
955 3050 1154 3145 sophisma·
1306 3053 1406 3126 Sicut
1429 3072 1546 3128 autem
1567 3057 1735 3129 usitatum
1758 3069 1827 3137 est,
1854 3070 1888 3127 et
1911 3053 2070 3125 maxime
2092 3053 2184 3123 deret

168 3169 244 3225 tum
261 3154 478 3248 praestigiis,
505 3179 595 3251 quae
610 3150 858 3249 sycophantica
876 3171 911 3226 et
929 3158 1079 3228 subdola
1098 3159 1154 3227 in·
1204 3157 1243 3226 in
1266 3152 1323 3226 bis
1344 3160 1589 3249 congressibus
1611 3161 1682 3230 diei
1699 3160 1835 3253 aliquid
1851 3161 1896 3229 de
1910 3155 2108 3240 doctrinis,
2128 3167 2185 3226 snt

168 3258 271 3347 genia
292 3258 505 3348 petulantia,
538 3258 754 3342 ambitione,
785 3259 870 3329 odio
893 3273 928 3330 et
950 3261 1075 3331 fraude
1092 3286 1154 3332 cu·
1205 3263 1249 3331 de
1268 3261 1479 3348 virtutibus,
1509 3277 1571 3334 aut
1591 3264 1636 3332 de
1659 3258 1820 3334 honestis
1849 3260 2044 3353 exemplis,
2076 3257 2185 3328 dican

170 3362 261 3430 dunt
288 3374 323 3431 et
340 3375 529 3452 spargunt,
554 3360 728 3431 obruatur
752 3372 814 3430 aut
839 3361 1089 3453 extinguatur,
1121 3378 1155 3435 et
1179 3450 1182 3467 Ι
1205 3363 1359 3457 aliquid,
1381 3388 1459 3435 -non
1477 3357 1633 3435 alierium
1649 3365 1810 3436 astudiis
1831 3361 1982 3449 nostris,
2007 3357 2186 3430 deDono·

170 3486 236 3532 nos
252 3485 375 3533 omnes
389 3475 487 3551 regat
502 3487 542 3531 ae
562 3475 686 3535 servet.
739 3457 833 3532 Dixi.
1180 3474 1183 3523 t
1206 3465 1321 3535 niensi
1343 3489 1531 3556 congressu
1553 3465 1672 3538 Caroli
1696 3466 1923 3558 Imperatoris
1947 3479 1983 3536 et
2007 3460 2185 3535 Ponustix

1205 3565 1418 3655 Clementis,
1445 3574 1506 3663 qui
1522 3564 1608 3640 baec
1625 3570 1806 3642 contentio
1822 3571 1868 3639 de
1879 3593 1919 3638 re
1932 3565 2114 3652 maxima,
2134 3562 2186 3633 vi·

1206 3671 1334 3742 delicet
1359 3672 1404 3740 de
1424 3671 1589 3768 Synodo,
1620 3697 1711 3767 quae
1733 3672 1785 3742 ibi
1806 3672 1873 3742 luit
1893 3670 1990 3740 iuter
2010 3667 2113 3739 viros
2129 3688 2184 3736 n·

168 3796 235 3872 No·
256 3797 341 3874 169·
976 3830 1023 3870 m,
1048 3809 1142 3873 1559·
1204 3775 1371 3845 celleutes
1386 3777 1578 3872 sapientia,
1603 3775 1641 3845 iu
1658 3769 1817 3846 historiis
1831 3770 1953 3844 Caroli
1973 3770 2108 3842 omissa
2125 3781 2186 3851 est,

174 3895 346 3925 Μ
976 3898 1148 3926 ‘0⁶⁴
1204 3902 1311 3974 quam
1327 3901 1391 3968 ego
1403 3880 1547 3973 quidem
1561 3878 1681 3950 iudico
1695 3877 1847 3947 maxime
1863 3875 2186 3966 dignamessetne·

1204 3980 1318 4050 moria
1349 3995 1383 4052 et
1412 3981 1693 4052 consideratione
1723 3978 1952 4071 posteritatis.
2005 3975 2081 4047 Nee
2105 3994 2186 4044 vero

323 4034 401 4122 De
434 4061 680 4148 mmm
705 4035 1002 4127 aniemi·
1203 4083 1407 4154 existimetis
1427 4079 1521 4154 banc
1543 4083 1782 4153 narrationem
1805 4079 1911 4171 fingi,
1933 4093 1975 4152 nt
1991 4074 2187 4150 tuaoaba

237 4229 269 4284 1„
288 4228 418 4286 oration.
435 4229 469 4282 T.
487 4229 522 4287 v,
540 4248 568 4302 p.
581 4231 617 4286 87
635 4249 713 4314 ,μ’
733 4231 863 4289 ΚΜ,
882 4231 915 4288 Τ,
932 4231 965 4286 ῃ,
987 4252 1013 4304 p.
1029 4235 1107 4308 679,
1127 4245 1154 4291 e,
1203 4184 1354 4256 Veneris
1369 4186 1614 4257 altercationes
1626 4185 1666 4254 in
1682 4190 1854 4275 poemate,
1867 4183 1929 4253 sed
1943 4206 2030 4253 vere
2044 4178 2187 4253 instito-

270 4298 299 4352 in
325 4297 505 4382 Orationibup
529 4309 674 4370 postrenus
692 4319 719 4373 p.
735 4302 778 4361 91.
800 4328 836 4341 -
870 4303 915 4356 De
933 4302 1025 4358 eadem
1046 4324 1076 4359 re
1094 4307 1151 4362 vid.
1200 4302 1272 4360 lam
1298 4312 1371 4360 este
1392 4283 1485 4359 l'lanc
1508 4287 1818 4371 deliberationem,
1849 4279 1966 4355 adhuc
1994 4283 2104 4355 mulli
2125 4304 2190 4352 Μ·

270 4367 392 4423 Annales
409 4367 476 4421 Mel.
494 4386 523 4421 sn
542 4369 611 4440 Epp.
629 4367 697 4427 Vol.
711 4372 760 4429 tx,
779 4391 806 4443 p.
822 4371 884 4426 Μ.
1175 4350 1179 4421 l

1174 4426 1178 4539 p
1200 4405 1299 4479 runt,
1324 4391 1386 4486 qui
1404 4392 1654 4474 interfuerunt,
1668 4389 1729 4483 qui
1743 4403 1778 4460 et
1792 4387 1986 4460 sententiae
2002 4406 2187 4469 surnrnsnt,

166 4528 297 4600 (trotio
326 4526 375 4600 de
400 4548 601 4623 conpressu
626 4532 855 4605 Bononiensi
879 4533 1003 4606 Geron·
1028 4539 1151 4629 lmpe-
1174 4542 1177 4629 ff
1199 4491 2017 4614 ⁰²V⁰¹b³‘lnfffflam'¹⁰⁸¹‘l‘2mlffl’nfflfffflnh
2047 4486 2186 4611 ΟΜ,

163 4635 303 4704 ratam
335 4638 374 4704 er
407 4631 609 4704 mmm,
645 4631 876 4731 Pomm-0533
922 4643 1086 4711 ,emm
1125 4662 1150 4713 α
1173 4638 1177 4715 p
1198 4623 1237 4668 re
1261 4611 1457 4670 sententiae
1479 4620 1653 4667 summam
1678 4595 1830 4663 fideliter
1845 4594 2023 4677 recitabo,
2049 4605 2185 4663 etiamn

213 4736 363 4809 paulo
384 4732 693 4808 pumergcggo
715 4741 904 4830 fluum,
924 4734 1097 4831 Demo,
1172 4700 1305 4827 pverba
1322 4699 1443 4821 omnia
1458 4701 1590 4769 referre
1606 4721 1681 4767 non
1696 4719 1851 4816 possum.
1903 4692 1977 4764 Nec
1994 4691 2185 4766 dubitoil·

556 4835 616 4914 η.
642 4836 752 4912 Febr,
1172 4836 1176 4895 3
1197 4802 1251 4872 los
1264 4813 1440 4895 sapientes
1454 4815 1489 4871 et
1505 4803 1709 4894 eloquentes
1724 4821 1820 4870 viros
1831 4810 1929 4870 tanta
1946 4798 1993 4867 de
2008 4820 2062 4878 re,
2075 4794 2184 4868 mults

1196 4905 1410 4997 prudentius
1436 4919 1471 4976 et
1485 4902 1709 4997 splendidius
1723 4901 1870 4983 dixisse,
1911 4922 2020 4994 quarn
2042 4899 2093 4971 ab
2112 4896 2183 4971 olto

159 4985 284 5074 Multa
308 5006 455 5096 vestigia
481 5002 580 5079 Deus
609 5008 790 5100 impressit
824 5009 991 5081 omnibus
1021 5012 1147 5081 mundi
1196 5007 1268 5078 dici
1284 5019 1433 5100 possunt
1449 5007 1631 5091 omnium,
1654 5003 1719 5099 qui
1732 5026 1830 5075 nunc
1844 5000 2041 5095 sapientiae
2063 5000 2182 5074 etelo-

159 5105 341 5194 partibus,
375 5131 415 5178 ar
437 5110 628 5202 praecipue
652 5104 810 5195 bomini,
852 5134 942 5205 quae
973 5120 1148 5184 testantur
1195 5110 1362 5204 quentiae
1376 5110 1481 5180 laude
1497 5108 1685 5179 excellunt.

160 5229 234 5277 esse
248 5205 378 5297 Deum,
402 5224 438 5282 et
449 5214 644 5284 ostendunt
658 5213 774 5308 qualis
788 5213 850 5293 sit,
877 5227 913 5284 et
928 5215 1145 5287 convincunt
1282 5210 1333 5284 Ut
1347 5226 1465 5283 autem
1480 5208 1548 5283 boc
1562 5225 1721 5302 tempore
1734 5205 1960 5301 potissimum
1977 5201 2075 5278 hane
2089 5227 2180 5278 corn·

157 5303 330 5382 humanas
342 5327 490 5404 mentes,
504 5326 545 5385 ut
558 5315 662 5387 fateri
679 5338 847 5406 cogamur
861 5339 934 5387 esse
949 5318 1144 5409 providen—
1168 5374 1172 5397 ,
1193 5314 1487 5387 memorationem
1501 5315 1691 5399 adferrem,
1716 5333 1759 5381 eo
1773 5310 1823 5397 bt,
1848 5309 1934 5406 quia
1950 5332 2079 5381 recens
2090 5328 2180 5379 mor·

155 5410 260 5497 tiam,
285 5426 320 5484 et
341 5414 498 5489 nosDeo
515 5441 619 5491 corae
635 5441 730 5506 esse,
764 5431 800 5490 et
824 5434 999 5514 quantum
1022 5433 1142 5492 manet
1168 5406 1258 5490 'tuo
1279 5415 1433 5504 Carolo,
1464 5439 1567 5512 saepe
1588 5414 1707 5509 cogito
1730 5413 1829 5485 etde
1852 5411 1967 5507 ipsios
1993 5426 2129 5488 natura
2142 5430 2178 5481 se
