<?xml version="1.0" encoding="UTF-8"?>
<!DOCTYPE html PUBLIC "-//W3C//DTD XHTML 1.0 Transitional//EN"
    "http://www.w3.org/TR/xhtml1/DTD/xhtml1-transitional.dtd">
<html xmlns="http://www.w3.org/1999/xhtml" xml:lang="en" lang="en">
 <head>
  <title>
</title>
<meta http-equiv="Content-Type" content="text/html;charset=utf-8" />
  <meta name='ocr-system' content='tesseract 3.04.00' />
  <meta name='ocr-capabilities' content='ocr_page ocr_carea ocr_par ocr_line ocrx_word'/>
</head>
<body>
  <div class='ocr_page' id='page_1' title='image "./corpusreformato00bretgoog_0054.png"; bbox 0 0 4680 6038; ppageno 0'>
   <div class='ocr_carea' id='block_1_1' title="bbox 267 197 2283 293">
    <p class='ocr_par' dir='ltr' id='par_1_1' title="bbox 267 197 2283 293">
     <span class='ocr_line' id='line_1_1' title="bbox 267 197 2283 293; baseline 0.007 -18"><span class='ocrx_word' id='word_1_1' title='bbox 267 214 318 293; x_wconf 67' lang='lat'><strong>3¹1</strong></span> <span class='ocrx_word' id='word_1_2' title='bbox 542 267 548 277; x_wconf 95' lang='lat'>.</span> <span class='ocrx_word' id='word_1_3' title='bbox 841 198 1003 281; x_wconf 81' lang='lat' dir='ltr'><strong>DDCD.</strong></span> <span class='ocrx_word' id='word_1_4' title='bbox 1038 197 1116 277; x_wconf 83' lang='lat' dir='ltr'><strong>DE</strong></span> <span class='ocrx_word' id='word_1_5' title='bbox 1153 197 1395 278; x_wconf 74' lang='lat' dir='ltr'><strong>Hannon,</strong></span> <span class='ocrx_word' id='word_1_6' title='bbox 1428 198 1712 282; x_wconf 62' lang='lat' dir='ltr'>SCHURFR</span> <span class='ocrx_word' id='word_1_7' title='bbox 2230 212 2283 289; x_wconf 71' lang='lat'><strong>88</strong></span> 
     </span>
    </p>
   </div>
   <div class='ocr_carea' id='block_1_2' title="bbox 251 374 2293 5470">
    <p class='ocr_par' dir='ltr' id='par_1_2' title="bbox 251 374 2293 5470">
     <span class='ocr_line' id='line_1_2' title="bbox 274 374 2289 486; baseline -0.002 -28"><span class='ocrx_word' id='word_1_8' title='bbox 274 411 415 486; x_wconf 74' lang='lat' dir='ltr'><strong>quocme</strong></span> <span class='ocrx_word' id='word_1_9' title='bbox 428 395 627 479; x_wconf 88' lang='lat' dir='ltr'><strong>gustaturos</strong></span> <span class='ocrx_word' id='word_1_10' title='bbox 640 402 714 452; x_wconf 89' lang='lat' dir='ltr'><strong>esse</strong></span> <span class='ocrx_word' id='word_1_11' title='bbox 727 376 819 449; x_wconf 91' lang='lat' dir='ltr'><strong>illud</strong></span> <span class='ocrx_word' id='word_1_12' title='bbox 834 378 997 447; x_wconf 79' lang='lat' dir='ltr'><strong>divinum</strong></span> <span class='ocrx_word' id='word_1_13' title='bbox 1014 388 1144 446; x_wconf 86' lang='lat' dir='ltr'><strong>nectar.</strong></span> <span class='ocrx_word' id='word_1_14' title='bbox 1183 374 1255 446; x_wconf 88' lang='lat' dir='ltr'><strong>lta-</strong></span> <span class='ocrx_word' id='word_1_15' title='bbox 1303 389 1452 449; x_wconf 88' lang='lat' dir='ltr'><strong>strantes</strong></span> <span class='ocrx_word' id='word_1_16' title='bbox 1464 377 1604 462; x_wconf 91' lang='lat' dir='ltr'><strong>Deum,</strong></span> <span class='ocrx_word' id='word_1_17' title='bbox 1632 390 1667 448; x_wconf 91' lang='lat' dir='ltr'><strong>et</strong></span> <span class='ocrx_word' id='word_1_18' title='bbox 1684 377 1923 451; x_wconf 75' lang='lat' dir='ltr'>discernentes</span> <span class='ocrx_word' id='word_1_19' title='bbox 1941 375 2090 453; x_wconf 87' lang='lat' dir='ltr'><strong>honesta</strong></span> <span class='ocrx_word' id='word_1_20' title='bbox 2106 393 2142 454; x_wconf 88' lang='lat' dir='ltr'><strong>et</strong></span> <span class='ocrx_word' id='word_1_21' title='bbox 2157 384 2289 478; x_wconf 90' lang='lat' dir='ltr'><strong>turpia,</strong></span> 
     </span>
     <span class='ocr_line' id='line_1_3' title="bbox 274 478 2288 587; baseline -0.003 -24"><span class='ocrx_word' id='word_1_22' title='bbox 274 516 344 587; x_wconf 91' lang='lat' dir='ltr'><strong>que</strong></span> <span class='ocrx_word' id='word_1_23' title='bbox 358 505 393 561; x_wconf 90' lang='lat' dir='ltr'><strong>et</strong></span> <span class='ocrx_word' id='word_1_24' title='bbox 405 486 646 558; x_wconf 82' lang='lat' dir='ltr'><strong>definitionem</strong></span> <span class='ocrx_word' id='word_1_25' title='bbox 667 482 825 553; x_wconf 81' lang='lat' dir='ltr'><strong>iustitiae</strong></span> <span class='ocrx_word' id='word_1_26' title='bbox 840 492 1014 570; x_wconf 76' lang='lat' dir='ltr'><strong>acceptam</strong></span> <span class='ocrx_word' id='word_1_27' title='bbox 1030 478 1194 547; x_wconf 76' lang='lat' dir='ltr'><strong>alicunde</strong></span> <span class='ocrx_word' id='word_1_28' title='bbox 1212 502 1254 547; x_wconf 84' lang='lat' dir='ltr'><strong>er</strong></span> <span class='ocrx_word' id='word_1_29' title='bbox 1302 493 1337 549; x_wconf 93' lang='lat' dir='ltr'><strong>et</strong></span> <span class='ocrx_word' id='word_1_30' title='bbox 1352 479 1391 549; x_wconf 96' lang='lat' dir='ltr'><strong>in</strong></span> <span class='ocrx_word' id='word_1_31' title='bbox 1406 479 1575 550; x_wconf 78' lang='lat' dir='ltr'>cordibus</span> <span class='ocrx_word' id='word_1_32' title='bbox 1589 479 1705 565; x_wconf 91' lang='lat' dir='ltr'><strong>dolor,</strong></span> <span class='ocrx_word' id='word_1_33' title='bbox 1728 496 1892 553; x_wconf 78' lang='lat' dir='ltr'>executor</span> <span class='ocrx_word' id='word_1_34' title='bbox 1906 485 2090 570; x_wconf 88' lang='lat' dir='ltr'><strong>scelerum,</strong></span> <span class='ocrx_word' id='word_1_35' title='bbox 2116 498 2288 579; x_wconf 73' lang='lat' dir='ltr'><strong>tanqsnm</strong></span> 
     </span>
     <span class='ocr_line' id='line_1_4' title="bbox 274 575 2290 665; baseline -0.002 0"><span class='ocrx_word' id='word_1_36' title='bbox 274 592 497 665; x_wconf 87' lang='lat' dir='ltr'><strong>sermonibus</strong></span> <span class='ocrx_word' id='word_1_37' title='bbox 518 611 591 657; x_wconf 92' lang='lat' dir='ltr'><strong>non</strong></span> <span class='ocrx_word' id='word_1_38' title='bbox 616 587 839 655; x_wconf 88' lang='lat' dir='ltr'><strong>indoctorum</strong></span> <span class='ocrx_word' id='word_1_39' title='bbox 862 575 1068 665; x_wconf 91' lang='lat' dir='ltr'><strong>hominum,</strong></span> <span class='ocrx_word' id='word_1_40' title='bbox 1098 580 1255 651; x_wconf 87' lang='lat' dir='ltr'><strong>detorse-</strong></span> <span class='ocrx_word' id='word_1_41' title='bbox 1303 581 1457 650; x_wconf 77' lang='lat' dir='ltr'><strong>carnifex</strong></span> <span class='ocrx_word' id='word_1_42' title='bbox 1472 604 1566 650; x_wconf 92' lang='lat' dir='ltr'><strong>ream</strong></span> <span class='ocrx_word' id='word_1_43' title='bbox 1581 593 1744 651; x_wconf 85' lang='lat' dir='ltr'><strong>naturam</strong></span> <span class='ocrx_word' id='word_1_44' title='bbox 1760 584 1957 661; x_wconf 87' lang='lat' dir='ltr'><strong>destruent.</strong></span> <span class='ocrx_word' id='word_1_45' title='bbox 2007 583 2195 658; x_wconf 90' lang='lat' dir='ltr'><strong>Haeenon</strong></span> <span class='ocrx_word' id='word_1_46' title='bbox 2214 610 2290 661; x_wconf 85' lang='lat' dir='ltr'><strong>esse</strong></span> 
     </span>
     <span class='ocr_line' id='line_1_5' title="bbox 274 679 1869 778; baseline -0.006 -12"><span class='ocrx_word' id='word_1_47' title='bbox 274 708 363 767; x_wconf 88' lang='lat' dir='ltr'><strong>runt</strong></span> <span class='ocrx_word' id='word_1_48' title='bbox 377 695 421 763; x_wconf 88' lang='lat' dir='ltr'><strong>ad</strong></span> <span class='ocrx_word' id='word_1_49' title='bbox 437 687 502 760; x_wconf 88' lang='lat' dir='ltr'><strong>bas</strong></span> <span class='ocrx_word' id='word_1_50' title='bbox 518 710 598 759; x_wconf 89' lang='lat' dir='ltr'><strong>snas</strong></span> <span class='ocrx_word' id='word_1_51' title='bbox 621 686 846 778; x_wconf 88' lang='lat' dir='ltr'><strong>imposturas:</strong></span> <span class='ocrx_word' id='word_1_52' title='bbox 871 679 1013 751; x_wconf 88' lang='lat' dir='ltr'><strong>lusticia</strong></span> <span class='ocrx_word' id='word_1_53' title='bbox 1036 694 1087 750; x_wconf 87' lang='lat' dir='ltr'><strong>est</strong></span> <span class='ocrx_word' id='word_1_54' title='bbox 1109 682 1256 751; x_wconf 89' lang='lat' dir='ltr'><strong>societas</strong></span> <span class='ocrx_word' id='word_1_55' title='bbox 1303 704 1385 752; x_wconf 90' lang='lat' dir='ltr'><strong>casn</strong></span> <span class='ocrx_word' id='word_1_56' title='bbox 1400 682 1449 752; x_wconf 87' lang='lat' dir='ltr'><strong>ita</strong></span> <span class='ocrx_word' id='word_1_57' title='bbox 1463 694 1546 751; x_wconf 89' lang='lat' dir='ltr'><strong>nata</strong></span> <span class='ocrx_word' id='word_1_58' title='bbox 1560 681 1787 752; x_wconf 85' lang='lat' dir='ltr'><strong>manifestum</strong></span> <span class='ocrx_word' id='word_1_59' title='bbox 1805 700 1869 757; x_wconf 86' lang='lat' dir='ltr'><strong>est.</strong></span> 
     </span>
     <span class='ocr_line' id='line_1_6' title="bbox 275 779 2293 883; baseline -0.004 -14"><span class='ocrx_word' id='word_1_60' title='bbox 275 820 357 869; x_wconf 89' lang='lat' dir='ltr'><strong>cum</strong></span> <span class='ocrx_word' id='word_1_61' title='bbox 371 792 468 879; x_wconf 91' lang='lat' dir='ltr'><strong>Deo,</strong></span> <span class='ocrx_word' id='word_1_62' title='bbox 496 814 576 862; x_wconf 92' lang='lat' dir='ltr'><strong>cnm</strong></span> <span class='ocrx_word' id='word_1_63' title='bbox 592 787 811 883; x_wconf 71' lang='lat' dir='ltr'><strong>aequalitate.</strong></span> <span class='ocrx_word' id='word_1_64' title='bbox 860 781 1070 853; x_wconf 83' lang='lat' dir='ltr'><strong>Societatem</strong></span> <span class='ocrx_word' id='word_1_65' title='bbox 1090 805 1170 853; x_wconf 90' lang='lat' dir='ltr'><strong>cum</strong></span> <span class='ocrx_word' id='word_1_66' title='bbox 1179 779 1256 853; x_wconf 89' lang='lat' dir='ltr'><strong>Deo</strong></span> <span class='ocrx_word' id='word_1_67' title='bbox 1403 781 1494 854; x_wconf 88' lang='lat' dir='ltr'><strong>Cum</strong></span> <span class='ocrx_word' id='word_1_68' title='bbox 1520 783 1628 871; x_wconf 89' lang='lat' dir='ltr'><strong>igitur</strong></span> <span class='ocrx_word' id='word_1_69' title='bbox 1647 784 1684 850; x_wconf 93' lang='lat' dir='ltr'><strong>in</strong></span> <span class='ocrx_word' id='word_1_70' title='bbox 1707 784 1791 874; x_wconf 88' lang='lat' dir='ltr'><strong>ipsis</strong></span> <span class='ocrx_word' id='word_1_71' title='bbox 1811 787 1949 876; x_wconf 90' lang='lat' dir='ltr'><strong>legibus</strong></span> <span class='ocrx_word' id='word_1_72' title='bbox 1962 786 2077 860; x_wconf 90' lang='lat' dir='ltr'><strong>Deum</strong></span> <span class='ocrx_word' id='word_1_73' title='bbox 2092 812 2293 879; x_wconf 81' lang='lat' dir='ltr'><strong>cernamus,</strong></span> 
     </span>
     <span class='ocr_line' id='line_1_7' title="bbox 275 885 2290 988; baseline -0.003 -21"><span class='ocrx_word' id='word_1_74' title='bbox 275 896 601 988; x_wconf 81' lang='lat' dir='ltr'><strong>interpretabantur</strong></span> <span class='ocrx_word' id='word_1_75' title='bbox 620 912 693 960; x_wconf 87' lang='lat' dir='ltr'><strong>esse</strong></span> <span class='ocrx_word' id='word_1_76' title='bbox 709 888 790 956; x_wconf 91' lang='lat' dir='ltr'><strong>illos</strong></span> <span class='ocrx_word' id='word_1_77' title='bbox 811 885 980 969; x_wconf 82' lang='lat' dir='ltr'><strong>adflatus,</strong></span> <span class='ocrx_word' id='word_1_78' title='bbox 1003 896 1039 954; x_wconf 91' lang='lat' dir='ltr'><strong>et</strong></span> <span class='ocrx_word' id='word_1_79' title='bbox 1061 885 1256 977; x_wconf 89' lang='lat' dir='ltr'><strong>aequalita-</strong></span> <span class='ocrx_word' id='word_1_80' title='bbox 1305 907 1513 954; x_wconf 87' lang='lat' dir='ltr'><strong>veneremur</strong></span> <span class='ocrx_word' id='word_1_81' title='bbox 1540 899 1719 970; x_wconf 89' lang='lat' dir='ltr'><strong>autorem,</strong></span> <span class='ocrx_word' id='word_1_82' title='bbox 1763 899 1798 956; x_wconf 90' lang='lat' dir='ltr'><strong>et</strong></span> <span class='ocrx_word' id='word_1_83' title='bbox 1826 888 1962 977; x_wconf 87' lang='lat' dir='ltr'><strong>legibus</strong></span> <span class='ocrx_word' id='word_1_84' title='bbox 1996 905 2142 984; x_wconf 91' lang='lat' dir='ltr'><strong>propter</strong></span> <span class='ocrx_word' id='word_1_85' title='bbox 2170 889 2290 963; x_wconf 81' lang='lat' dir='ltr'><strong>Deum</strong></span> 
     </span>
     <span class='ocr_line' id='line_1_8' title="bbox 277 986 2290 1086; baseline -0.002 -16"><span class='ocrx_word' id='word_1_86' title='bbox 277 1014 347 1071; x_wconf 91' lang='lat' dir='ltr'><strong>tem</strong></span> <span class='ocrx_word' id='word_1_87' title='bbox 363 999 491 1069; x_wconf 83' lang='lat' dir='ltr'><strong>deinde</strong></span> <span class='ocrx_word' id='word_1_88' title='bbox 512 991 776 1081; x_wconf 79' lang='lat' dir='ltr'><strong>intelligebant,</strong></span> <span class='ocrx_word' id='word_1_89' title='bbox 800 1009 874 1056; x_wconf 91' lang='lat' dir='ltr'><strong>non</strong></span> <span class='ocrx_word' id='word_1_90' title='bbox 895 986 1093 1056; x_wconf 89' lang='lat' dir='ltr'><strong>ordinatam</strong></span> <span class='ocrx_word' id='word_1_91' title='bbox 1108 986 1183 1075; x_wconf 89' lang='lat' dir='ltr'><strong>lege</strong></span> <span class='ocrx_word' id='word_1_92' title='bbox 1199 986 1257 1054; x_wconf 88' lang='lat' dir='ltr'><strong>di·</strong></span> <span class='ocrx_word' id='word_1_93' title='bbox 1305 988 1546 1077; x_wconf 86' lang='lat' dir='ltr'><strong>obtemperare</strong></span> <span class='ocrx_word' id='word_1_94' title='bbox 1579 987 1792 1057; x_wconf 87' lang='lat' dir='ltr'><strong>studeamus.</strong></span> <span class='ocrx_word' id='word_1_95' title='bbox 1859 988 1999 1062; x_wconf 87' lang='lat' dir='ltr'><strong>Deinde</strong></span> <span class='ocrx_word' id='word_1_96' title='bbox 2034 1007 2068 1064; x_wconf 87' lang='lat' dir='ltr'><strong>et</strong></span> <span class='ocrx_word' id='word_1_97' title='bbox 2101 1017 2290 1086; x_wconf 89' lang='lat' dir='ltr'><strong>precemnr</strong></span> 
     </span>
     <span class='ocr_line' id='line_1_9' title="bbox 277 1087 2291 1191; baseline -0.002 -22"><span class='ocrx_word' id='word_1_98' title='bbox 277 1101 360 1170; x_wconf 84' lang='lat' dir='ltr'><strong>vina</strong></span> <span class='ocrx_word' id='word_1_99' title='bbox 382 1098 649 1191; x_wconf 88' lang='lat' dir='ltr'><strong>aequalitatem,</strong></span> <span class='ocrx_word' id='word_1_100' title='bbox 672 1093 732 1160; x_wconf 90' lang='lat' dir='ltr'><strong>sed</strong></span> <span class='ocrx_word' id='word_1_101' title='bbox 752 1088 976 1159; x_wconf 79' lang='lat' dir='ltr'><strong>confusiones</strong></span> <span class='ocrx_word' id='word_1_102' title='bbox 997 1087 1255 1178; x_wconf 89' lang='lat' dir='ltr'><strong>coniugiorum,</strong></span> <span class='ocrx_word' id='word_1_103' title='bbox 1305 1087 1440 1170; x_wconf 93' lang='lat' dir='ltr'><strong>Deum,</strong></span> <span class='ocrx_word' id='word_1_104' title='bbox 1478 1099 1518 1157; x_wconf 90' lang='lat' dir='ltr'><strong>ut</strong></span> <span class='ocrx_word' id='word_1_105' title='bbox 1549 1087 1731 1157; x_wconf 82' lang='lat' dir='ltr'><strong>confirmet</strong></span> <span class='ocrx_word' id='word_1_106' title='bbox 1755 1088 1894 1160; x_wconf 89' lang='lat' dir='ltr'><strong>animos</strong></span> <span class='ocrx_word' id='word_1_107' title='bbox 1926 1107 2083 1175; x_wconf 86' lang='lat' dir='ltr'><strong>nostros,</strong></span> <span class='ocrx_word' id='word_1_108' title='bbox 2124 1108 2165 1166; x_wconf 88' lang='lat' dir='ltr'><strong>ut</strong></span> <span class='ocrx_word' id='word_1_109' title='bbox 2195 1089 2291 1165; x_wconf 90' lang='lat' dir='ltr'><strong>banc</strong></span> 
     </span>
     <span class='ocr_line' id='line_1_10' title="bbox 275 1189 2293 1288; baseline -0.001 -17"><span class='ocrx_word' id='word_1_110' title='bbox 275 1199 495 1271; x_wconf 80' lang='lat' dir='ltr'><strong>Platonicam</strong></span> <span class='ocrx_word' id='word_1_111' title='bbox 519 1192 875 1267; x_wconf 86' lang='lat' dir='ltr'><strong>communicationem</strong></span> <span class='ocrx_word' id='word_1_112' title='bbox 906 1189 1130 1270; x_wconf 82' lang='lat' dir='ltr'><strong>facultatum,</strong></span> <span class='ocrx_word' id='word_1_113' title='bbox 1162 1189 1257 1259; x_wconf 88' lang='lat' dir='ltr'><strong>sedi·</strong></span> <span class='ocrx_word' id='word_1_114' title='bbox 1305 1189 1419 1258; x_wconf 90' lang='lat' dir='ltr'><strong>lucem</strong></span> <span class='ocrx_word' id='word_1_115' title='bbox 1443 1189 1637 1273; x_wconf 89' lang='lat' dir='ltr'><strong>intuentes,</strong></span> <span class='ocrx_word' id='word_1_116' title='bbox 1674 1212 1902 1278; x_wconf 80' lang='lat' dir='ltr'><strong>agnoscamus</strong></span> <span class='ocrx_word' id='word_1_117' title='bbox 1924 1194 2001 1265; x_wconf 92' lang='lat' dir='ltr'><strong>eius</strong></span> <span class='ocrx_word' id='word_1_118' title='bbox 2025 1196 2235 1288; x_wconf 71' lang='lat' dir='ltr'><strong>sapientiam</strong></span> <span class='ocrx_word' id='word_1_119' title='bbox 2256 1211 2293 1269; x_wconf 88' lang='lat' dir='ltr'><strong>et</strong></span> 
     </span>
     <span class='ocr_line' id='line_1_11' title="bbox 276 1291 2292 1384; baseline -0.003 -12"><span class='ocrx_word' id='word_1_120' title='bbox 276 1303 390 1372; x_wconf 90' lang='lat' dir='ltr'><strong>tiones</strong></span> <span class='ocrx_word' id='word_1_121' title='bbox 404 1315 525 1370; x_wconf 78' lang='lat' dir='ltr'><strong>cotnra</strong></span> <span class='ocrx_word' id='word_1_122' title='bbox 542 1296 771 1384; x_wconf 82' lang='lat' dir='ltr'><strong>Magistratus</strong></span> <span class='ocrx_word' id='word_1_123' title='bbox 786 1307 851 1363; x_wconf 90' lang='lat' dir='ltr'><strong>etc.</strong></span> <span class='ocrx_word' id='word_1_124' title='bbox 1306 1291 1498 1374; x_wconf 87' lang='lat' dir='ltr'><strong>iusticiam,</strong></span> <span class='ocrx_word' id='word_1_125' title='bbox 1524 1305 1558 1361; x_wconf 93' lang='lat' dir='ltr'><strong>et</strong></span> <span class='ocrx_word' id='word_1_126' title='bbox 1575 1291 1641 1381; x_wconf 89' lang='lat' dir='ltr'><strong>ipsi</strong></span> <span class='ocrx_word' id='word_1_127' title='bbox 1665 1291 1871 1362; x_wconf 79' lang='lat' dir='ltr'><strong>obediamus</strong></span> <span class='ocrx_word' id='word_1_128' title='bbox 1897 1309 1932 1367; x_wconf 87' lang='lat' dir='ltr'><strong>et</strong></span> <span class='ocrx_word' id='word_1_129' title='bbox 1955 1318 2035 1366; x_wconf 89' lang='lat' dir='ltr'><strong>eum</strong></span> <span class='ocrx_word' id='word_1_130' title='bbox 2062 1297 2292 1384; x_wconf 89' lang='lat' dir='ltr'><strong>celebremus,</strong></span> 
     </span>
     <span class='ocr_line' id='line_1_12' title="bbox 378 1390 2291 1490; baseline -0.002 -18"><span class='ocrx_word' id='word_1_131' title='bbox 378 1402 515 1472; x_wconf 83' lang='lat' dir='ltr'><strong>Tantos</strong></span> <span class='ocrx_word' id='word_1_132' title='bbox 547 1399 686 1468; x_wconf 83' lang='lat' dir='ltr'><strong>furores</strong></span> <span class='ocrx_word' id='word_1_133' title='bbox 717 1393 869 1465; x_wconf 82' lang='lat' dir='ltr'><strong>extitisse</strong></span> <span class='ocrx_word' id='word_1_134' title='bbox 907 1393 980 1464; x_wconf 89' lang='lat' dir='ltr'><strong>illis</strong></span> <span class='ocrx_word' id='word_1_135' title='bbox 1015 1390 1256 1464; x_wconf 86' lang='lat' dir='ltr'><strong>ioelicioribus</strong></span> <span class='ocrx_word' id='word_1_136' title='bbox 1305 1416 1370 1461; x_wconf 89' lang='lat' dir='ltr'><strong>nec</strong></span> <span class='ocrx_word' id='word_1_137' title='bbox 1391 1392 1484 1462; x_wconf 86' lang='lat' dir='ltr'><strong>sinat</strong></span> <span class='ocrx_word' id='word_1_138' title='bbox 1502 1414 1568 1460; x_wconf 91' lang='lat' dir='ltr'><strong>nos</strong></span> <span class='ocrx_word' id='word_1_139' title='bbox 1584 1390 1688 1461; x_wconf 77' lang='lat' dir='ltr'><strong>stiriis</strong></span> <span class='ocrx_word' id='word_1_140' title='bbox 1702 1392 1888 1463; x_wconf 84' lang='lat' dir='ltr'><strong>diabolicis</strong></span> <span class='ocrx_word' id='word_1_141' title='bbox 1903 1396 2037 1489; x_wconf 87' lang='lat' dir='ltr'><strong>impelli</strong></span> <span class='ocrx_word' id='word_1_142' title='bbox 2055 1413 2177 1471; x_wconf 90' lang='lat' dir='ltr'><strong>contra</strong></span> <span class='ocrx_word' id='word_1_143' title='bbox 2196 1399 2291 1490; x_wconf 85' lang='lat' dir='ltr'><strong>legas</strong></span> 
     </span>
     <span class='ocr_line' id='line_1_13' title="bbox 276 1488 2290 1596; baseline -0.003 -18"><span class='ocrx_word' id='word_1_144' title='bbox 276 1504 517 1596; x_wconf 84' lang='lat' dir='ltr'><strong>temporibus,</strong></span> <span class='ocrx_word' id='word_1_145' title='bbox 538 1523 619 1569; x_wconf 91' lang='lat' dir='ltr'><strong>cnm</strong></span> <span class='ocrx_word' id='word_1_146' title='bbox 641 1492 757 1569; x_wconf 92' lang='lat' dir='ltr'><strong>adhuc</strong></span> <span class='ocrx_word' id='word_1_147' title='bbox 778 1496 956 1581; x_wconf 89' lang='lat' dir='ltr'><strong>viverent,</strong></span> <span class='ocrx_word' id='word_1_148' title='bbox 983 1496 1045 1589; x_wconf 85' lang='lat' dir='ltr'><strong>qni</strong></span> <span class='ocrx_word' id='word_1_149' title='bbox 1065 1493 1256 1586; x_wconf 84' lang='lat' dir='ltr'><strong>Apostolos</strong></span> <span class='ocrx_word' id='word_1_150' title='bbox 1306 1507 1341 1565; x_wconf 88' lang='lat' dir='ltr'><strong>et</strong></span> <span class='ocrx_word' id='word_1_151' title='bbox 1358 1488 1545 1562; x_wconf 89' lang='lat' dir='ltr'><strong>honestum</strong></span> <span class='ocrx_word' id='word_1_152' title='bbox 1560 1495 1724 1564; x_wconf 86' lang='lat' dir='ltr'><strong>ordinem</strong></span> <span class='ocrx_word' id='word_1_153' title='bbox 1740 1495 1786 1563; x_wconf 89' lang='lat' dir='ltr'><strong>ab</strong></span> <span class='ocrx_word' id='word_1_154' title='bbox 1801 1495 1877 1586; x_wconf 93' lang='lat' dir='ltr'><strong>ipso</strong></span> <span class='ocrx_word' id='word_1_155' title='bbox 1892 1500 2088 1570; x_wconf 89' lang='lat' dir='ltr'><strong>conditum.</strong></span> <span class='ocrx_word' id='word_1_156' title='bbox 2140 1499 2290 1572; x_wconf 72' lang='lat' dir='ltr'><strong>Monea-</strong></span> 
     </span>
     <span class='ocr_line' id='line_1_14' title="bbox 276 1592 2291 1699; baseline -0.001 -21"><span class='ocrx_word' id='word_1_157' title='bbox 276 1607 487 1678; x_wconf 86' lang='lat' dir='ltr'><strong>audiverant</strong></span> <span class='ocrx_word' id='word_1_158' title='bbox 501 1597 1139 1699; x_wconf 85' lang='lat' dir='ltr'><strong>(namPolycarpusauditorloannis</strong></span> <span class='ocrx_word' id='word_1_159' title='bbox 1157 1592 1256 1686; x_wconf 77' lang='lat' dir='ltr'><strong>apo..</strong></span> <span class='ocrx_word' id='word_1_160' title='bbox 1306 1618 1388 1664; x_wconf 92' lang='lat' dir='ltr'><strong>mur</strong></span> <span class='ocrx_word' id='word_1_161' title='bbox 1402 1608 1436 1665; x_wconf 92' lang='lat' dir='ltr'><strong>et</strong></span> <span class='ocrx_word' id='word_1_162' title='bbox 1460 1595 1600 1684; x_wconf 88' lang='lat' dir='ltr'><strong>poenis,</strong></span> <span class='ocrx_word' id='word_1_163' title='bbox 1624 1618 1714 1688; x_wconf 87' lang='lat' dir='ltr'><strong>quae</strong></span> <span class='ocrx_word' id='word_1_164' title='bbox 1735 1597 1863 1666; x_wconf 89' lang='lat' dir='ltr'><strong>ordine</strong></span> <span class='ocrx_word' id='word_1_165' title='bbox 1883 1599 2055 1670; x_wconf 86' lang='lat' dir='ltr'><strong>divinitus</strong></span> <span class='ocrx_word' id='word_1_166' title='bbox 2078 1602 2214 1672; x_wconf 87' lang='lat' dir='ltr'><strong>sancito</strong></span> <span class='ocrx_word' id='word_1_167' title='bbox 2234 1625 2291 1675; x_wconf 80' lang='lat' dir='ltr'><strong>se·</strong></span> 
     </span>
     <span class='ocr_line' id='line_1_15' title="bbox 275 1690 2290 1798; baseline -0.002 -19"><span class='ocrx_word' id='word_1_168' title='bbox 275 1708 359 1780; x_wconf 89' lang='lat' dir='ltr'><strong>stoli</strong></span> <span class='ocrx_word' id='word_1_169' title='bbox 374 1699 707 1798; x_wconf 87' lang='lat' dir='ltr'><strong>vidithlartionem)</strong></span> <span class='ocrx_word' id='word_1_170' title='bbox 724 1701 780 1769; x_wconf 85' lang='lat' dir='ltr'><strong>vix</strong></span> <span class='ocrx_word' id='word_1_171' title='bbox 796 1699 965 1769; x_wconf 88' lang='lat' dir='ltr'><strong>credibile</strong></span> <span class='ocrx_word' id='word_1_172' title='bbox 981 1711 1087 1783; x_wconf 91' lang='lat' dir='ltr'><strong>esset,</strong></span> <span class='ocrx_word' id='word_1_173' title='bbox 1107 1696 1176 1767; x_wconf 88' lang='lat' dir='ltr'><strong>nisi</strong></span> <span class='ocrx_word' id='word_1_174' title='bbox 1193 1690 1256 1764; x_wconf 88' lang='lat' dir='ltr'><strong>has</strong></span> <span class='ocrx_word' id='word_1_175' title='bbox 1307 1710 1467 1790; x_wconf 87' lang='lat' dir='ltr'><strong>quuntnr</strong></span> <span class='ocrx_word' id='word_1_176' title='bbox 1492 1696 1769 1780; x_wconf 89' lang='lat' dir='ltr'><strong>contumaciam,</strong></span> <span class='ocrx_word' id='word_1_177' title='bbox 1795 1711 1836 1767; x_wconf 94' lang='lat' dir='ltr'><strong>ut</strong></span> <span class='ocrx_word' id='word_1_178' title='bbox 1858 1700 1953 1770; x_wconf 84' lang='lat' dir='ltr'><strong>lilius</strong></span> <span class='ocrx_word' id='word_1_179' title='bbox 1965 1699 2032 1772; x_wconf 89' lang='lat' dir='ltr'><strong>Dei</strong></span> <span class='ocrx_word' id='word_1_180' title='bbox 2055 1703 2189 1797; x_wconf 81' lang='lat' dir='ltr'><strong>inquit:</strong></span> <span class='ocrx_word' id='word_1_181' title='bbox 2215 1703 2290 1793; x_wconf 88' lang='lat' dir='ltr'><strong>Qui</strong></span> 
     </span>
     <span class='ocr_line' id='line_1_16' title="bbox 274 1797 2291 1892; baseline -0.002 -12"><span class='ocrx_word' id='word_1_182' title='bbox 274 1806 443 1880; x_wconf 86' lang='lat' dir='ltr'><strong>historias</strong></span> <span class='ocrx_word' id='word_1_183' title='bbox 460 1803 845 1892; x_wconf 87' lang='lat' dir='ltr'><strong>recitarentscriptores</strong></span> <span class='ocrx_word' id='word_1_184' title='bbox 862 1801 960 1891; x_wconf 88' lang='lat' dir='ltr'><strong>digni</strong></span> <span class='ocrx_word' id='word_1_185' title='bbox 978 1802 1056 1880; x_wconf 85' lang='lat' dir='ltr'><strong>fide,</strong></span> <span class='ocrx_word' id='word_1_186' title='bbox 1082 1797 1257 1881; x_wconf 85' lang='lat' dir='ltr'><strong>Clemens,</strong></span> <span class='ocrx_word' id='word_1_187' title='bbox 1306 1799 1462 1887; x_wconf 83' lang='lat' dir='ltr'><strong>gladium</strong></span> <span class='ocrx_word' id='word_1_188' title='bbox 1479 1798 1668 1888; x_wconf 87' lang='lat' dir='ltr'><strong>acceperit,</strong></span> <span class='ocrx_word' id='word_1_189' title='bbox 1692 1797 1811 1886; x_wconf 85' lang='lat' dir='ltr'><strong>gladio</strong></span> <span class='ocrx_word' id='word_1_190' title='bbox 1828 1803 1969 1890; x_wconf 66' lang='lat' dir='ltr'><strong>peribits</strong></span> <span class='ocrx_word' id='word_1_191' title='bbox 2018 1800 2067 1874; x_wconf 86' lang='lat' dir='ltr'><strong>Et</strong></span> <span class='ocrx_word' id='word_1_192' title='bbox 2081 1808 2126 1875; x_wconf 92' lang='lat' dir='ltr'><strong>de</strong></span> <span class='ocrx_word' id='word_1_193' title='bbox 2146 1805 2291 1877; x_wconf 79' lang='lat' dir='ltr'><strong>incestis</strong></span> 
     </span>
     <span class='ocr_line' id='line_1_17' title="bbox 274 1896 2290 2002; baseline -0.001 -21"><span class='ocrx_word' id='word_1_194' title='bbox 274 1908 455 1991; x_wconf 89' lang='lat' dir='ltr'><strong>lustinus,</strong></span> <span class='ocrx_word' id='word_1_195' title='bbox 489 1902 713 1999; x_wconf 80' lang='lat' dir='ltr'><strong>Epiphanius</strong></span> <span class='ocrx_word' id='word_1_196' title='bbox 735 1903 864 1976; x_wconf 85' lang='lat' dir='ltr'><strong>etalii.</strong></span> <span class='ocrx_word' id='word_1_197' title='bbox 928 1901 998 1973; x_wconf 80' lang='lat' dir='ltr'><strong>seu</strong></span> <span class='ocrx_word' id='word_1_198' title='bbox 1030 1896 1120 1992; x_wconf 88' lang='lat' dir='ltr'><strong>prob</strong></span> <span class='ocrx_word' id='word_1_199' title='bbox 1153 1901 1256 1968; x_wconf 88' lang='lat' dir='ltr'><strong>dolor</strong></span> <span class='ocrx_word' id='word_1_200' title='bbox 1307 1901 1517 1970; x_wconf 86' lang='lat' dir='ltr'><strong>libidinibus</strong></span> <span class='ocrx_word' id='word_1_201' title='bbox 1535 1898 1652 1993; x_wconf 85' lang='lat' dir='ltr'><strong>inquit</strong></span> <span class='ocrx_word' id='word_1_202' title='bbox 1666 1922 1734 1968; x_wconf 82' lang='lat' dir='ltr'><strong>vor</strong></span> <span class='ocrx_word' id='word_1_203' title='bbox 1751 1899 1893 1970; x_wconf 90' lang='lat' dir='ltr'><strong>divina:</strong></span> <span class='ocrx_word' id='word_1_204' title='bbox 1919 1897 2050 1974; x_wconf 87' lang='lat' dir='ltr'><strong>Omnis</strong></span> <span class='ocrx_word' id='word_1_205' title='bbox 2065 1905 2290 2002; x_wconf 86' lang='lat' dir='ltr'><strong>animaqnae</strong></span> 
     </span>
     <span class='ocr_line' id='line_1_18' title="bbox 273 1997 2289 2099; baseline -0.001 -16"><span class='ocrx_word' id='word_1_206' title='bbox 273 2011 387 2085; x_wconf 89' lang='lat' dir='ltr'><strong>multa</strong></span> <span class='ocrx_word' id='word_1_207' title='bbox 401 2010 530 2083; x_wconf 89' lang='lat' dir='ltr'><strong>similia</strong></span> <span class='ocrx_word' id='word_1_208' title='bbox 547 2007 702 2099; x_wconf 82' lang='lat' dir='ltr'><strong>exempla</strong></span> <span class='ocrx_word' id='word_1_209' title='bbox 719 2005 807 2073; x_wconf 90' lang='lat' dir='ltr'><strong>vidit</strong></span> <span class='ocrx_word' id='word_1_210' title='bbox 824 2018 942 2073; x_wconf 89' lang='lat' dir='ltr'><strong>nostra</strong></span> <span class='ocrx_word' id='word_1_211' title='bbox 959 2017 1063 2073; x_wconf 88' lang='lat' dir='ltr'><strong>aetas.</strong></span> <span class='ocrx_word' id='word_1_212' title='bbox 1103 1999 1257 2095; x_wconf 82' lang='lat' dir='ltr'><strong>Aliquo·</strong></span> <span class='ocrx_word' id='word_1_213' title='bbox 1306 2002 1426 2073; x_wconf 80' lang='lat' dir='ltr'><strong>iecerit</strong></span> <span class='ocrx_word' id='word_1_214' title='bbox 1440 1997 1503 2070; x_wconf 89' lang='lat' dir='ltr'><strong>bas</strong></span> <span class='ocrx_word' id='word_1_215' title='bbox 1517 2001 1820 2086; x_wconf 86' lang='lat' dir='ltr'><strong>abominationes,</strong></span> <span class='ocrx_word' id='word_1_216' title='bbox 1843 2003 1976 2094; x_wconf 91' lang='lat' dir='ltr'><strong>peribit</strong></span> <span class='ocrx_word' id='word_1_217' title='bbox 1994 2007 2039 2076; x_wconf 92' lang='lat' dir='ltr'><strong>de</strong></span> <span class='ocrx_word' id='word_1_218' title='bbox 2058 2008 2192 2099; x_wconf 88' lang='lat' dir='ltr'><strong>popolo</strong></span> <span class='ocrx_word' id='word_1_219' title='bbox 2209 2032 2289 2083; x_wconf 88' lang='lat' dir='ltr'><strong>sno.</strong></span> 
     </span>
     <span class='ocr_line' id='line_1_19' title="bbox 275 2100 2291 2201; baseline -0.001 -16"><span class='ocrx_word' id='word_1_220' title='bbox 275 2113 342 2185; x_wconf 91' lang='lat' dir='ltr'><strong>ties</strong></span> <span class='ocrx_word' id='word_1_221' title='bbox 359 2138 380 2184; x_wconf 91' lang='lat' dir='ltr'><strong>a</strong></span> <span class='ocrx_word' id='word_1_222' title='bbox 396 2112 526 2184; x_wconf 88' lang='lat' dir='ltr'><strong>talibus</strong></span> <span class='ocrx_word' id='word_1_223' title='bbox 542 2107 794 2201; x_wconf 89' lang='lat' dir='ltr'><strong>impostoribus</strong></span> <span class='ocrx_word' id='word_1_224' title='bbox 811 2106 898 2174; x_wconf 82' lang='lat' dir='ltr'><strong>falso</strong></span> <span class='ocrx_word' id='word_1_225' title='bbox 914 2118 1092 2195; x_wconf 82' lang='lat' dir='ltr'><strong>praetextu</strong></span> <span class='ocrx_word' id='word_1_226' title='bbox 1109 2103 1256 2192; x_wconf 83' lang='lat' dir='ltr'><strong>religio·</strong></span> <span class='ocrx_word' id='word_1_227' title='bbox 1305 2100 1396 2176; x_wconf 89' lang='lat' dir='ltr'><strong>Cum</strong></span> <span class='ocrx_word' id='word_1_228' title='bbox 1413 2104 1522 2193; x_wconf 89' lang='lat' dir='ltr'><strong>igitur</strong></span> <span class='ocrx_word' id='word_1_229' title='bbox 1537 2103 1768 2175; x_wconf 85' lang='lat' dir='ltr'><strong>certissimum</strong></span> <span class='ocrx_word' id='word_1_230' title='bbox 1783 2103 1846 2188; x_wconf 91' lang='lat' dir='ltr'><strong>sit,</strong></span> <span class='ocrx_word' id='word_1_231' title='bbox 1871 2105 1992 2178; x_wconf 88' lang='lat' dir='ltr'><strong>omnia</strong></span> <span class='ocrx_word' id='word_1_232' title='bbox 2011 2110 2143 2179; x_wconf 87' lang='lat' dir='ltr'><strong>atrocia</strong></span> <span class='ocrx_word' id='word_1_233' title='bbox 2158 2111 2291 2182; x_wconf 89' lang='lat' dir='ltr'><strong>seelera</strong></span> 
     </span>
     <span class='ocr_line' id='line_1_20' title="bbox 274 2195 2291 2299; baseline -0.001 -14"><span class='ocrx_word' id='word_1_234' title='bbox 274 2216 333 2285; x_wconf 88' lang='lat' dir='ltr'><strong>nis</strong></span> <span class='ocrx_word' id='word_1_235' title='bbox 352 2228 467 2285; x_wconf 92' lang='lat' dir='ltr'><strong>motae</strong></span> <span class='ocrx_word' id='word_1_236' title='bbox 491 2223 573 2282; x_wconf 89' lang='lat' dir='ltr'><strong>sunt</strong></span> <span class='ocrx_word' id='word_1_237' title='bbox 595 2209 804 2294; x_wconf 85' lang='lat' dir='ltr'><strong>seditiones,</strong></span> <span class='ocrx_word' id='word_1_238' title='bbox 838 2220 873 2278; x_wconf 91' lang='lat' dir='ltr'><strong>et</strong></span> <span class='ocrx_word' id='word_1_239' title='bbox 896 2206 1041 2277; x_wconf 84' lang='lat' dir='ltr'><strong>suerunt</strong></span> <span class='ocrx_word' id='word_1_240' title='bbox 1062 2207 1255 2276; x_wconf 90' lang='lat' dir='ltr'><strong>multorum</strong></span> <span class='ocrx_word' id='word_1_241' title='bbox 1307 2205 1467 2277; x_wconf 91' lang='lat' dir='ltr'><strong>comitari</strong></span> <span class='ocrx_word' id='word_1_242' title='bbox 1489 2195 1639 2299; x_wconf 71' lang='lat' dir='ltr'><strong>poenas,</strong></span> <span class='ocrx_word' id='word_1_243' title='bbox 1659 2205 1884 2279; x_wconf 78' lang='lat' dir='ltr'><strong>manifestum</strong></span> <span class='ocrx_word' id='word_1_244' title='bbox 1907 2221 1978 2295; x_wconf 87' lang='lat' dir='ltr'><strong>est,</strong></span> <span class='ocrx_word' id='word_1_245' title='bbox 2009 2205 2106 2282; x_wconf 90' lang='lat' dir='ltr'><strong>hunc</strong></span> <span class='ocrx_word' id='word_1_246' title='bbox 2125 2213 2291 2283; x_wconf 88' lang='lat' dir='ltr'><strong>ordinem</strong></span> 
     </span>
     <span class='ocr_line' id='line_1_21' title="bbox 274 2306 2289 2407; baseline -0.001 -19"><span class='ocrx_word' id='word_1_247' title='bbox 274 2317 399 2407; x_wconf 84' lang='lat' dir='ltr'><strong>tragici</strong></span> <span class='ocrx_word' id='word_1_248' title='bbox 430 2316 554 2386; x_wconf 81' lang='lat' dir='ltr'><strong>exitus.</strong></span> <span class='ocrx_word' id='word_1_249' title='bbox 617 2310 765 2383; x_wconf 85' lang='lat' dir='ltr'><strong>Necesse</strong></span> <span class='ocrx_word' id='word_1_250' title='bbox 788 2324 841 2381; x_wconf 90' lang='lat' dir='ltr'><strong>est</strong></span> <span class='ocrx_word' id='word_1_251' title='bbox 859 2309 968 2396; x_wconf 87' lang='lat' dir='ltr'><strong>igitur</strong></span> <span class='ocrx_word' id='word_1_252' title='bbox 991 2332 1093 2401; x_wconf 86' lang='lat' dir='ltr'><strong>saepe</strong></span> <span class='ocrx_word' id='word_1_253' title='bbox 1116 2306 1255 2377; x_wconf 89' lang='lat' dir='ltr'><strong>moneri</strong></span> <span class='ocrx_word' id='word_1_254' title='bbox 1305 2307 1429 2378; x_wconf 87' lang='lat' dir='ltr'><strong>divino</strong></span> <span class='ocrx_word' id='word_1_255' title='bbox 1452 2308 1601 2379; x_wconf 89' lang='lat' dir='ltr'><strong>consilio</strong></span> <span class='ocrx_word' id='word_1_256' title='bbox 1626 2310 1699 2398; x_wconf 90' lang='lat' dir='ltr'><strong>regi</strong></span> <span class='ocrx_word' id='word_1_257' title='bbox 1718 2324 1754 2382; x_wconf 92' lang='lat' dir='ltr'><strong>et</strong></span> <span class='ocrx_word' id='word_1_258' title='bbox 1773 2313 1986 2384; x_wconf 84' lang='lat' dir='ltr'><strong>conservari.</strong></span> <span class='ocrx_word' id='word_1_259' title='bbox 2037 2312 2098 2384; x_wconf 89' lang='lat' dir='ltr'><strong>Sic</strong></span> <span class='ocrx_word' id='word_1_260' title='bbox 2118 2328 2289 2406; x_wconf 87' lang='lat' dir='ltr'><strong>perpetua</strong></span> 
     </span>
     <span class='ocr_line' id='line_1_22' title="bbox 273 2410 2291 2504; baseline -0 -16"><span class='ocrx_word' id='word_1_261' title='bbox 273 2418 435 2489; x_wconf 88' lang='lat' dir='ltr'><strong>iuniores</strong></span> <span class='ocrx_word' id='word_1_262' title='bbox 453 2419 497 2487; x_wconf 91' lang='lat' dir='ltr'><strong>de</strong></span> <span class='ocrx_word' id='word_1_263' title='bbox 515 2414 587 2485; x_wconf 88' lang='lat' dir='ltr'><strong>auis</strong></span> <span class='ocrx_word' id='word_1_264' title='bbox 602 2427 634 2483; x_wconf 90' lang='lat' dir='ltr'><strong>et</strong></span> <span class='ocrx_word' id='word_1_265' title='bbox 650 2411 803 2503; x_wconf 88' lang='lat' dir='ltr'><strong>publicis</strong></span> <span class='ocrx_word' id='word_1_266' title='bbox 816 2411 993 2502; x_wconf 86' lang='lat' dir='ltr'><strong>periculis.</strong></span> <span class='ocrx_word' id='word_1_267' title='bbox 1306 2411 1523 2501; x_wconf 84' lang='lat' dir='ltr'><strong>experientia</strong></span> <span class='ocrx_word' id='word_1_268' title='bbox 1545 2410 1651 2480; x_wconf 89' lang='lat' dir='ltr'><strong>etiam</strong></span> <span class='ocrx_word' id='word_1_269' title='bbox 1671 2410 1829 2483; x_wconf 87' lang='lat' dir='ltr'><strong>iudicare</strong></span> <span class='ocrx_word' id='word_1_270' title='bbox 1850 2416 1983 2504; x_wconf 78' lang='lat' dir='ltr'><strong>coe&#39;git,</strong></span> <span class='ocrx_word' id='word_1_271' title='bbox 2009 2427 2043 2486; x_wconf 87' lang='lat' dir='ltr'><strong>et</strong></span> <span class='ocrx_word' id='word_1_272' title='bbox 2056 2417 2212 2487; x_wconf 88' lang='lat' dir='ltr'><strong>ostendit</strong></span> <span class='ocrx_word' id='word_1_273' title='bbox 2229 2440 2291 2487; x_wconf 83' lang='lat' dir='ltr'><strong>ce-</strong></span> 
     </span>
     <span class='ocr_line' id='line_1_23' title="bbox 375 2505 2081 2605; baseline 0 -17"><span class='ocrx_word' id='word_1_274' title='bbox 375 2516 536 2588; x_wconf 88' lang='lat' dir='ltr'><strong>Primum</strong></span> <span class='ocrx_word' id='word_1_275' title='bbox 564 2515 672 2605; x_wconf 89' lang='lat' dir='ltr'><strong>igitur</strong></span> <span class='ocrx_word' id='word_1_276' title='bbox 695 2526 884 2602; x_wconf 87' lang='lat' dir='ltr'><strong>agnoscant</strong></span> <span class='ocrx_word' id='word_1_277' title='bbox 910 2526 1055 2583; x_wconf 89' lang='lat' dir='ltr'><strong>naturae</strong></span> <span class='ocrx_word' id='word_1_278' title='bbox 1082 2505 1257 2581; x_wconf 86' lang='lat' dir='ltr'><strong>humanae</strong></span> <span class='ocrx_word' id='word_1_279' title='bbox 1306 2513 1525 2584; x_wconf 89' lang='lat' dir='ltr'><strong>tusdictnm:</strong></span> <span class='ocrx_word' id='word_1_280' title='bbox 1551 2508 1678 2583; x_wconf 84' lang='lat' dir='ltr'><strong>Cernit</strong></span> <span class='ocrx_word' id='word_1_281' title='bbox 1691 2510 1788 2584; x_wconf 88' lang='lat' dir='ltr'><strong>Dens</strong></span> <span class='ocrx_word' id='word_1_282' title='bbox 1801 2517 1921 2586; x_wconf 91' lang='lat' dir='ltr'><strong>omnia</strong></span> <span class='ocrx_word' id='word_1_283' title='bbox 1940 2517 2081 2595; x_wconf 83' lang='lat' dir='ltr'><strong>vindex.</strong></span> 
     </span>
     <span class='ocr_line' id='line_1_24' title="bbox 273 2612 2286 2716; baseline 0 -24"><span class='ocrx_word' id='word_1_284' title='bbox 273 2620 570 2702; x_wconf 86' lang='lat' dir='ltr'><strong>imbecillitatem,</strong></span> <span class='ocrx_word' id='word_1_285' title='bbox 594 2616 724 2686; x_wconf 89' lang='lat' dir='ltr'><strong>deinde</strong></span> <span class='ocrx_word' id='word_1_286' title='bbox 746 2629 781 2686; x_wconf 92' lang='lat' dir='ltr'><strong>et</strong></span> <span class='ocrx_word' id='word_1_287' title='bbox 805 2615 1029 2685; x_wconf 89' lang='lat' dir='ltr'><strong>diabolomm</strong></span> <span class='ocrx_word' id='word_1_288' title='bbox 1054 2614 1200 2683; x_wconf 88' lang='lat' dir='ltr'><strong>insidias</strong></span> <span class='ocrx_word' id='word_1_289' title='bbox 1223 2627 1257 2684; x_wconf 90' lang='lat' dir='ltr'><strong>et</strong></span> <span class='ocrx_word' id='word_1_290' title='bbox 1406 2612 1481 2684; x_wconf 87' lang='lat' dir='ltr'><strong>Has</strong></span> <span class='ocrx_word' id='word_1_291' title='bbox 1512 2613 1775 2685; x_wconf 86' lang='lat' dir='ltr'><strong>admonitiones</strong></span> <span class='ocrx_word' id='word_1_292' title='bbox 1807 2640 1909 2708; x_wconf 87' lang='lat' dir='ltr'><strong>saepe</strong></span> <span class='ocrx_word' id='word_1_293' title='bbox 1940 2621 2154 2710; x_wconf 86' lang='lat' dir='ltr'><strong>repetimus,</strong></span> <span class='ocrx_word' id='word_1_294' title='bbox 2198 2621 2286 2716; x_wconf 82' lang='lat' dir='ltr'><strong>qnia</strong></span> 
     </span>
     <span class='ocr_line' id='line_1_25' title="bbox 272 2711 2292 2809; baseline 0 -15"><span class='ocrx_word' id='word_1_295' title='bbox 272 2723 422 2795; x_wconf 85' lang='lat' dir='ltr'><strong>rabiem.</strong></span> <span class='ocrx_word' id='word_1_296' title='bbox 470 2719 605 2792; x_wconf 87' lang='lat' dir='ltr'><strong>Natura</strong></span> <span class='ocrx_word' id='word_1_297' title='bbox 621 2712 810 2787; x_wconf 92' lang='lat' dir='ltr'><strong>hominum</strong></span> <span class='ocrx_word' id='word_1_298' title='bbox 826 2741 888 2809; x_wconf 91' lang='lat' dir='ltr'><strong>per</strong></span> <span class='ocrx_word' id='word_1_299' title='bbox 902 2740 976 2787; x_wconf 89' lang='lat' dir='ltr'><strong>sese</strong></span> <span class='ocrx_word' id='word_1_300' title='bbox 995 2716 1182 2808; x_wconf 88' lang='lat' dir='ltr'><strong>impatiens</strong></span> <span class='ocrx_word' id='word_1_301' title='bbox 1205 2728 1257 2786; x_wconf 87' lang='lat' dir='ltr'><strong>est</strong></span> <span class='ocrx_word' id='word_1_302' title='bbox 1305 2711 1402 2785; x_wconf 91' lang='lat' dir='ltr'><strong>Dens</strong></span> <span class='ocrx_word' id='word_1_303' title='bbox 1425 2717 1500 2788; x_wconf 84' lang='lat' dir='ltr'><strong>vult</strong></span> <span class='ocrx_word' id='word_1_304' title='bbox 1523 2738 1589 2785; x_wconf 90' lang='lat' dir='ltr'><strong>nos</strong></span> <span class='ocrx_word' id='word_1_305' title='bbox 1613 2711 1705 2786; x_wconf 91' lang='lat' dir='ltr'><strong>hanc</strong></span> <span class='ocrx_word' id='word_1_306' title='bbox 1727 2739 1827 2788; x_wconf 92' lang='lat' dir='ltr'><strong>suam</strong></span> <span class='ocrx_word' id='word_1_307' title='bbox 1848 2721 2045 2789; x_wconf 89' lang='lat' dir='ltr'><strong>doctrinam</strong></span> <span class='ocrx_word' id='word_1_308' title='bbox 2076 2745 2219 2808; x_wconf 91' lang='lat' dir='ltr'><strong>sonare,</strong></span> <span class='ocrx_word' id='word_1_309' title='bbox 2256 2738 2292 2796; x_wconf 89' lang='lat' dir='ltr'><strong>et</strong></span> 
     </span>
     <span class='ocr_line' id='line_1_26' title="bbox 273 2816 2289 2910; baseline 0.001 -16"><span class='ocrx_word' id='word_1_310' title='bbox 273 2826 384 2909; x_wconf 79' lang='lat' dir='ltr'><strong>irem,</strong></span> <span class='ocrx_word' id='word_1_311' title='bbox 416 2835 456 2894; x_wconf 92' lang='lat' dir='ltr'><strong>ut</strong></span> <span class='ocrx_word' id='word_1_312' title='bbox 477 2821 683 2891; x_wconf 88' lang='lat' dir='ltr'><strong>mollissime</strong></span> <span class='ocrx_word' id='word_1_313' title='bbox 705 2821 838 2905; x_wconf 81' lang='lat' dir='ltr'><strong>dicam,</strong></span> <span class='ocrx_word' id='word_1_314' title='bbox 871 2831 906 2889; x_wconf 93' lang='lat' dir='ltr'><strong>et</strong></span> <span class='ocrx_word' id='word_1_315' title='bbox 927 2819 1058 2909; x_wconf 84' lang='lat' dir='ltr'><strong>singuli</strong></span> <span class='ocrx_word' id='word_1_316' title='bbox 1077 2842 1141 2887; x_wconf 90' lang='lat' dir='ltr'><strong>nos</strong></span> <span class='ocrx_word' id='word_1_317' title='bbox 1162 2816 1256 2910; x_wconf 90' lang='lat' dir='ltr'><strong>ipsos</strong></span> <span class='ocrx_word' id='word_1_318' title='bbox 1305 2818 1407 2888; x_wconf 87' lang='lat' dir='ltr'><strong>vobis</strong></span> <span class='ocrx_word' id='word_1_319' title='bbox 1421 2819 1651 2889; x_wconf 88' lang='lat' dir='ltr'><strong>utilissimum</strong></span> <span class='ocrx_word' id='word_1_320' title='bbox 1674 2829 1745 2904; x_wconf 91' lang='lat' dir='ltr'><strong>est,</strong></span> <span class='ocrx_word' id='word_1_321' title='bbox 1767 2822 1813 2889; x_wconf 93' lang='lat' dir='ltr'><strong>de</strong></span> <span class='ocrx_word' id='word_1_322' title='bbox 1835 2823 1940 2892; x_wconf 87' lang='lat' dir='ltr'><strong>rebus</strong></span> <span class='ocrx_word' id='word_1_323' title='bbox 1963 2822 2070 2893; x_wconf 89' lang='lat' dir='ltr'><strong>tantis</strong></span> <span class='ocrx_word' id='word_1_324' title='bbox 2090 2838 2183 2896; x_wconf 88' lang='lat' dir='ltr'><strong>recte</strong></span> <span class='ocrx_word' id='word_1_325' title='bbox 2204 2848 2289 2896; x_wconf 86' lang='lat' dir='ltr'><strong>ern-</strong></span> 
     </span>
     <span class='ocr_line' id='line_1_27' title="bbox 273 2918 2290 3018; baseline -0 -22"><span class='ocrx_word' id='word_1_326' title='bbox 273 2948 448 3011; x_wconf 88' lang='lat' dir='ltr'><strong>amamus,</strong></span> <span class='ocrx_word' id='word_1_327' title='bbox 475 2923 578 2994; x_wconf 90' lang='lat' dir='ltr'><strong>nobis</strong></span> <span class='ocrx_word' id='word_1_328' title='bbox 591 2921 815 3006; x_wconf 91' lang='lat' dir='ltr'><strong>blandimur,</strong></span> <span class='ocrx_word' id='word_1_329' title='bbox 841 2944 915 2991; x_wconf 93' lang='lat' dir='ltr'><strong>non</strong></span> <span class='ocrx_word' id='word_1_330' title='bbox 932 2921 1067 2991; x_wconf 89' lang='lat' dir='ltr'><strong>duriter</strong></span> <span class='ocrx_word' id='word_1_331' title='bbox 1082 2943 1257 3011; x_wconf 83' lang='lat' dir='ltr'><strong>repugna·</strong></span> <span class='ocrx_word' id='word_1_332' title='bbox 1304 2921 1389 2991; x_wconf 87' lang='lat' dir='ltr'><strong>diri.</strong></span> <span class='ocrx_word' id='word_1_333' title='bbox 1422 2920 1476 2992; x_wconf 82' lang='lat' dir='ltr'><strong>Ac</strong></span> <span class='ocrx_word' id='word_1_334' title='bbox 1483 2918 1600 2990; x_wconf 87' lang='lat' dir='ltr'><strong>Deum</strong></span> <span class='ocrx_word' id='word_1_335' title='bbox 1616 2943 1818 3010; x_wconf 88' lang='lat' dir='ltr'><strong>precamur,</strong></span> <span class='ocrx_word' id='word_1_336' title='bbox 1844 2937 1885 2995; x_wconf 94' lang='lat' dir='ltr'><strong>ut</strong></span> <span class='ocrx_word' id='word_1_337' title='bbox 1903 2923 1942 2993; x_wconf 92' lang='lat' dir='ltr'><strong>in</strong></span> <span class='ocrx_word' id='word_1_338' title='bbox 1956 2925 2152 2995; x_wconf 89' lang='lat' dir='ltr'><strong>multorum</strong></span> <span class='ocrx_word' id='word_1_339' title='bbox 2166 2941 2290 3018; x_wconf 86' lang='lat' dir='ltr'><strong>pecto-</strong></span> 
     </span>
     <span class='ocr_line' id='line_1_28' title="bbox 274 3021 2290 3118; baseline 0.001 -21"><span class='ocrx_word' id='word_1_340' title='bbox 274 3048 355 3098; x_wconf 91' lang='lat' dir='ltr'><strong>mus</strong></span> <span class='ocrx_word' id='word_1_341' title='bbox 376 3026 507 3097; x_wconf 91' lang='lat' dir='ltr'><strong>nostris</strong></span> <span class='ocrx_word' id='word_1_342' title='bbox 531 3023 806 3115; x_wconf 89' lang='lat' dir='ltr'><strong>cupiditatibus,</strong></span> <span class='ocrx_word' id='word_1_343' title='bbox 848 3037 882 3095; x_wconf 92' lang='lat' dir='ltr'><strong>et</strong></span> <span class='ocrx_word' id='word_1_344' title='bbox 909 3045 1011 3112; x_wconf 85' lang='lat' dir='ltr'><strong>aegre</strong></span> <span class='ocrx_word' id='word_1_345' title='bbox 1032 3023 1179 3092; x_wconf 81' lang='lat' dir='ltr'><strong>terimus</strong></span> <span class='ocrx_word' id='word_1_346' title='bbox 1198 3029 1256 3091; x_wconf 84' lang='lat' dir='ltr'><strong>ea&#39;s</strong></span> <span class='ocrx_word' id='word_1_347' title='bbox 1303 3021 1403 3092; x_wconf 90' lang='lat' dir='ltr'><strong>ribus</strong></span> <span class='ocrx_word' id='word_1_348' title='bbox 1418 3023 1586 3093; x_wconf 88' lang='lat' dir='ltr'><strong>accendat</strong></span> <span class='ocrx_word' id='word_1_349' title='bbox 1607 3021 1744 3107; x_wconf 89' lang='lat' dir='ltr'><strong>lucem,</strong></span> <span class='ocrx_word' id='word_1_350' title='bbox 1769 3048 1838 3116; x_wconf 85' lang='lat' dir='ltr'><strong>qna</strong></span> <span class='ocrx_word' id='word_1_351' title='bbox 1859 3025 1934 3117; x_wconf 92' lang='lat' dir='ltr'><strong>ipse</strong></span> <span class='ocrx_word' id='word_1_352' title='bbox 1954 3040 2047 3097; x_wconf 91' lang='lat' dir='ltr'><strong>recte</strong></span> <span class='ocrx_word' id='word_1_353' title='bbox 2068 3044 2290 3118; x_wconf 84' lang='lat' dir='ltr'><strong>agnoscatur,</strong></span> 
     </span>
     <span class='ocr_line' id='line_1_29' title="bbox 274 3120 2289 3218; baseline 0 -18"><span class='ocrx_word' id='word_1_354' title='bbox 274 3123 465 3200; x_wconf 90' lang='lat' dir='ltr'><strong>coherceri.</strong></span> <span class='ocrx_word' id='word_1_355' title='bbox 522 3124 591 3197; x_wconf 91' lang='lat' dir='ltr'><strong>Hic</strong></span> <span class='ocrx_word' id='word_1_356' title='bbox 613 3137 761 3196; x_wconf 89' lang='lat' dir='ltr'><strong>naturae</strong></span> <span class='ocrx_word' id='word_1_357' title='bbox 782 3126 929 3195; x_wconf 89' lang='lat' dir='ltr'><strong>morbus</strong></span> <span class='ocrx_word' id='word_1_358' title='bbox 950 3149 1030 3195; x_wconf 91' lang='lat' dir='ltr'><strong>cnm</strong></span> <span class='ocrx_word' id='word_1_359' title='bbox 1052 3148 1125 3193; x_wconf 92' lang='lat' dir='ltr'><strong>non</strong></span> <span class='ocrx_word' id='word_1_360' title='bbox 1142 3123 1256 3215; x_wconf 90' lang='lat' dir='ltr'><strong>repri-</strong></span> <span class='ocrx_word' id='word_1_361' title='bbox 1303 3136 1339 3194; x_wconf 89' lang='lat' dir='ltr'><strong>et</strong></span> <span class='ocrx_word' id='word_1_362' title='bbox 1368 3124 1541 3216; x_wconf 90' lang='lat' dir='ltr'><strong>sapientia</strong></span> <span class='ocrx_word' id='word_1_363' title='bbox 1571 3120 1647 3194; x_wconf 89' lang='lat' dir='ltr'><strong>eius</strong></span> <span class='ocrx_word' id='word_1_364' title='bbox 1673 3139 1869 3198; x_wconf 85' lang='lat' dir='ltr'><strong>monstrata</strong></span> <span class='ocrx_word' id='word_1_365' title='bbox 1897 3128 1936 3198; x_wconf 96' lang='lat' dir='ltr'><strong>in</strong></span> <span class='ocrx_word' id='word_1_366' title='bbox 1961 3127 2099 3218; x_wconf 87' lang='lat' dir='ltr'><strong>legibus</strong></span> <span class='ocrx_word' id='word_1_367' title='bbox 2125 3131 2289 3202; x_wconf 89' lang='lat' dir='ltr'><strong>consida-</strong></span> 
     </span>
     <span class='ocr_line' id='line_1_30' title="bbox 273 3225 1412 3321; baseline 0.001 -21"><span class='ocrx_word' id='word_1_368' title='bbox 273 3231 385 3301; x_wconf 89' lang='lat' dir='ltr'><strong>mitur</strong></span> <span class='ocrx_word' id='word_1_369' title='bbox 404 3228 607 3321; x_wconf 87' lang='lat' dir='ltr'><strong>disciplina,</strong></span> <span class='ocrx_word' id='word_1_370' title='bbox 632 3239 666 3297; x_wconf 93' lang='lat' dir='ltr'><strong>et</strong></span> <span class='ocrx_word' id='word_1_371' title='bbox 687 3250 767 3297; x_wconf 90' lang='lat' dir='ltr'><strong>cum</strong></span> <span class='ocrx_word' id='word_1_372' title='bbox 789 3227 828 3298; x_wconf 87' lang='lat' dir='ltr'><strong>bt</strong></span> <span class='ocrx_word' id='word_1_373' title='bbox 849 3227 1088 3315; x_wconf 89' lang='lat' dir='ltr'><strong>contumacia,</strong></span> <span class='ocrx_word' id='word_1_374' title='bbox 1119 3225 1254 3295; x_wconf 88' lang='lat' dir='ltr'><strong>diaboli</strong></span> <span class='ocrx_word' id='word_1_375' title='bbox 1302 3240 1412 3301; x_wconf 85' lang='lat' dir='ltr'><strong>retur.</strong></span> 
     </span>
     <span class='ocr_line' id='line_1_31' title="bbox 271 3323 2289 3424; baseline 0.001 -20"><span class='ocrx_word' id='word_1_376' title='bbox 271 3346 448 3424; x_wconf 87' lang='lat' dir='ltr'><strong>occupant</strong></span> <span class='ocrx_word' id='word_1_377' title='bbox 464 3330 589 3402; x_wconf 86' lang='lat' dir='ltr'><strong>talium</strong></span> <span class='ocrx_word' id='word_1_378' title='bbox 613 3323 799 3399; x_wconf 91' lang='lat' dir='ltr'><strong>bominum</strong></span> <span class='ocrx_word' id='word_1_379' title='bbox 825 3329 1016 3419; x_wconf 89' lang='lat' dir='ltr'><strong>impiomm</strong></span> <span class='ocrx_word' id='word_1_380' title='bbox 1039 3342 1074 3399; x_wconf 91' lang='lat' dir='ltr'><strong>et</strong></span> <span class='ocrx_word' id='word_1_381' title='bbox 1091 3328 1254 3419; x_wconf 89' lang='lat' dir='ltr'><strong>petulan-</strong></span> <span class='ocrx_word' id='word_1_382' title='bbox 1402 3325 1550 3419; x_wconf 92' lang='lat' dir='ltr'><strong>Semper</strong></span> <span class='ocrx_word' id='word_1_383' title='bbox 1569 3341 1686 3399; x_wconf 88' lang='lat' dir='ltr'><strong>autem</strong></span> <span class='ocrx_word' id='word_1_384' title='bbox 1709 3328 1748 3400; x_wconf 87' lang='lat' dir='ltr'><strong>in</strong></span> <span class='ocrx_word' id='word_1_385' title='bbox 1771 3330 1929 3422; x_wconf 89' lang='lat' dir='ltr'><strong>imperiis</strong></span> <span class='ocrx_word' id='word_1_386' title='bbox 1951 3334 2180 3406; x_wconf 88' lang='lat' dir='ltr'><strong>mediocriter</strong></span> <span class='ocrx_word' id='word_1_387' title='bbox 2199 3361 2289 3407; x_wconf 89' lang='lat' dir='ltr'><strong>con-</strong></span> 
     </span>
     <span class='ocr_line' id='line_1_32' title="bbox 272 3429 2289 3525; baseline 0.003 -21"><span class='ocrx_word' id='word_1_388' title='bbox 272 3434 364 3504; x_wconf 91' lang='lat' dir='ltr'><strong>tinm</strong></span> <span class='ocrx_word' id='word_1_389' title='bbox 378 3449 537 3525; x_wconf 89' lang='lat' dir='ltr'><strong>pectora,</strong></span> <span class='ocrx_word' id='word_1_390' title='bbox 562 3431 797 3501; x_wconf 79' lang='lat' dir='ltr'><strong>reverentiam</strong></span> <span class='ocrx_word' id='word_1_391' title='bbox 812 3431 974 3501; x_wconf 89' lang='lat' dir='ltr'><strong>omnium</strong></span> <span class='ocrx_word' id='word_1_392' title='bbox 991 3429 1106 3518; x_wconf 88' lang='lat' dir='ltr'><strong>legum</strong></span> <span class='ocrx_word' id='word_1_393' title='bbox 1124 3430 1175 3499; x_wconf 90' lang='lat' dir='ltr'><strong>eis</strong></span> <span class='ocrx_word' id='word_1_394' title='bbox 1194 3452 1255 3498; x_wconf 83' lang='lat' dir='ltr'><strong>ex·</strong></span> <span class='ocrx_word' id='word_1_395' title='bbox 1302 3429 1435 3500; x_wconf 86' lang='lat' dir='ltr'><strong>stitutis</strong></span> <span class='ocrx_word' id='word_1_396' title='bbox 1456 3429 1541 3500; x_wconf 90' lang='lat' dir='ltr'><strong>certi</strong></span> <span class='ocrx_word' id='word_1_397' title='bbox 1564 3432 1710 3503; x_wconf 88' lang='lat' dir='ltr'><strong>luerunt</strong></span> <span class='ocrx_word' id='word_1_398' title='bbox 1732 3434 1850 3524; x_wconf 85' lang='lat' dir='ltr'><strong>legum</strong></span> <span class='ocrx_word' id='word_1_399' title='bbox 1872 3437 2052 3521; x_wconf 91' lang='lat' dir='ltr'><strong>custodes,</strong></span> <span class='ocrx_word' id='word_1_400' title='bbox 2078 3452 2118 3509; x_wconf 90' lang='lat' dir='ltr'><strong>nt</strong></span> <span class='ocrx_word' id='word_1_401' title='bbox 2133 3435 2289 3511; x_wconf 84' lang='lat' dir='ltr'><strong>Athenis</strong></span> 
     </span>
     <span class='ocr_line' id='line_1_33' title="bbox 272 3524 2289 3635; baseline 0.004 -31"><span class='ocrx_word' id='word_1_402' title='bbox 272 3534 433 3620; x_wconf 87' lang='lat' dir='ltr'><strong>cntinnt,</strong></span> <span class='ocrx_word' id='word_1_403' title='bbox 480 3546 515 3603; x_wconf 91' lang='lat' dir='ltr'><strong>et</strong></span> <span class='ocrx_word' id='word_1_404' title='bbox 545 3531 755 3602; x_wconf 80' lang='lat' dir='ltr'><strong>confirmant</strong></span> <span class='ocrx_word' id='word_1_405' title='bbox 783 3531 921 3601; x_wconf 87' lang='lat' dir='ltr'><strong>ordinis</strong></span> <span class='ocrx_word' id='word_1_406' title='bbox 947 3543 1188 3622; x_wconf 88' lang='lat' dir='ltr'><strong>contemptum</strong></span> <span class='ocrx_word' id='word_1_407' title='bbox 1219 3541 1255 3599; x_wconf 88' lang='lat' dir='ltr'><strong>et</strong></span> <span class='ocrx_word' id='word_1_408' title='bbox 1302 3543 1403 3600; x_wconf 88' lang='lat' dir='ltr'><strong>erant</strong></span> <span class='ocrx_word' id='word_1_409' title='bbox 1425 3524 1716 3625; x_wconf 74' lang='grc' dir='ltr'><strong>Νομοφύλακες,</strong></span> <span class='ocrx_word' id='word_1_410' title='bbox 1746 3535 1794 3604; x_wconf 87' lang='lat' dir='ltr'><strong>ita</strong></span> <span class='ocrx_word' id='word_1_411' title='bbox 1815 3528 1884 3604; x_wconf 87' lang='lat' dir='ltr'><strong>hoe</strong></span> <span class='ocrx_word' id='word_1_412' title='bbox 1903 3549 2059 3629; x_wconf 89' lang='lat' dir='ltr'><strong>tempora</strong></span> <span class='ocrx_word' id='word_1_413' title='bbox 2079 3539 2118 3609; x_wconf 90' lang='lat' dir='ltr'><strong>in</strong></span> <span class='ocrx_word' id='word_1_414' title='bbox 2140 3536 2289 3635; x_wconf 83' lang='lat' dir='ltr'><strong>Europa</strong></span> 
     </span>
     <span class='ocr_line' id='line_1_34' title="bbox 272 3627 2289 3731; baseline 0.005 -27"><span class='ocrx_word' id='word_1_415' title='bbox 272 3634 439 3705; x_wconf 88' lang='lat' dir='ltr'><strong>licentiae</strong></span> <span class='ocrx_word' id='word_1_416' title='bbox 454 3656 628 3716; x_wconf 86' lang='lat' dir='ltr'><strong>amorem,</strong></span> <span class='ocrx_word' id='word_1_417' title='bbox 653 3645 688 3703; x_wconf 82' lang='lat' dir='ltr'><strong>et</strong></span> <span class='ocrx_word' id='word_1_418' title='bbox 703 3633 787 3702; x_wconf 93' lang='lat' dir='ltr'><strong>odio</strong></span> <span class='ocrx_word' id='word_1_419' title='bbox 802 3629 869 3701; x_wconf 88' lang='lat' dir='ltr'><strong>Dei</strong></span> <span class='ocrx_word' id='word_1_420' title='bbox 886 3645 922 3702; x_wconf 90' lang='lat' dir='ltr'><strong>et</strong></span> <span class='ocrx_word' id='word_1_421' title='bbox 933 3627 1110 3702; x_wconf 83' lang='lat' dir='ltr'><strong>Ecclesiae</strong></span> <span class='ocrx_word' id='word_1_422' title='bbox 1127 3629 1255 3721; x_wconf 56' lang='lat' dir='ltr'><strong>impelss</strong></span> <span class='ocrx_word' id='word_1_423' title='bbox 1300 3644 1385 3701; x_wconf 91' lang='lat' dir='ltr'><strong>sunt</strong></span> <span class='ocrx_word' id='word_1_424' title='bbox 1410 3631 1503 3701; x_wconf 89' lang='lat' dir='ltr'><strong>Iuris</strong></span> <span class='ocrx_word' id='word_1_425' title='bbox 1521 3628 1709 3719; x_wconf 89' lang='lat' dir='ltr'><strong>Doctores,</strong></span> <span class='ocrx_word' id='word_1_426' title='bbox 1741 3635 1803 3729; x_wconf 88' lang='lat' dir='ltr'><strong>qui</strong></span> <span class='ocrx_word' id='word_1_427' title='bbox 1823 3637 2171 3731; x_wconf 82' lang='lat' dir='ltr'><strong>protecto&#39;magnum</strong></span> <span class='ocrx_word' id='word_1_428' title='bbox 2194 3666 2289 3715; x_wconf 78' lang='lat' dir='ltr'><strong>onais</strong></span> 
     </span>
     <span class='ocr_line' id='line_1_35' title="bbox 272 3731 2289 3823; baseline 0.005 -17"><span class='ocrx_word' id='word_1_429' title='bbox 272 3736 355 3806; x_wconf 89' lang='lat' dir='ltr'><strong>lunt</strong></span> <span class='ocrx_word' id='word_1_430' title='bbox 375 3736 465 3807; x_wconf 89' lang='lat' dir='ltr'><strong>alios</strong></span> <span class='ocrx_word' id='word_1_431' title='bbox 485 3736 530 3805; x_wconf 91' lang='lat' dir='ltr'><strong>ad</strong></span> <span class='ocrx_word' id='word_1_432' title='bbox 555 3734 745 3804; x_wconf 88' lang='lat' dir='ltr'><strong>seditiones</strong></span> <span class='ocrx_word' id='word_1_433' title='bbox 766 3735 977 3817; x_wconf 88' lang='lat' dir='ltr'><strong>movendas,</strong></span> <span class='ocrx_word' id='word_1_434' title='bbox 1008 3734 1097 3803; x_wconf 92' lang='lat' dir='ltr'><strong>alios</strong></span> <span class='ocrx_word' id='word_1_435' title='bbox 1124 3733 1168 3800; x_wconf 90' lang='lat' dir='ltr'><strong>ad</strong></span> <span class='ocrx_word' id='word_1_436' title='bbox 1191 3732 1256 3801; x_wconf 88' lang='lat' dir='ltr'><strong>ab·</strong></span> <span class='ocrx_word' id='word_1_437' title='bbox 1303 3733 1341 3801; x_wconf 92' lang='lat' dir='ltr'><strong>in</strong></span> <span class='ocrx_word' id='word_1_438' title='bbox 1355 3731 1554 3823; x_wconf 87' lang='lat' dir='ltr'><strong>Republica</strong></span> <span class='ocrx_word' id='word_1_439' title='bbox 1572 3736 1758 3811; x_wconf 88' lang='lat' dir='ltr'><strong>sustinent.</strong></span> <span class='ocrx_word' id='word_1_440' title='bbox 1807 3733 1857 3806; x_wconf 80' lang='lat' dir='ltr'><strong>tlt</strong></span> <span class='ocrx_word' id='word_1_441' title='bbox 1880 3743 2137 3814; x_wconf 85' lang='lat' dir='ltr'><strong>controversias</strong></span> <span class='ocrx_word' id='word_1_442' title='bbox 2157 3746 2289 3816; x_wconf 78' lang='lat' dir='ltr'><strong>diflici-</strong></span> 
     </span>
     <span class='ocr_line' id='line_1_36' title="bbox 272 3833 2286 3935; baseline 0.005 -27"><span class='ocrx_word' id='word_1_443' title='bbox 272 3838 380 3908; x_wconf 90' lang='lat' dir='ltr'><strong>aurda</strong></span> <span class='ocrx_word' id='word_1_444' title='bbox 403 3852 439 3909; x_wconf 91' lang='lat' dir='ltr'><strong>et</strong></span> <span class='ocrx_word' id='word_1_445' title='bbox 460 3835 656 3929; x_wconf 88' lang='lat' dir='ltr'><strong>perniciosa</strong></span> <span class='ocrx_word' id='word_1_446' title='bbox 678 3837 841 3925; x_wconf 90' lang='lat' dir='ltr'><strong>dogmata</strong></span> <span class='ocrx_word' id='word_1_447' title='bbox 863 3836 1077 3925; x_wconf 88' lang='lat' dir='ltr'><strong>spargenda,</strong></span> <span class='ocrx_word' id='word_1_448' title='bbox 1105 3847 1147 3905; x_wconf 88' lang='lat' dir='ltr'><strong>ut</strong></span> <span class='ocrx_word' id='word_1_449' title='bbox 1168 3833 1255 3904; x_wconf 88' lang='lat' dir='ltr'><strong>liant</strong></span> <span class='ocrx_word' id='word_1_450' title='bbox 1302 3834 1405 3904; x_wconf 90' lang='lat' dir='ltr'><strong>limas</strong></span> <span class='ocrx_word' id='word_1_451' title='bbox 1428 3835 1466 3903; x_wconf 88' lang='lat' dir='ltr'><strong>in</strong></span> <span class='ocrx_word' id='word_1_452' title='bbox 1487 3835 1566 3905; x_wconf 84' lang='lat' dir='ltr'><strong>foro</strong></span> <span class='ocrx_word' id='word_1_453' title='bbox 1588 3835 1807 3926; x_wconf 87' lang='lat' dir='ltr'><strong>diiudicant,</strong></span> <span class='ocrx_word' id='word_1_454' title='bbox 1847 3833 1884 3909; x_wconf 89' lang='lat' dir='ltr'><strong>hi</strong></span> <span class='ocrx_word' id='word_1_455' title='bbox 1909 3857 2036 3931; x_wconf 84' lang='lat' dir='ltr'><strong>regunt</strong></span> <span class='ocrx_word' id='word_1_456' title='bbox 2060 3848 2286 3935; x_wconf 86' lang='lat' dir='ltr'><strong>gravissimas</strong></span> 
     </span>
     <span class='ocr_line' id='line_1_37' title="bbox 271 3930 2286 4040; baseline 0.006 -31"><span class='ocrx_word' id='word_1_457' title='bbox 271 3939 425 4010; x_wconf 86' lang='lat' dir='ltr'><strong>maiores</strong></span> <span class='ocrx_word' id='word_1_458' title='bbox 447 3938 716 4009; x_wconf 91' lang='lat' dir='ltr'><strong>dilacerationes</strong></span> <span class='ocrx_word' id='word_1_459' title='bbox 734 3937 872 4026; x_wconf 90' lang='lat' dir='ltr'><strong>generis</strong></span> <span class='ocrx_word' id='word_1_460' title='bbox 887 3930 1054 4021; x_wconf 90' lang='lat' dir='ltr'><strong>hnmani,</strong></span> <span class='ocrx_word' id='word_1_461' title='bbox 1076 3937 1198 4005; x_wconf 89' lang='lat' dir='ltr'><strong>caedes</strong></span> <span class='ocrx_word' id='word_1_462' title='bbox 1219 3948 1255 4006; x_wconf 92' lang='lat' dir='ltr'><strong>et</strong></span> <span class='ocrx_word' id='word_1_463' title='bbox 1301 3935 1575 4006; x_wconf 87' lang='lat' dir='ltr'><strong>deliberationes</strong></span> <span class='ocrx_word' id='word_1_464' title='bbox 1598 3938 1635 4006; x_wconf 92' lang='lat' dir='ltr'><strong>in</strong></span> <span class='ocrx_word' id='word_1_465' title='bbox 1665 3941 1783 4021; x_wconf 90' lang='lat' dir='ltr'><strong>curia,</strong></span> <span class='ocrx_word' id='word_1_466' title='bbox 1806 3942 1967 4013; x_wconf 89' lang='lat' dir='ltr'><strong>debello</strong></span> <span class='ocrx_word' id='word_1_467' title='bbox 1990 3949 2091 4017; x_wconf 91' lang='lat' dir='ltr'><strong>etde</strong></span> <span class='ocrx_word' id='word_1_468' title='bbox 2114 3972 2221 4040; x_wconf 88' lang='lat' dir='ltr'><strong>paee,</strong></span> <span class='ocrx_word' id='word_1_469' title='bbox 2244 3974 2286 4022; x_wconf 86' lang='lat' dir='ltr'><strong>ac</strong></span> 
     </span>
     <span class='ocr_line' id='line_1_38' title="bbox 270 4037 2288 4143; baseline 0.004 -31"><span class='ocrx_word' id='word_1_470' title='bbox 270 4040 502 4126; x_wconf 84' lang='lat' dir='ltr'><strong>vastationes,</strong></span> <span class='ocrx_word' id='word_1_471' title='bbox 527 4056 561 4113; x_wconf 90' lang='lat' dir='ltr'><strong>et</strong></span> <span class='ocrx_word' id='word_1_472' title='bbox 578 4053 617 4111; x_wconf 88' lang='lat' dir='ltr'><strong>nt</strong></span> <span class='ocrx_word' id='word_1_473' title='bbox 633 4041 733 4110; x_wconf 90' lang='lat' dir='ltr'><strong>Deus</strong></span> <span class='ocrx_word' id='word_1_474' title='bbox 748 4039 972 4110; x_wconf 89' lang='lat' dir='ltr'><strong>contumeliis</strong></span> <span class='ocrx_word' id='word_1_475' title='bbox 990 4037 1184 4108; x_wconf 83' lang='lat' dir='ltr'><strong>adficiatur.</strong></span> <span class='ocrx_word' id='word_1_476' title='bbox 1302 4039 1496 4129; x_wconf 88' lang='lat' dir='ltr'><strong>plurimum</strong></span> <span class='ocrx_word' id='word_1_477' title='bbox 1518 4038 1624 4108; x_wconf 84' lang='lat' dir='ltr'><strong>refert</strong></span> <span class='ocrx_word' id='word_1_478' title='bbox 1644 4037 1895 4135; x_wconf 85' lang='lat' dir='ltr'><strong>Reipublicae,</strong></span> <span class='ocrx_word' id='word_1_479' title='bbox 1917 4045 1956 4113; x_wconf 93' lang='lat' dir='ltr'><strong>in</strong></span> <span class='ocrx_word' id='word_1_480' title='bbox 1978 4040 2046 4117; x_wconf 91' lang='lat' dir='ltr'><strong>hoc</strong></span> <span class='ocrx_word' id='word_1_481' title='bbox 2068 4051 2197 4122; x_wconf 90' lang='lat' dir='ltr'><strong>ordine</strong></span> <span class='ocrx_word' id='word_1_482' title='bbox 2220 4075 2288 4143; x_wconf 84' lang='lat' dir='ltr'><strong>gu-</strong></span> 
     </span>
     <span class='ocr_line' id='line_1_39' title="bbox 370 4135 2285 4242; baseline 0.006 -27"><span class='ocrx_word' id='word_1_483' title='bbox 370 4142 464 4215; x_wconf 88' lang='lat' dir='ltr'><strong>Cnm</strong></span> <span class='ocrx_word' id='word_1_484' title='bbox 480 4143 589 4235; x_wconf 85' lang='lat' dir='ltr'><strong>igitur</strong></span> <span class='ocrx_word' id='word_1_485' title='bbox 602 4141 836 4213; x_wconf 87' lang='lat' dir='ltr'><strong>certissimum</strong></span> <span class='ocrx_word' id='word_1_486' title='bbox 854 4141 918 4226; x_wconf 90' lang='lat' dir='ltr'><strong>sit,</strong></span> <span class='ocrx_word' id='word_1_487' title='bbox 942 4135 1007 4209; x_wconf 92' lang='lat' dir='ltr'><strong>bos</strong></span> <span class='ocrx_word' id='word_1_488' title='bbox 1024 4153 1140 4211; x_wconf 88' lang='lat' dir='ltr'><strong>tantos</strong></span> <span class='ocrx_word' id='word_1_489' title='bbox 1153 4140 1252 4210; x_wconf 83' lang='lat' dir='ltr'><strong>suro·</strong></span> <span class='ocrx_word' id='word_1_490' title='bbox 1301 4141 1506 4211; x_wconf 89' lang='lat' dir='ltr'><strong>bematores</strong></span> <span class='ocrx_word' id='word_1_491' title='bbox 1531 4141 1763 4215; x_wconf 87' lang='lat' dir='ltr'><strong>consiliorum</strong></span> <span class='ocrx_word' id='word_1_492' title='bbox 1799 4168 1874 4214; x_wconf 88' lang='lat' dir='ltr'><strong>esse</strong></span> <span class='ocrx_word' id='word_1_493' title='bbox 1903 4146 2000 4217; x_wconf 84' lang='lat' dir='ltr'><strong>viros</strong></span> <span class='ocrx_word' id='word_1_494' title='bbox 2026 4166 2119 4223; x_wconf 91' lang='lat' dir='ltr'><strong>recte</strong></span> <span class='ocrx_word' id='word_1_495' title='bbox 2149 4157 2285 4242; x_wconf 88' lang='lat' dir='ltr'><strong>doctos,</strong></span> 
     </span>
     <span class='ocr_line' id='line_1_40' title="bbox 270 4239 2285 4343; baseline 0.006 -28"><span class='ocrx_word' id='word_1_496' title='bbox 270 4264 327 4315; x_wconf 90' lang='lat' dir='ltr'><strong>res</strong></span> <span class='ocrx_word' id='word_1_497' title='bbox 342 4244 381 4313; x_wconf 91' lang='lat' dir='ltr'><strong>in</strong></span> <span class='ocrx_word' id='word_1_498' title='bbox 392 4240 578 4316; x_wconf 84' lang='lat' dir='ltr'><strong>haereticis</strong></span> <span class='ocrx_word' id='word_1_499' title='bbox 592 4257 628 4314; x_wconf 93' lang='lat' dir='ltr'><strong>et</strong></span> <span class='ocrx_word' id='word_1_500' title='bbox 642 4243 818 4315; x_wconf 89' lang='lat' dir='ltr'><strong>seditiosis</strong></span> <span class='ocrx_word' id='word_1_501' title='bbox 838 4239 1044 4312; x_wconf 88' lang='lat' dir='ltr'><strong>hominibus</strong></span> <span class='ocrx_word' id='word_1_502' title='bbox 1066 4266 1086 4312; x_wconf 88' lang='lat' dir='ltr'><strong>a</strong></span> <span class='ocrx_word' id='word_1_503' title='bbox 1106 4242 1252 4311; x_wconf 89' lang='lat' dir='ltr'><strong>diabolo</strong></span> <span class='ocrx_word' id='word_1_504' title='bbox 1300 4242 1422 4326; x_wconf 89' lang='lat' dir='ltr'><strong>iustos,</strong></span> <span class='ocrx_word' id='word_1_505' title='bbox 1441 4241 1740 4328; x_wconf 89' lang='lat' dir='ltr'><strong>timentesDenm,</strong></span> <span class='ocrx_word' id='word_1_506' title='bbox 1764 4248 1940 4338; x_wconf 90' lang='lat' dir='ltr'><strong>sapientes</strong></span> <span class='ocrx_word' id='word_1_507' title='bbox 1952 4263 1988 4320; x_wconf 90' lang='lat' dir='ltr'><strong>et</strong></span> <span class='ocrx_word' id='word_1_508' title='bbox 2003 4254 2098 4342; x_wconf 88' lang='lat' dir='ltr'><strong>pacis</strong></span> <span class='ocrx_word' id='word_1_509' title='bbox 2115 4271 2285 4343; x_wconf 88' lang='lat' dir='ltr'><strong>amantes,</strong></span> 
     </span>
     <span class='ocr_line' id='line_1_41' title="bbox 269 4343 2283 4449; baseline 0.006 -33"><span class='ocrx_word' id='word_1_510' title='bbox 269 4345 379 4425; x_wconf 88' lang='lat' dir='ltr'><strong>oriri,</strong></span> <span class='ocrx_word' id='word_1_511' title='bbox 403 4345 558 4437; x_wconf 90' lang='lat' dir='ltr'><strong>primum</strong></span> <span class='ocrx_word' id='word_1_512' title='bbox 575 4368 658 4415; x_wconf 85' lang='lat' dir='ltr'><strong>vera</strong></span> <span class='ocrx_word' id='word_1_513' title='bbox 680 4346 841 4416; x_wconf 91' lang='lat' dir='ltr'><strong>doctrina</strong></span> <span class='ocrx_word' id='word_1_514' title='bbox 864 4343 1037 4414; x_wconf 90' lang='lat' dir='ltr'><strong>divinitus</strong></span> <span class='ocrx_word' id='word_1_515' title='bbox 1056 4345 1185 4414; x_wconf 87' lang='lat' dir='ltr'><strong>tradita</strong></span> <span class='ocrx_word' id='word_1_516' title='bbox 1207 4348 1252 4414; x_wconf 92' lang='lat' dir='ltr'><strong>de</strong></span> <span class='ocrx_word' id='word_1_517' title='bbox 1299 4357 1334 4414; x_wconf 90' lang='lat' dir='ltr'><strong>et</strong></span> <span class='ocrx_word' id='word_1_518' title='bbox 1357 4369 1508 4438; x_wconf 81' lang='lat' dir='ltr'><strong>qtsornm</strong></span> <span class='ocrx_word' id='word_1_519' title='bbox 1531 4347 1721 4417; x_wconf 89' lang='lat' dir='ltr'><strong>sententias</strong></span> <span class='ocrx_word' id='word_1_520' title='bbox 1743 4363 1878 4420; x_wconf 88' lang='lat' dir='ltr'><strong>certum</strong></span> <span class='ocrx_word' id='word_1_521' title='bbox 1901 4350 1947 4421; x_wconf 89' lang='lat' dir='ltr'><strong>sit</strong></span> <span class='ocrx_word' id='word_1_522' title='bbox 1971 4376 2012 4421; x_wconf 86' lang='lat' dir='ltr'><strong>ex</strong></span> <span class='ocrx_word' id='word_1_523' title='bbox 2042 4356 2135 4426; x_wconf 88' lang='lat' dir='ltr'><strong>veris</strong></span> <span class='ocrx_word' id='word_1_524' title='bbox 2163 4358 2283 4449; x_wconf 84' lang='lat' dir='ltr'><strong>legum</strong></span> 
     </span>
     <span class='ocr_line' id='line_1_42' title="bbox 268 4446 2281 4539; baseline 0.009 -25"><span class='ocrx_word' id='word_1_525' title='bbox 268 4446 417 4539; x_wconf 89' lang='lat' dir='ltr'><strong>politico</strong></span> <span class='ocrx_word' id='word_1_526' title='bbox 435 4446 563 4516; x_wconf 89' lang='lat' dir='ltr'><strong>ordine</strong></span> <span class='ocrx_word' id='word_1_527' title='bbox 587 4460 620 4517; x_wconf 91' lang='lat' dir='ltr'><strong>et</strong></span> <span class='ocrx_word' id='word_1_528' title='bbox 645 4447 856 4535; x_wconf 88' lang='lat' dir='ltr'><strong>cogitatione</strong></span> <span class='ocrx_word' id='word_1_529' title='bbox 874 4447 921 4516; x_wconf 91' lang='lat' dir='ltr'><strong>de</strong></span> <span class='ocrx_word' id='word_1_530' title='bbox 940 4446 1100 4517; x_wconf 79' lang='lat' dir='ltr'><strong>fontibus</strong></span> <span class='ocrx_word' id='word_1_531' title='bbox 1122 4446 1252 4535; x_wconf 88' lang='lat' dir='ltr'><strong>legum,</strong></span> <span class='ocrx_word' id='word_1_532' title='bbox 1298 4446 1456 4515; x_wconf 84' lang='lat' dir='ltr'><strong>sontibus</strong></span> <span class='ocrx_word' id='word_1_533' title='bbox 1472 4460 1629 4536; x_wconf 90' lang='lat' dir='ltr'><strong>sumptas</strong></span> <span class='ocrx_word' id='word_1_534' title='bbox 1642 4472 1728 4519; x_wconf 88' lang='lat' dir='ltr'><strong>esse.</strong></span> <span class='ocrx_word' id='word_1_535' title='bbox 1777 4448 1884 4520; x_wconf 87' lang='lat' dir='ltr'><strong>Tales</strong></span> <span class='ocrx_word' id='word_1_536' title='bbox 1900 4446 2089 4526; x_wconf 88' lang='lat' dir='ltr'><strong>habuimus</strong></span> <span class='ocrx_word' id='word_1_537' title='bbox 2103 4481 2227 4531; x_wconf 89' lang='lat' dir='ltr'><strong>recens</strong></span> <span class='ocrx_word' id='word_1_538' title='bbox 2242 4462 2281 4532; x_wconf 91' lang='lat' dir='ltr'><strong>in</strong></span> 
     </span>
     <span class='ocr_line' id='line_1_43' title="bbox 266 4542 2283 4646; baseline 0.007 -29"><span class='ocrx_word' id='word_1_539' title='bbox 266 4546 455 4617; x_wconf 89' lang='lat' dir='ltr'><strong>muniendi</strong></span> <span class='ocrx_word' id='word_1_540' title='bbox 475 4561 559 4618; x_wconf 90' lang='lat' dir='ltr'><strong>sunt</strong></span> <span class='ocrx_word' id='word_1_541' title='bbox 582 4547 712 4633; x_wconf 90' lang='lat' dir='ltr'><strong>animi,</strong></span> <span class='ocrx_word' id='word_1_542' title='bbox 746 4549 1005 4618; x_wconf 87' lang='lat' dir='ltr'><strong>etdiscendum</strong></span> <span class='ocrx_word' id='word_1_543' title='bbox 1027 4560 1098 4633; x_wconf 90' lang='lat' dir='ltr'><strong>est,</strong></span> <span class='ocrx_word' id='word_1_544' title='bbox 1137 4547 1248 4636; x_wconf 88' lang='lat' dir='ltr'><strong>legem</strong></span> <span class='ocrx_word' id='word_1_545' title='bbox 1298 4542 1364 4617; x_wconf 87' lang='lat' dir='ltr'><strong>hac</strong></span> <span class='ocrx_word' id='word_1_546' title='bbox 1380 4547 1522 4637; x_wconf 86' lang='lat' dir='ltr'><strong>regione</strong></span> <span class='ocrx_word' id='word_1_547' title='bbox 1537 4550 1627 4619; x_wconf 87' lang='lat' dir='ltr'><strong>dnos</strong></span> <span class='ocrx_word' id='word_1_548' title='bbox 1641 4550 1736 4621; x_wconf 87' lang='lat' dir='ltr'><strong>viros</strong></span> <span class='ocrx_word' id='word_1_549' title='bbox 1751 4552 1959 4624; x_wconf 84' lang='lat' dir='ltr'><strong>excellentes</strong></span> <span class='ocrx_word' id='word_1_550' title='bbox 1973 4559 2185 4646; x_wconf 87' lang='lat' dir='ltr'><strong>eruditione,</strong></span> <span class='ocrx_word' id='word_1_551' title='bbox 2207 4563 2283 4633; x_wconf 81' lang='lat' dir='ltr'><strong>vir·</strong></span> 
     </span>
     <span class='ocr_line' id='line_1_44' title="bbox 266 4645 2280 4749; baseline 0.007 -28"><span class='ocrx_word' id='word_1_552' title='bbox 266 4672 342 4721; x_wconf 88' lang='lat' dir='ltr'><strong>esse</strong></span> <span class='ocrx_word' id='word_1_553' title='bbox 357 4645 424 4719; x_wconf 92' lang='lat' dir='ltr'><strong>Dei</strong></span> <span class='ocrx_word' id='word_1_554' title='bbox 437 4648 667 4741; x_wconf 87' lang='lat' dir='ltr'><strong>sapientiam,</strong></span> <span class='ocrx_word' id='word_1_555' title='bbox 700 4661 734 4719; x_wconf 90' lang='lat' dir='ltr'><strong>et</strong></span> <span class='ocrx_word' id='word_1_556' title='bbox 755 4650 793 4718; x_wconf 95' lang='lat' dir='ltr'><strong>in</strong></span> <span class='ocrx_word' id='word_1_557' title='bbox 816 4649 894 4741; x_wconf 90' lang='lat' dir='ltr'><strong>ipso</strong></span> <span class='ocrx_word' id='word_1_558' title='bbox 910 4647 1087 4738; x_wconf 89' lang='lat' dir='ltr'><strong>Decalogo</strong></span> <span class='ocrx_word' id='word_1_559' title='bbox 1109 4672 1249 4737; x_wconf 87' lang='lat' dir='ltr'><strong>expres-</strong></span> <span class='ocrx_word' id='word_1_560' title='bbox 1296 4662 1391 4729; x_wconf 86' lang='lat' dir='ltr'><strong>tute,</strong></span> <span class='ocrx_word' id='word_1_561' title='bbox 1422 4649 1615 4738; x_wconf 87' lang='lat' dir='ltr'><strong>sapientia,</strong></span> <span class='ocrx_word' id='word_1_562' title='bbox 1646 4646 1834 4723; x_wconf 88' lang='lat' dir='ltr'><strong>Doctorem</strong></span> <span class='ocrx_word' id='word_1_563' title='bbox 1850 4651 2109 4749; x_wconf 84' lang='lat' dir='ltr'><strong>Hieronymum</strong></span> <span class='ocrx_word' id='word_1_564' title='bbox 2129 4659 2280 4736; x_wconf 82' lang='lat' dir='ltr'><strong>Schnrs·</strong></span> 
     </span>
     <span class='ocr_line' id='line_1_45' title="bbox 265 4749 2281 4858; baseline 0.004 -37"><span class='ocrx_word' id='word_1_565' title='bbox 265 4776 361 4835; x_wconf 74' lang='lat' dir='ltr'><strong>nm,</strong></span> <span class='ocrx_word' id='word_1_566' title='bbox 386 4764 422 4823; x_wconf 88' lang='lat' dir='ltr'><strong>et</strong></span> <span class='ocrx_word' id='word_1_567' title='bbox 437 4772 540 4845; x_wconf 84' lang='lat' dir='ltr'><strong>saepe</strong></span> <span class='ocrx_word' id='word_1_568' title='bbox 557 4751 742 4844; x_wconf 85' lang='lat' dir='ltr'><strong>repetitam</strong></span> <span class='ocrx_word' id='word_1_569' title='bbox 764 4750 964 4821; x_wconf 86' lang='lat' dir='ltr'><strong>illustribus</strong></span> <span class='ocrx_word' id='word_1_570' title='bbox 978 4751 1188 4822; x_wconf 89' lang='lat' dir='ltr'><strong>testimoniis</strong></span> <span class='ocrx_word' id='word_1_571' title='bbox 1207 4751 1246 4820; x_wconf 91' lang='lat' dir='ltr'><strong>in</strong></span> <span class='ocrx_word' id='word_1_572' title='bbox 1295 4751 1380 4820; x_wconf 81' lang='lat' dir='ltr'><strong>bum</strong></span> <span class='ocrx_word' id='word_1_573' title='bbox 1407 4765 1441 4821; x_wconf 87' lang='lat' dir='ltr'><strong>et</strong></span> <span class='ocrx_word' id='word_1_574' title='bbox 1457 4749 1645 4822; x_wconf 90' lang='lat' dir='ltr'><strong>Doctorem</strong></span> <span class='ocrx_word' id='word_1_575' title='bbox 1665 4751 1887 4825; x_wconf 84' lang='lat' dir='ltr'><strong>Lndoricnm</strong></span> <span class='ocrx_word' id='word_1_576' title='bbox 1913 4755 2121 4848; x_wconf 83' lang='lat' dir='ltr'><strong>Fachsium,</strong></span> <span class='ocrx_word' id='word_1_577' title='bbox 2156 4767 2221 4858; x_wconf 85' lang='lat' dir='ltr'><strong>qui</strong></span> <span class='ocrx_word' id='word_1_578' title='bbox 2244 4781 2281 4839; x_wconf 78' lang='lat' dir='ltr'><strong>aa</strong></span> 
     </span>
     <span class='ocr_line' id='line_1_46' title="bbox 261 4846 2280 4954; baseline 0.006 -30"><span class='ocrx_word' id='word_1_579' title='bbox 261 4852 442 4938; x_wconf 77' lang='lat' dir='ltr'><strong>Ecclesia,</strong></span> <span class='ocrx_word' id='word_1_580' title='bbox 465 4867 501 4925; x_wconf 90' lang='lat' dir='ltr'><strong>et</strong></span> <span class='ocrx_word' id='word_1_581' title='bbox 517 4848 787 4924; x_wconf 87' lang='lat' dir='ltr'><strong>insitamaDeo</strong></span> <span class='ocrx_word' id='word_1_582' title='bbox 801 4846 967 4922; x_wconf 88' lang='lat' dir='ltr'><strong>humanis</strong></span> <span class='ocrx_word' id='word_1_583' title='bbox 982 4853 1180 4938; x_wconf 90' lang='lat' dir='ltr'><strong>mentibus,</strong></span> <span class='ocrx_word' id='word_1_584' title='bbox 1204 4866 1246 4924; x_wconf 88' lang='lat' dir='ltr'><strong>nt</strong></span> <span class='ocrx_word' id='word_1_585' title='bbox 1294 4853 1436 4923; x_wconf 88' lang='lat' dir='ltr'><strong>oracula</strong></span> <span class='ocrx_word' id='word_1_586' title='bbox 1465 4853 1609 4926; x_wconf 86' lang='lat' dir='ltr'><strong>fuerunt</strong></span> <span class='ocrx_word' id='word_1_587' title='bbox 1639 4855 1678 4922; x_wconf 91' lang='lat' dir='ltr'><strong>in</strong></span> <span class='ocrx_word' id='word_1_588' title='bbox 1705 4856 1913 4929; x_wconf 80' lang='lat' dir='ltr'><strong>difficilimis</strong></span> <span class='ocrx_word' id='word_1_589' title='bbox 1934 4863 2203 4954; x_wconf 84' lang='lat' dir='ltr'><strong>controversiis,</strong></span> <span class='ocrx_word' id='word_1_590' title='bbox 2241 4882 2280 4940; x_wconf 87' lang='lat' dir='ltr'><strong>et</strong></span> 
     </span>
     <span class='ocr_line' id='line_1_47' title="bbox 260 4952 2282 5064; baseline 0.005 -39"><span class='ocrx_word' id='word_1_591' title='bbox 260 4966 408 5036; x_wconf 72' lang='lat' dir='ltr'><strong>testator</strong></span> <span class='ocrx_word' id='word_1_592' title='bbox 420 4976 496 5025; x_wconf 88' lang='lat' dir='ltr'><strong>esse</strong></span> <span class='ocrx_word' id='word_1_593' title='bbox 510 4954 641 5041; x_wconf 88' lang='lat' dir='ltr'><strong>Deum,</strong></span> <span class='ocrx_word' id='word_1_594' title='bbox 666 4978 708 5025; x_wconf 90' lang='lat' dir='ltr'><strong>ae</strong></span> <span class='ocrx_word' id='word_1_595' title='bbox 721 4956 884 5025; x_wconf 89' lang='lat' dir='ltr'><strong>ostendat</strong></span> <span class='ocrx_word' id='word_1_596' title='bbox 896 4952 1013 5048; x_wconf 86' lang='lat' dir='ltr'><strong>qualis</strong></span> <span class='ocrx_word' id='word_1_597' title='bbox 1027 4953 1092 5040; x_wconf 89' lang='lat' dir='ltr'><strong>sit,</strong></span> <span class='ocrx_word' id='word_1_598' title='bbox 1116 4955 1244 5024; x_wconf 88' lang='lat' dir='ltr'><strong>videli·</strong></span> <span class='ocrx_word' id='word_1_599' title='bbox 1293 4956 1453 5025; x_wconf 89' lang='lat' dir='ltr'><strong>docendo</strong></span> <span class='ocrx_word' id='word_1_600' title='bbox 1472 4954 1588 5046; x_wconf 88' lang='lat' dir='ltr'><strong>legum</strong></span> <span class='ocrx_word' id='word_1_601' title='bbox 1604 4957 1803 5028; x_wconf 90' lang='lat' dir='ltr'><strong>doctrinam</strong></span> <span class='ocrx_word' id='word_1_602' title='bbox 1820 4963 1863 5029; x_wconf 92' lang='lat' dir='ltr'><strong>ad</strong></span> <span class='ocrx_word' id='word_1_603' title='bbox 1886 4965 2124 5053; x_wconf 87' lang='lat' dir='ltr'><strong>posteritatem</strong></span> <span class='ocrx_word' id='word_1_604' title='bbox 2144 4993 2282 5064; x_wconf 86' lang='lat' dir='ltr'><strong>propa-</strong></span> 
     </span>
     <span class='ocr_line' id='line_1_48' title="bbox 258 5056 1473 5147; baseline -0.003 -19"><span class='ocrx_word' id='word_1_605' title='bbox 258 5071 314 5138; x_wconf 70' lang='lat' dir='ltr'><strong>eat</strong></span> <span class='ocrx_word' id='word_1_606' title='bbox 329 5057 486 5147; x_wconf 85' lang='lat' dir='ltr'><strong>sapiens,</strong></span> <span class='ocrx_word' id='word_1_607' title='bbox 511 5080 628 5141; x_wconf 82' lang='lat' dir='ltr'><strong>verax,</strong></span> <span class='ocrx_word' id='word_1_608' title='bbox 651 5056 838 5141; x_wconf 81' lang='lat' dir='ltr'><strong>beneficus,</strong></span> <span class='ocrx_word' id='word_1_609' title='bbox 862 5056 987 5140; x_wconf 89' lang='lat' dir='ltr'><strong>iustos,</strong></span> <span class='ocrx_word' id='word_1_610' title='bbox 1011 5072 1136 5140; x_wconf 90' lang='lat' dir='ltr'><strong>castus,</strong></span> <span class='ocrx_word' id='word_1_611' title='bbox 1161 5056 1243 5124; x_wconf 85' lang='lat' dir='ltr'><strong>vin-</strong></span> <span class='ocrx_word' id='word_1_612' title='bbox 1291 5070 1473 5145; x_wconf 85' lang='lat' dir='ltr'><strong>gavsmnt.</strong></span> 
     </span>
     <span class='ocr_line' id='line_1_49' title="bbox 256 5155 2276 5262; baseline 0.01 -36"><span class='ocrx_word' id='word_1_613' title='bbox 256 5168 325 5238; x_wconf 70' lang='lat' dir='ltr'><strong>dex</strong></span> <span class='ocrx_word' id='word_1_614' title='bbox 345 5159 527 5232; x_wconf 88' lang='lat' dir='ltr'><strong>scelernm.</strong></span> <span class='ocrx_word' id='word_1_615' title='bbox 578 5155 651 5229; x_wconf 87' lang='lat' dir='ltr'><strong>Nee</strong></span> <span class='ocrx_word' id='word_1_616' title='bbox 672 5158 770 5228; x_wconf 90' lang='lat' dir='ltr'><strong>alind</strong></span> <span class='ocrx_word' id='word_1_617' title='bbox 790 5170 843 5228; x_wconf 91' lang='lat' dir='ltr'><strong>est</strong></span> <span class='ocrx_word' id='word_1_618' title='bbox 866 5159 905 5228; x_wconf 90' lang='lat' dir='ltr'><strong>in</strong></span> <span class='ocrx_word' id='word_1_619' title='bbox 928 5170 1002 5230; x_wconf 85' lang='lat' dir='ltr'><strong>tota</strong></span> <span class='ocrx_word' id='word_1_620' title='bbox 1026 5157 1154 5228; x_wconf 87' lang='lat' dir='ltr'><strong>mundi</strong></span> <span class='ocrx_word' id='word_1_621' title='bbox 1175 5180 1241 5227; x_wconf 91' lang='lat' dir='ltr'><strong>na·</strong></span> <span class='ocrx_word' id='word_1_622' title='bbox 1393 5155 1544 5228; x_wconf 80' lang='lat' dir='ltr'><strong>Talibus</strong></span> <span class='ocrx_word' id='word_1_623' title='bbox 1563 5158 1650 5229; x_wconf 81' lang='lat' dir='ltr'><strong>viris</strong></span> <span class='ocrx_word' id='word_1_624' title='bbox 1673 5183 1754 5231; x_wconf 89' lang='lat' dir='ltr'><strong>cum</strong></span> <span class='ocrx_word' id='word_1_625' title='bbox 1774 5165 1898 5238; x_wconf 83' lang='lat' dir='ltr'><strong>orbata</strong></span> <span class='ocrx_word' id='word_1_626' title='bbox 1921 5167 1967 5238; x_wconf 91' lang='lat' dir='ltr'><strong>sit</strong></span> <span class='ocrx_word' id='word_1_627' title='bbox 1980 5165 2216 5262; x_wconf 83' lang='lat' dir='ltr'><strong>Respublica,</strong></span> <span class='ocrx_word' id='word_1_628' title='bbox 2239 5189 2276 5247; x_wconf 90' lang='lat' dir='ltr'><strong>et</strong></span> 
     </span>
     <span class='ocr_line' id='line_1_50' title="bbox 255 5252 2276 5360; baseline 0.009 -32"><span class='ocrx_word' id='word_1_629' title='bbox 255 5282 335 5341; x_wconf 64' lang='lat' dir='ltr'><strong>mea</strong></span> <span class='ocrx_word' id='word_1_630' title='bbox 357 5260 530 5331; x_wconf 88' lang='lat' dir='ltr'><strong>illustrius</strong></span> <span class='ocrx_word' id='word_1_631' title='bbox 551 5260 794 5330; x_wconf 86' lang='lat' dir='ltr'><strong>testimoninm</strong></span> <span class='ocrx_word' id='word_1_632' title='bbox 816 5255 970 5339; x_wconf 87' lang='lat' dir='ltr'><strong>deDeo,</strong></span> <span class='ocrx_word' id='word_1_633' title='bbox 995 5283 1101 5353; x_wconf 90' lang='lat' dir='ltr'><strong>quam</strong></span> <span class='ocrx_word' id='word_1_634' title='bbox 1118 5252 1157 5328; x_wconf 93' lang='lat' dir='ltr'><strong>bi</strong></span> <span class='ocrx_word' id='word_1_635' title='bbox 1180 5281 1239 5329; x_wconf 86' lang='lat' dir='ltr'><strong>ra·</strong></span> <span class='ocrx_word' id='word_1_636' title='bbox 1289 5282 1369 5329; x_wconf 88' lang='lat' dir='ltr'><strong>cum</strong></span> <span class='ocrx_word' id='word_1_637' title='bbox 1391 5283 1457 5329; x_wconf 92' lang='lat' dir='ltr'><strong>nos</strong></span> <span class='ocrx_word' id='word_1_638' title='bbox 1486 5258 1557 5351; x_wconf 92' lang='lat' dir='ltr'><strong>ipsi</strong></span> <span class='ocrx_word' id='word_1_639' title='bbox 1580 5264 1868 5354; x_wconf 88' lang='lat' dir='ltr'><strong>praeceptoribus</strong></span> <span class='ocrx_word' id='word_1_640' title='bbox 1885 5269 1992 5340; x_wconf 89' lang='lat' dir='ltr'><strong>tantis</strong></span> <span class='ocrx_word' id='word_1_641' title='bbox 2010 5273 2125 5343; x_wconf 84' lang='lat' dir='ltr'><strong>orbati</strong></span> <span class='ocrx_word' id='word_1_642' title='bbox 2151 5277 2276 5360; x_wconf 89' lang='lat' dir='ltr'><strong>simus,</strong></span> 
     </span>
     <span class='ocr_line' id='line_1_51' title="bbox 251 5356 2273 5470; baseline 0.006 -39"><span class='ocrx_word' id='word_1_643' title='bbox 251 5370 305 5444; x_wconf 65' lang='lat' dir='ltr'><strong>&lt;tii</strong></span> <span class='ocrx_word' id='word_1_644' title='bbox 318 5362 510 5454; x_wconf 86' lang='lat' dir='ltr'><strong>sapientiae</strong></span> <span class='ocrx_word' id='word_1_645' title='bbox 523 5361 667 5434; x_wconf 80' lang='lat' dir='ltr'><strong>divinae</strong></span> <span class='ocrx_word' id='word_1_646' title='bbox 679 5362 718 5433; x_wconf 91' lang='lat' dir='ltr'><strong>in</strong></span> <span class='ocrx_word' id='word_1_647' title='bbox 732 5361 912 5435; x_wconf 83' lang='lat' dir='ltr'><strong>mentibus</strong></span> <span class='ocrx_word' id='word_1_648' title='bbox 926 5356 1107 5454; x_wconf 87' lang='lat' dir='ltr'><strong>humanis,</strong></span> <span class='ocrx_word' id='word_1_649' title='bbox 1131 5384 1237 5435; x_wconf 83' lang='lat' dir='ltr'><strong>mon·</strong></span> <span class='ocrx_word' id='word_1_650' title='bbox 1285 5382 1426 5455; x_wconf 71' lang='lat' dir='ltr'><strong>gram</strong></span> <span class='ocrx_word' id='word_1_651' title='bbox 1443 5383 1583 5457; x_wconf 67' lang='lat' dir='ltr'><strong>mnsam</strong></span> <span class='ocrx_word' id='word_1_652' title='bbox 1602 5363 1740 5437; x_wconf 88' lang='lat' dir='ltr'><strong>doloris</strong></span> <span class='ocrx_word' id='word_1_653' title='bbox 1764 5360 1945 5447; x_wconf 83' lang='lat' dir='ltr'><strong>babemus.</strong></span> <span class='ocrx_word' id='word_1_654' title='bbox 1997 5370 2068 5445; x_wconf 89' lang='lat' dir='ltr'><strong>Sed</strong></span> <span class='ocrx_word' id='word_1_655' title='bbox 2094 5376 2178 5470; x_wconf 88' lang='lat' dir='ltr'><strong>qnia</strong></span> <span class='ocrx_word' id='word_1_656' title='bbox 2193 5374 2273 5452; x_wconf 71' lang='lat' dir='ltr'><strong>Dan</strong></span> 
     </span>
    </p>
   </div>
   <div class='ocr_carea' id='block_1_3' title="bbox 0 0 2344 6038">
    <p class='ocr_par' dir='ltr' id='par_1_3' title="bbox 0 0 2344 6038">
     <span class='ocr_line' id='line_1_52' title="bbox 0 0 2344 6038; baseline 0 1"><span class='ocrx_word' id='word_1_657' title='bbox 0 0 2344 6038; x_wconf 95' lang='lat' dir='ltr'><strong> </strong></span> 
     </span>
    </p>
   </div>
  </div>
 </body>
</html>
