4680 6038
729 202 886 287 neu
917 191 993 269 nn
1024 180 1329 295 nuoovrco
1358 172 1617 252 ravano,
2105 182 2186 258 m.

410 436 438 479 ,.
457 388 747 501 „Wfflmttun
780 363 1028 443 Conscientiae
1044 359 1140 429 enim
1192 324 1358 436 retinuit,
1394 365 1428 420 et
1458 373 1577 442 pacem
1603 353 1641 421 in
1659 349 1851 421 Germania
1877 355 2050 429 defendit.
2107 352 2178 428 Lu.

289 540 349 643 ,N
397 534 421 573 ·.
448 504 696 575 *gu-,usust
710 472 989 547 adducebantur.
1042 458 1142 529 Facit
1193 451 1347 547 dolpbus
1360 451 1567 523 Austriacus
1579 479 1658 524 cum
1675 455 1804 547 passim
1819 459 1986 531 excitaret
1998 458 2178 543 tumultus,

276 642 279 647 .
382 600 423 675 a„
446 628 520 667 ,Ἡ
541 586 737 657 strenuius
756 572 930 645 amandus
950 567 1143 643 decretum,
1195 584 1258 628 nec
1281 571 1399 629 tamen
1416 555 1601 626 Ludovico
1624 582 1688 648 par
1711 572 1817 642 esset,
1845 565 1987 631 tandem
2004 558 2180 652 Argento-

180 642 323 755 'Mis
358 644 386 717 ⁸·
407 642 498 769 „mi
524 682 714 773 ,mium
746 690 787 747 ut
809 676 965 761 deponat
986 663 1143 752 diguita—
1194 662 1261 730 rati
1287 673 1383 731 nauta
1407 671 1523 726 mente
1546 662 1720 730 extinctus
1743 675 1805 730 est.
1868 662 2036 735 ltaDeus
2056 663 2181 734 acerri-

188 780 236 871 .,.“
288 808 315 873 t,
360 738 565 867 -ιῖιικιιιι,
590 736 1170 875 etlpsusustomneseiobtem-¹
1198 786 1273 833 mos
1307 756 1426 832 hostes
1454 760 1629 832 Ludovici
1655 760 1898 853 singularibus
1926 766 2100 859 exemplis
2129 788 2180 836 re·

225 944 271 969 ..ι
296 950 310 967 ..
336 918 430 969 auu
454 922 495 967 ca
522 884 699 963 tortulae
720 870 990 950 communione,
1015 882 1058 939 ut
1078 891 1145 936 no·
1197 863 1333 959 pressit.
1884 878 1891 895 ’

166 1048 183 1073 Ι,
198 960 224 1073 'u
239 956 308 1073 .an
321 1044 336 1063 ..
1300 965 1438 1056 Quarto
1455 967 1564 1056 igitur
1577 990 1671 1037 anno
1689 983 1767 1060 post
1782 967 1965 1037 victoriam
1983 966 2187 1045 Ludoviens·

152 1058 158 1075 Ι
256 1104 365 1173 lunio
394 1094 524 1171 ,barrit
554 1082 715 1159 Pontifex
741 1073 925 1145 Ludovico
955 1067 1042 1140 haec
1073 1071 1145 1139 duo
1197 1070 1235 1138 in
1255 1067 1391 1139 ltaliam
1412 1069 1663 1160 proficiscitur,
1688 1069 1753 1141 ubi
1768 1083 1841 1141 toto
1855 1071 2014 1140 triennio
2030 1094 2182 1143 commo·

195 1240 303 1275 mm..
365 1218 520 1289 μιιιιιιιιι
553 1186 647 1281 spraud
683 1156 849 1247 Galeacio
882 1172 1145 1245 Mediolanensi
1198 1186 1313 1258 ratur,
1337 1197 1458 1264 pacem
1474 1173 1511 1240 in
1529 1172 1679 1242 urbibus
1694 1173 1821 1265 passim
1837 1173 2003 1245 restituit.
2050 1170 2183 1246 Romu

154 1250 755 1379 ..tin·titiruscotttrapoutificios.
806 1277 1024 1361 Secundum,
1050 1277 1145 1369 qood
1198 1288 1315 1344 autem
1339 1277 1382 1344 ad
1408 1272 1671 1361 Cardinalium,
1710 1273 1969 1366 Episcoporum
1993 1288 2030 1345 et
2054 1276 2183 1367 praeci·

156 1352 318 1483 ..i-ndum
335 1382 778 1479 attribuamusallomano
795 1377 966 1449 Pontifice
982 1402 1088 1448 ausus
1103 1378 1148 1447 sit
1199 1400 1351 1469 puorum
1374 1378 1533 1446 virorum
1556 1390 1712 1462 coetum,
1748 1378 1878 1447 deinde
1901 1392 1935 1448 et
1959 1380 2054 1470 apud
2079 1377 2183 1451 Sena-

156 1464 199 1585 ii.
212 1540 267 1581 ese
288 1494 512 1595 inspueturis
533 1486 659 1558 officia.
712 1480 916 1572 Respondit
942 1481 1046 1551 initio
1069 1505 1148 1548 mo·
1201 1494 1296 1564 tum,
1322 1479 1361 1547 in
1384 1503 1455 1572 quo
1473 1501 1656 1548 consessus
1674 1480 1742 1551 fuit
1757 1481 2011 1571 praestantium
2028 1481 2183 1552 virorum

156 1618 277 1685 ,imin
296 1598 496 1677 laulocicus
512 1613 548 1659 se
564 1588 603 1656 in
621 1586 793 1656 electione
807 1584 958 1663 iurasse,
984 1574 1149 1652 defensoss
1200 1607 1241 1652 ex
1269 1581 1412 1651 familiis
1442 1579 1651 1672 Principum
1679 1579 1910 1653 Columnensi
1939 1597 1974 1652 et
1995 1582 2184 1656 Ursinaet

159 1742 233 1789 wi„
264 1734 299 1779 so
332 1706 407 1773 lore
430 1692 607 1773 iusticiae,
643 1689 723 1758 ideo
748 1684 955 1755 Galeacium
982 1686 1020 1754 in
1044 1709 1147 1754 causa
1200 1684 1297 1768 aliis,
1331 1683 1490 1774 exposuit
1520 1683 1686 1769 iniurias,
1718 1685 1848 1778 quibus
1876 1687 2037 1757 adfectus
2067 1700 2184 1759 erata

158 1822 248 1887 iusta
265 1836 283 1877 a
299 1830 334 1873 so
350 1801 533 1869 defensum
549 1814 641 1875 esse,
667 1790 797 1858 deinde
812 1789 934 1856 eodem
949 1788 1147 1858 iuramento
1201 1781 1361 1855 Iohanne
1384 1784 1560 1855 Vicesimo
1587 1789 1752 1856 secundo.
1803 1786 1876 1856 Nec
1900 1789 2000 1879 prius
2025 1788 2184 1859 coronari

158 1942 194 1985 so
225 1901 396 1993 oldigari,
427 1911 468 1966 ut
490 1895 621 1963 electus
644 1892 748 1961 faciat
773 1889 1000 1980 Imperatoris
1023 1890 1148 1959 officia.
1200 1889 1332 1972 voluit,
1358 1912 1463 1982 quam
1487 1888 1716 1959 intellexisset
1740 1914 1799 1958 eos
1824 1892 1974 1981 probare
1996 1903 2034 1961 et
2049 1916 2185 1962 causant

160 2016 242 2089 talou
266 2006 362 2075 euim
388 2002 426 2068 fit
447 1997 592 2077 electio,
618 2009 658 2064 ut
674 2008 789 2062 certus
806 1993 851 2062 sit
866 1994 1031 2061 defensor
1045 1993 1148 2062 iusti·
1200 2014 1299 2060 suam
1322 2004 1355 2061 et
1378 1991 1596 2060 voluntatem
1622 2015 1700 2081 erga
1724 1990 1918 2061 Ecclesiam
1933 1992 2121 2085 Rempub.
2139 2016 2185 2063 se-

157 2114 230 2185 clus
251 2122 286 2179 rt
307 2115 425 2174 custos
446 2099 541 2190 pacis
564 2097 602 2165 in
626 2096 795 2166 omnibus
812 2095 1034 2184 regionibus,
1060 2121 1149 2189 qua·
1201 2116 1269 2187 que
1283 2094 1491 2165 ostendebat
1505 2094 1677 2162 iudicium
1696 2093 1768 2164 illis
1786 2095 2008 2186 permittere,
2031 2120 2125 2190 quos
2138 2096 2186 2167 iu·

159 2238 238 2286 rum
256 2203 413 2278 defensio
434 2198 644 2290 Imperatori
661 2198 906 2268 commendata
926 2212 993 2280 est,
1020 2212 1054 2267 et
1071 2199 1148 2286 cogi
1199 2196 1332 2265 dicaret
1356 2208 1524 2290 tanquam
1543 2194 1728 2289 Synodum
1752 2221 1843 2278 esse,
1867 2198 1952 2291 quia
1975 2199 2188 2283 eruditione,

159 2314 326 2387 snossdato
344 2304 468 2376 divino
483 2303 680 2396 quamlibet
697 2313 901 2389 potestatem
919 2324 981 2369 suo
1000 2301 1076 2368 loco
1094 2301 1146 2369 fa·
1200 2298 1372 2389 sapientia
1397 2313 1431 2368 et
1452 2298 1583 2368 virtute
1605 2298 1832 2386 excellerent,
1865 2313 1901 2370 et
1925 2301 2087 2391 ipsorum
2111 2324 2187 2371 sen·

157 2438 235 2489 cere
265 2434 325 2494 ea,
360 2428 451 2498 quae
483 2417 566 2473 suut
587 2404 641 2472 sui
667 2402 786 2474 officii.
845 2400 917 2470 Nec
942 2414 1147 2492 potestatem
1200 2400 1328 2471 tentias
1352 2423 1387 2468 se
1412 2400 1469 2493 pie
1494 2414 1695 2470 secuturum
1717 2424 1799 2473 esse.
1867 2400 2187 2474 Adfirmabatam·

157 2511 302 2609 gerendi
324 2507 435 2600 gladii
458 2505 536 2574 dari
559 2503 784 2588 aPontiface,
810 2504 871 2572 sed
895 2502 1024 2588 aDeo,
1050 2505 1147 2576 iuxta
1199 2502 1307 2593 plecti
1338 2526 1375 2572 se
1397 2516 1598 2573 constanter
1622 2504 1822 2574 doctrinam
1848 2499 2042 2577 catholicae
2062 2500 2183 2576 Eccle-

156 2620 308 2691 dictum:
335 2608 451 2699 Reges
467 2606 627 2698 gentium
642 2605 892 2690 dominantur,
918 2632 980 2676 vos
999 2632 1072 2676 non
1088 2608 1146 2680 sic.
1199 2605 1272 2674 siae
1287 2603 1375 2690 Dei,
1401 2619 1437 2676 et
1458 2629 1494 2675 se
1519 2605 1668 2676 maxime
1689 2630 1827 2698 semper
1851 2621 1990 2699 optasse
2014 2619 2048 2679 et
2067 2621 2186 2701 optare

159 2720 244 2792 Ideo
268 2713 447 2795 adfirmat,
480 2733 517 2779 se
535 2732 599 2778 nec
617 2731 717 2800 posse
734 2732 798 2776 nec
813 2708 903 2777 velle
921 2709 1110 2800 imperium
1128 2734 1147 2779 a
1199 2708 1674 2783 communemconcordiam.

155 2822 232 2896 Deo
249 2818 372 2887 datum
387 2814 582 2904 deponere,
608 2812 721 2880 donec
737 2806 834 2880 Deus
850 2833 931 2880 eum
945 2811 984 2880 in
1001 2806 1064 2881 hac
1079 2813 1146 2880 mi·
1300 2807 1360 2879 Ad
1375 2805 1462 2895 hec
1478 2825 1512 2881 et
1530 2811 1802 2883 ecclesiasticum
1820 2812 2010 2904 collegium
2026 2827 2065 2885 et
2081 2810 2187 2884 sena-

157 2922 236 2992 litia
260 2916 393 2987 servire
414 2915 512 2988 velit.
572 2909 669 2982 llaec
692 2911 894 3003 responsio,
928 2914 958 2982 si
982 2912 1146 2984 Pontifici
1199 2914 1555 3005 tusresponderunt‚
1580 2915 1965 3008 aequoqueiudicare,
1991 2911 2187 2987 Iohannem

157 3046 232 3093 non
256 3016 479 3101 satisfecerit,
504 3038 540 3085 se
557 3038 751 3108 provocare
775 3016 820 3083 ad
843 3015 1034 3105 legitimam
1051 3014 1146 3110 Syn·
1202 3004 1626 3087 vicesimnmsteondum
1643 3041 1716 3087 non
1734 3031 1827 3088 recte
1840 3019 1972 3104 fecisse,
2000 3020 2102 3113 quod
2116 3018 2187 3087 sine

157 3121 292 3196 ndum?
343 3117 420 3188 Hac
450 3118 679 3210 responsione
705 3119 800 3188 edita
823 3117 933 3187 crevit
953 3119 1146 3202 contentio,
1199 3117 1345 3212 Synodo
1373 3130 1409 3187 et
1433 3116 1510 3188 sine
1539 3119 1695 3208 legitima
1727 3120 1930 3210 cognitione
1959 3122 1998 3189 in
2028 3146 2071 3192 re
2096 3130 2185 3192 unta

158 3223 216 3296 his
237 3222 344 3293 tantis
363 3220 663 3311 disputationibus
679 3220 807 3310 motis,
831 3222 928 3290 unde
942 3221 1014 3291 sint
1033 3222 1146 3313 impe·
1199 3221 1337 3290 decreta
1360 3220 1500 3305 fecerit,
1525 3244 1676 3315 cumque
1698 3223 1828 3294 scirent
1845 3247 1924 3294 eum
1944 3224 2105 3295 alienum
2118 3244 2188 3293 esse

157 3327 231 3410 ria,
262 3336 295 3393 et
319 3323 477 3417 quaesit
501 3323 670 3392 autoritas
688 3318 875 3414 Episcopi,
908 3347 998 3414 quae
1023 3324 1067 3393 sit
1093 3326 1146 3394 vis
1198 3346 1217 3392 a
1239 3323 1336 3392 falsis
1354 3323 1604 3413 opinionibus,
1630 3324 1720 3393 velle
1738 3348 1773 3395 se
1789 3350 1868 3397 erun
1885 3327 1962 3418 ipso
1980 3327 2187 3398 coniunctos

157 3424 438 3500 confirmationis
458 3423 667 3516 pontificiae.
735 3420 899 3497 Pontifex
920 3425 1147 3517 impudenter
1197 3448 1281 3497 esse.
1340 3421 1446 3495 Docti
1472 3424 1578 3494 etiam
1608 3427 1824 3498 addiderunt
1853 3429 2038 3501 manifeste
2062 3428 2187 3499 falsum

158 3527 350 3607 scribebat,
377 3524 484 3596 Petro
505 3526 623 3596 datam
646 3548 719 3595 esse
735 3547 905 3595 summam
922 3528 1145 3599 autoritatem
1197 3550 1290 3612 esse,
1323 3524 1429 3597 Petro
1466 3529 1632 3599 traditam
1670 3553 1744 3599 esse
1774 3553 1948 3601 summam
1979 3545 2186 3625 potestatem

156 3657 231 3702 non
254 3630 370 3699 solnm
391 3629 430 3696 in
451 3626 648 3699 ministerio
663 3621 869 3716 Evangelii,
897 3630 957 3698 sed
980 3631 1087 3702 etiam
1106 3632 1144 3702 in
1198 3629 1391 3721 politicam.
1468 3627 1540 3701 Nec
1576 3628 1744 3703 Carolum
1783 3645 1928 3725 propter
1961 3635 2185 3708 autoritatem

155 3732 300 3826 politica
324 3729 592 3821 gubernatione.
669 3726 914 3817 Quare-nemo
938 3733 1046 3822 possit
1070 3758 1144 3805 esse
1197 3731 1412 3824 pontificiam
1442 3731 1512 3801 dici
1536 3730 1787 3825 Imperatorem
1813 3736 1988 3823 voluisse,
2018 3739 2083 3807 sed
2105 3732 2184 3831 quis

157 3832 373 3927 Imperator,
399 3831 469 3903 nisi
492 3831 720 3901 confirmatus
742 3827 945 3903 aRomano
963 3833 1143 3912 Pontifice.
1196 3835 1266 3904 iam
1302 3832 1458 3918 Italiam,
1501 3830 1731 3904 Germaniam
1769 3851 1802 3908 et
1836 3835 1994 3910 Galliam
2034 3840 2186 3919 tenebat,

154 3934 212 4009 De
234 3930 301 4005 hae
316 3934 522 4029 quaestione
539 3932 650 4003 multa
666 3932 794 4024 scripta
810 3935 979 4030 utrinque
996 3962 1070 4008 non
1085 3964 1143 4010 so·
1195 3938 1308 4028 reipsa
1347 3931 1553 4022 Occidentis
1587 3936 1775 4029 imperioin
1812 3964 1892 4011 eum
1931 3943 2110 4026 tenuisse,
2152 3952 2185 4010 et

153 4039 230 4109 lum
251 4037 470 4131 privatorum
494 4030 703 4120 hominum,
728 4035 792 4129 qui
813 4050 872 4107 aut
891 4037 1067 4111 illustrare
1081 4070 1142 4115 ve-
1194 4053 1313 4111 lamen
1333 4039 1478 4109 titulum
1496 4063 1570 4108 non
1586 4041 1740 4111 voluisse
1753 4043 1957 4127 admittere,
1983 4045 2054 4116 nisi
2072 4059 2185 4115 trane

151 4142 292 4213 ritatem
310 4141 405 4210 bono
420 4138 570 4210 consilio
585 4138 796 4223 studebant,
824 4139 1066 4214 autPontifici
1085 4170 1141 4216 as·
1193 4141 1333 4213 actione
1363 4143 1452 4212 facta
1481 4166 1563 4212 cum
1592 4142 1655 4227 iis,
1692 4144 1756 4235 qui
1790 4158 1876 4215 tuuc
1904 4147 2052 4218 titulum
2085 4160 2182 4217 tene·

149 4243 391 4326 sentabantur,
406 4242 465 4311 sed
477 4242 582 4311 etiam
593 4237 1140 4330 ImperatorisetPontificiscde-
1192 4245 1289 4318 bant.
1340 4239 1438 4313 Deus
1459 4243 1607 4336 imperia
1629 4246 1763 4316 stabilit
1782 4261 1816 4319 et
1831 4250 2017 4331 transfert,
2043 4262 2085 4321 ut
2099 4245 2185 4318 scri·

149 4347 293 4418 bantur.
346 4341 509 4414 Pontifex
524 4340 748 4413 Ludovicum
764 4343 982 4415 atrocissime
996 4349 1141 4424 damnat
1191 4358 1292 4439 plum
1315 4357 1385 4431 0⁸1,
1418 4369 1484 4414 nec
1507 4347 1693 4418 translatio
1714 4349 1775 4418 illa
1799 4352 1964 4421 mandata
1993 4366 2045 4424 est
2066 4349 2184 4425 Petro.

148 4472 188 4519 ac
215 4446 376 4519 nominat
401 4443 640 4517 Haereticum.
693 4443 772 4517 Hoc
793 4446 985 4517 dissidium
997 4451 1139 4527 duravit
1189 4448 1353 4543 Denique
1383 4446 1520 4517 etiamsi
1550 4450 1766 4541 pontificiam
1795 4453 2104 4526 confirmationem
2127 4476 2183 4524 ac·

147 4573 261 4621 annos
278 4564 430 4642 quatuor
443 4562 478 4620 et
494 4547 622 4637 viginti
638 4562 718 4641 post
732 4562 875 4641 captum
885 4545 1125 4630 Austriacum.
1191 4553 1315 4621 cedere
1342 4546 1532 4620 Pontifices
1563 4551 1694 4637 velint,
1736 4567 1855 4624 tamen
1889 4557 2022 4628 debent
2053 4553 2182 4628 habers

248 4648 340 4721 Tam
358 4652 466 4742 longo
480 4664 639 4742 tempore
652 4653 857 4723 acciderunt
870 4665 906 4722 et
921 4656 1063 4727 crebrae
1073 4684 1137 4729 vo·
1160 4680 1164 4739 ι
1189 4653 1298 4725 iustas
1321 4674 1460 4736 causas,
1485 4655 1514 4721 si
1538 4654 1842 4726 confirmationem
1862 4659 2054 4751 denegent.
2107 4656 2181 4730 flac

144 4756 322 4827 luntatum
346 4754 580 4839 mutationes,
606 4769 743 4827 etcum
768 4754 854 4822 alibi
873 4757 1053 4845 pontificia
1071 4785 1135 4831 au·
1159 4748 1164 4829 l
1187 4768 1260 4827 tota
1283 4756 1522 4826 controversia
1543 4757 1722 4849 sapienter
1742 4759 1937 4852 disputata,
1961 4763 2054 4834 fiunt
2068 4760 2179 4834 Sena·

142 4858 267 4928 toritas
282 4852 755 4948 anteferreturlmperatori,
781 4855 869 4927 alibi
885 4859 1135 4934 defenderetur
1156 4834 1163 5029 Ἰ
1185 4856 1404 4928 tusconsulta
1435 4870 1469 4927 et
1500 4859 1547 4928 ab
1579 4860 1813 4932 ecclesiastico
1839 4864 1990 4956 collegio
2013 4878 2049 4937 et
2071 4888 2092 4934 a
2115 4862 2179 4938 se-

142 4956 353 5053 Imperator:
385 4958 561 5032 dubitatio
583 4962 784 5031 moderatos
808 4953 972 5030 homines
996 4965 1133 5036 duriter
1184 4973 1289 5044 natu,
1315 4972 1356 5032 ut
1378 4982 1509 5029 corona
1535 4962 1763 5053 imperatoria
1785 4981 2003 5040 coronentur
2017 4965 2177 5039 Ludovi-

59 5134 64 5143 ,
139 5062 326 5146 cruciavit,
357 5075 392 5130 et
419 5063 631 5134 accedebant
658 5062 853 5141 seditiones
877 5074 911 5133 et
933 5063 1131 5153 latrocinia,
1154 5032 1159 5141 i
1183 5086 1244 5132 cus
1260 5076 1295 5134 et
1310 5063 1385 5134 eius
1401 5062 1558 5133 coniunx
1572 5056 1769 5156 Margaris,
1795 5067 2029 5160 quaeFrisiae
2043 5068 2179 5144 etHol·

136 5186 226 5256 quac
242 5165 361 5233 minus
376 5166 548 5259 compesci
565 5179 747 5257 poterant,
774 5188 856 5233 cum
874 5168 1045 5237 autoritas
1057 5168 1128 5239 Im·
1152 5156 1157 5247 i
1180 5164 1322 5236 landiae
1342 5164 1488 5234 domina
1509 5166 1589 5238 fuit.
1641 5165 1836 5240 Coronatio
1857 5172 1947 5241 facta
1962 5173 2107 5245 esth‘tu
2121 5196 2177 5245 te·

133 5267 307 5355 peratoris
336 5262 539 5341 labefactata
565 5282 665 5338 esset.
724 5266 824 5337 Inter
856 5258 922 5335 hos
951 5272 1126 5342 tumultus
1179 5266 1277 5337 leani
1300 5265 1438 5343 Romae
1471 5268 1531 5335 die
1562 5271 1713 5361 septimo
1739 5272 1877 5344 decimo
1903 5272 2067 5346 Ianuarii
2088 5273 2176 5367 anai

130 5379 249 5437 tamen
279 5381 458 5487 utcunque
487 5384 521 5442 et
549 5370 690 5463 imperii
714 5369 893 5461 fastigium
918 5367 1126 5473 Ludovicus
1149 5426 1153 5438 .
1177 5370 1357 5442 millesimi
1396 5371 1634 5443 trecentesimi
1672 5374 1789 5447 octavi
1827 5397 1849 5444 a
1887 5371 2083 5471 Stephanoj
2104 5374 2176 5453 co·
