4680 6038
158 238 238 319 aas
421 222 425 227 ’
795 240 1062 323 cuiatem
1099 224 1548 325 nunanruonts
2112 244 2189 328 sss

162 434 242 495 tum
254 431 295 489 ut
311 418 506 490 subiectum
519 415 657 511 patiens
667 409 814 504 habeat,
840 430 881 490 ut
890 414 1156 514 Paulus'inquit
1201 419 1379 493 iusticiam
1393 435 1563 505 nostram,
1589 419 1648 491 scd
1665 445 1730 514 per
1745 418 2025 493 misericordiam
2040 435 2187 516 propter

163 526 202 597 2.
218 517 386 595 Corinth.
404 524 454 593 t.:
481 518 705 591 Excellenter
726 521 863 593 onerati
887 520 1019 592 fuimus
1047 545 1153 614 supra
1201 522 1397 596 Dominum
1421 522 1647 595 exaudinos.
1699 522 1747 595 Et
1770 520 1886 594 David
1911 524 2047 620 inquit:
2073 521 2185 616 Eripe

163 624 271 707 vires,
284 637 325 694 ut
340 624 644 716 desperaverimus
660 624 704 692 de
719 623 802 695 vita.
829 620 918 693 Item
936 622 1154 696 lerem.10.:
1202 627 1357 696 animam
1371 648 1506 705 meam,
1526 626 1668 696 'salvum
1685 650 1742 696 me
1755 627 1810 696 lac
1824 641 1969 718 propter
1983 626 2186 699 misericor·

165 724 249 799 scio
266 725 440 811 Domine,
465 726 562 819 quod
578 749 652 794 non
668 738 719 797 cst
736 719 894 795 hominis
910 725 968 797 via
985 726 1072 801 eius.
1105 721 1155 797 Et
1202 727 1298 797 diam
1320 740 1430 798 tuam.
1480 723 1529 797 Et
1549 723 1634 797 haec
1658 730 1744 799 fides
1765 729 1972 800 accenditur
1990 727 2186 821 perspici

165 828 395 898 manilestum
421 841 473 899 εει
496 822 687 898 humanam
712 840 875 898 naturam
890 828 1061 920 imparem
1080 849 1154 897 esse
1202 843 1277 900 tum
1302 840 1463 898 sanctum
1486 829 1697 918 cogitatione
1717 830 1983 921 promissionis,
2010 831 2107 903 iuxta
2126 828 2185 900 di·

163 929 407 1021 magnitudini
423 930 657 999 certaminum
679 942 714 1000 ει
741 928 997 1020 periculorum:
1030 944 1149 1001 tamen
1201 944 1313 1002 ctum:
1338 928 1443 1000 Fides
1460 954 1500 999 ex
1516 933 1640 1004 auditu
1656 946 1717 1003 est.

163 1033 310 1122 regulae
337 1033 511 1102 tenendae
537 1044 621 1102 sunt
652 1031 697 1101 de
727 1030 909 1126 plerisque
939 1029 1153 1118 actionibus,
1302 1028 1364 1103 54.
1390 1029 1492 1101 Hanc
1515 1054 1588 1102 esse
1611 1034 1820 1105 sententiam
1834 1034 1938 1106 Pauli
1958 1037 1996 1106 in
2010 1036 2184 1129 acerrima

167 1157 258 1229 quae
281 1147 474 1219 testantur,
508 1133 644 1227 aliquid
670 1155 744 1204 esse
766 1132 836 1202 loci
860 1132 1067 1223 diligentiae
1085 1157 1153 1204 no-
1202 1135 1429 1206 contcntione
1449 1137 1494 1202 de
1514 1134 1780 1223 iustificatione,
1806 1138 1844 1206 in
1858 1124 2019 1233 Epistola
2042 1140 2087 1209 ad
2105 1134 2183 1210 Ro·

165 1250 259 1309 strae
282 1259 342 1305 seu
367 1236 542 1306 voluntati
572 1233 756 1305 comitanti
778 1232 955 1326 Spiritum
981 1248 1153 1322 sanctum,
1201 1260 1346 1322 manos,
1374 1230 1469 1304 nihil
1491 1237 1641 1308 dubium
1665 1253 1733 1324 est,
1758 1251 1793 1309 ει
1817 1233 1910 1309 lianc
1934 1260 2183 1311 essenccessa-

164 1350 207 1407 ut
223 1332 396 1431 Ephesios
415 1334 466 1411 dn
494 1334 623 1409 Videte
644 1338 825 1431 quomodo
850 1350 1010 1410 accurate
1025 1338 1152 1409 ambu-
1200 1341 1290 1410 riam
1314 1351 1349 1409 et
1370 1360 1452 1407 vere
1468 1339 1659 1409 salutarem
1683 1340 1960 1411 consolationem
1983 1363 2105 1412 omnes
2130 1340 2183 1431 pii

165 1439 260 1526 letis,
288 1464 362 1510 non
377 1454 418 1511 ut
432 1438 522 1511 latui
538 1454 603 1516 etc.
1200 1441 1398 1533 intelligere
1411 1454 1571 1532 possunt.
1599 1439 1817 1513 Damnamus
1832 1443 1942 1532 igitur
1955 1442 2184 1535 corruptelas,

268 1537 330 1612 51.
363 1538 410 1613 Et
434 1556 526 1614 certe
550 1553 670 1612 manet
691 1555 816 1613 natura
830 1565 1022 1613 nervorum
1040 1541 1079 1612 in
1095 1564 1152 1613 re·
1199 1568 1289 1639 quae
1321 1557 1443 1615 contra
1475 1538 1572 1614 hunc
1605 1544 1795 1616 articulum
1822 1545 1941 1617 variae
1970 1544 2183 1635 excogitatae

164 1645 279 1729 natis,
304 1658 337 1714 et
353 1644 497 1735 quidem
512 1669 572 1714 cor
590 1646 734 1714 iuvatur
748 1658 782 1716 ει
796 1644 1001 1717 accenditur
1014 1642 1152 1736 Spiritu
1199 1660 1283 1719 sunt
1309 1646 1476 1716 omnibus
1502 1647 1730 1738 temporibus.
1787 1642 1980 1737 Origenes,
2011 1641 2183 1729 Thomas,

165 1759 300 1817 sancto.
350 1746 472 1839 Scipio
487 1747 669 1818 abstinens
685 1747 730 1816 ab
751 1746 866 1817 aliena
888 1770 1035 1840 sponsa,
1061 1747 1151 1839 regit
1199 1764 1234 1821 et
1258 1747 1321 1818 alii
1342 1747 1446 1817 multi
1467 1744 1713 1842 synecdochen
1733 1748 1890 1839 lingunt,
1915 1749 2022 1819 fidem
2043 1748 2182 1819 intelli·

165 1861 303 1918 tantum
320 1848 583 1925 locomotivam.
635 1842 763 1940 loseph
777 1848 869 1940 regit
891 1849 1151 1936 locomotivam,
1198 1864 1287 1943 gunt
1306 1849 1474 1919 noticiam
1497 1845 1684 1935 historiae,
1709 1864 1744 1921 et
1766 1851 1905 1922 addunt
1925 1845 2182 1921 hominemiu·

165 1950 226 2021 sed
242 1949 386 2020 iuvatur
408 1949 621 2041 cogitatione
635 1951 736 2021 verbi
755 1947 843 2035 Dei,
869 1964 902 2022 ει
917 1948 1055 2042 Spiritu
1070 1973 1150 2022 san·
1198 1970 1292 2027 stum
1307 1974 1380 2022 esse
1396 1973 1513 2021 eoram
1529 1947 1618 2033 Deo,
1635 1965 1779 2044 propter
1791 1965 1995 2046 sequentem
2008 1951 2182 2023 obedien·

164 2066 222 2124 rto
244 2051 456 2121 incendente
481 2055 603 2123 corad
619 2050 881 2122 invocationem
894 2048 985 2137 Dei,
1010 2064 1046 2123 ει
1059 2052 1151 2145 peti·
1198 2058 1296 2142 tiam,
1309 2053 1861 2148 quamnominantdilcctionem.
1887 2049 2182 2129 Osianderstiarn

163 2152 299 2227 tionem
317 2153 453 2233 auxilii,
479 2154 571 2224 etad
588 2153 806 2224 intellectum
821 2175 861 2223 ae
876 2176 1033 2223 amorem
1046 2153 1150 2224 casti·
1198 2150 1443 2253 synecdochen
1467 2154 1569 2238 lacit,
1596 2167 1638 2226 ut
1652 2154 1727 2246 ipse
1744 2153 1920 2236 nominat,
1945 2155 2005 2224 sed
2022 2154 2182 2247 splendi-

162 2254 257 2328 tatis.
310 2252 353 2324 ln
369 2250 435 2324 hac
449 2254 564 2341 lucta,
588 2256 755 2325 etsicaro
773 2252 945 2327 sentiebat
959 2254 1151 2326 infirmita·
1198 2260 1280 2331 dius
1299 2257 1480 2351 loquitur,
1512 2255 1563 2327 ait
1583 2255 1652 2326 fide
1672 2256 1877 2349 praeparari
1904 2249 2109 2340 hominem,
2139 2268 2182 2326 ut

160 2370 256 2439 tem,
283 2369 401 2427 tamen
414 2369 532 2429 mente
544 2357 652 2428 servit
667 2357 736 2448 legi
750 2356 820 2427 Dei
830 2410 840 2442 ,
866 2369 901 2428 et
923 2356 1047 2428 volens
1062 2356 1151 2429 vitat
1197 2362 1258 2431 fiat
1278 2360 1391 2430 iustus
1413 2358 1490 2450 ipso
1503 2356 1580 2429 Deo
1601 2357 1641 2427 in
1661 2381 1704 2428 eo
1720 2370 1862 2448 agente,
1884 2357 1981 2451 quod
1998 2356 2093 2426 idem
2115 2369 2181 2440 est,

160 2456 358 2527 illecebras.
415 2455 533 2530 David
558 2459 682 2530 volens
709 2457 873 2548 indulget
896 2457 1089 2546 illecebris,
1114 2472 1149 2531 et
1196 2486 1238 2533 ac
1261 2462 1293 2533 si
1313 2461 1464 2547 diceret,
1488 2452 1670 2531 hominem
1683 2459 1818 2533 iustum
1835 2480 1910 2531 esse
1931 2469 2099 2553 sequente
2113 2481 2181 2529 no·

161 2558 317 2630 effundit
335 2556 511 2649 Spiritum
532 2574 703 2636 sanctum.
754 2556 853 2631 llaec
872 2559 1068 2630 necessaria
1083 2562 1149 2632 do·
1197 2564 1318 2636 vitate.

161 2658 277 2733 ctrina
297 2659 444 2731 adsidue
465 2662 652 2754 cogitanda
672 2674 743 2749 est,
772 2673 815 2732 ut
844 2673 879 2732 ct
908 2661 1092 2753 diligentia
1114 2677 1148 2735 ει
1298 2658 1360 2738 56.
1396 2659 1630 2734 Verissimum
1666 2677 1718 2735 εει
1749 2664 1787 2734 in
1821 2662 2085 2756 regeneratione
2117 2684 2181 2734 seu

160 2762 338 2833 invocatio
352 2765 602 2851 accendantur,
616 2766 706 2837 sicut
721 2763 926 2835 mandatum
943 2777 1012 2835 est:
1025 2763 1150 2854 Petite,
1198 2766 1448 2857 conversione,
1475 2765 1545 2836 lide
1559 2765 1671 2858 accipi
1686 2765 1861 2858 Spiritum
1876 2779 2048 2852 sanctum,
2072 2777 2109 2836 et
2121 2764 2181 2835 in·

161 2879 198 2936 ει
212 2863 406 2956 accipietis.
456 2862 505 2936 Et
523 2863 755 2940 Timotheum
777 2865 877 2937 iubet
896 2863 1030 2939 Paulus
1054 2863 1148 2940 ἄνα-
1196 2863 1319 2941 rhoari
1340 2890 1470 2938 novam
1491 2868 1750 2953 obedientiam,
1782 2868 1873 2938 sicut
1886 2865 2022 2939 Paulus
2043 2865 2179 2961 inquit:

161 2962 347 3063 ζωπυρεῖν
367 2968 501 3038 donum
515 2967 595 3046 Dei.
644 2966 694 3041 Et
716 2969 760 3039 ad
777 2962 907 3041 librae.
926 2969 984 3044 12.
997 2968 1146 3042 dicitur:
1195 2968 1266 3043 Per
1286 2966 1468 3043 Christum
1498 2963 1669 3040 habemus
1690 2969 1839 3060 gratiam
1863 2982 1896 3040 et
1918 2969 2065 3041 donum.
2106 2965 2181 3047 sm

160 3066 362 3139 Teneamus
394 3071 564 3160 gratiam,
597 3094 662 3164 per
694 3094 800 3166 quam
831 3068 1026 3142 serviamus
1055 3073 1147 3142 bene
1196 3072 1303 3145 etiam
1318 3073 1364 3143 de
1379 3083 1502 3140 renato
1517 3065 1603 3140 hacc
1617 3072 1811 3141 necessaria
1827 3068 2024 3141 consolatio
2039 3090 2180 3171 semper

162 3169 337 3258 placentes
353 3168 431 3241 Deo
453 3196 533 3241 curn
558 3172 754 3242 reverentia
778 3183 812 3241 et
829 3172 1005 3244 cautione.
1054 3170 1146 3243 Nam
1196 3175 1235 3244 in
1250 3169 1316 3244 hae
1332 3173 1405 3241 vita
1420 3171 1606 3241 retinenda
1623 3185 1685 3256 εει,
1707 3172 1803 3264 quod
1820 3171 1866 3241 sit
1879 3172 1994 3242 iustus
2006 3170 2082 3242 sola
2098 3169 2179 3271 help,

159 3270 259 3343 Dens
280 3288 399 3343 noster
424 3273 516 3363 ignis
538 3295 750 3343 consumens
774 3284 836 3347 est.
887 3269 965 3342 Hae
988 3295 1147 3343 commo·
1196 3275 1320 3357 idest,
1346 3268 1478 3343 habeus
1497 3270 1740 3342 remissionem
1764 3283 2005 3364 peccatorum,
2031 3283 2066 3342 ει
2079 3293 2180 3363 acce·

158 3373 379 3444 nesactioncs
396 3390 479 3445 sunt
494 3375 599 3445 utiles
613 3375 721 3460 vitae,
753 3386 789 3445 et
811 3371 968 3464 ,intelligi
985 3389 1145 3465 possunt.
1196 3389 1276 3468 ptus
1289 3373 1365 3446 Deo
1388 3376 1431 3443 ad
1454 3372 1562 3445 vitam
1586 3387 1765 3447 aeternam
1789 3387 1933 3464 propter
1946 3372 2180 3473 mediatorem

157 3474 375 3565 Praestigiae
393 3472 649 3569 sophismatum
664 3477 708 3546 de
726 3474 926 3564 coactione,
951 3499 996 3547 ne
1011 3474 1145 3547 intelli·
1195 3478 1308 3549 filium
1318 3474 1396 3562 Ilei,
1412 3476 1637 3570 quiacertum
1652 3489 1705 3547 est
1718 3470 1921 3546 inchoatam
1936 3472 2180 3567 obedientiam

160 3592 313 3669 gemtus,
338 3602 403 3646 nec
419 3592 501 3648 sunt
521 3579 626 3648 utiles
643 3578 749 3654 vitae.
1195 3602 1420 3673 nequaquam
1436 3578 1633 3649 satisfacere
1649 3575 1719 3666 legi
1734 3576 1816 3664 Dci,
1840 3588 1875 3646 ει
1888 3574 2105 3648 nondum'in
2120 3596 2179 3646 re-

261 3677 323 3751 52.
362 3678 582 3751 Damnamus
606 3694 639 3750 et
653 3676 863 3767 Pelagianos
877 3692 911 3750 ct
927 3676 1144 3757 Pontificios.
1194 3683 1288 3753 natis
1311 3680 1349 3750 in
1374 3674 1441 3751 hac
1469 3679 1542 3751 vita
1567 3680 1762 3751 restitutam
1792 3702 1864 3748 esse
1894 3678 2179 3750 conformitatem

158 3778 312 3874 Utrique
336 3782 430 3850 euim
453 3783 592 3871 tingunt
613 3804 714 3874 posse
737 3780 807 3873 legi
828 3777 897 3850 Dei
921 3781 959 3851 in
982 3777 1048 3852 hac
1071 3782 1144 3854 vita
1195 3807 1275 3855 cum
1304 3784 1402 3872 lege,
1432 3784 1476 3852 de
1501 3804 1573 3874 qua
1596 3781 1742 3853 dicitur:
1778 3779 1876 3852 Deus
1901 3780 1968 3852 erit
1991 3780 2117 3849 omnia·
2137 3774 2178 3855 in

155 3882 340 3969 satisfieri,
367 3897 401 3953 et
423 3876 587 3953 homines
609 3882 739 3953 mereri
761 3881 1004 3953 remissionem
1020 3908 1145 3976 pecca·
1195 3884 1364 3957 omnibus
1374 3883 1497 3955 beatis.
1524 3881 1554 3950 F
1555 3895 1696 3953 atentur
1710 3904 1792 3972 ergo
1808 3895 1841 3952 et
1854 3881 2040 3972 deplorant
2052 3899 2178 3950 omnes

154 3999 299 4071 torum,
325 4002 360 4058 ct
388 3985 474 4056 istus
498 4009 572 4056 csse
593 4008 711 4055 coram
734 3982 810 4055 Deo
835 3998 980 4077 propter
999 3986 1144 4078 propria
1195 3985 1307 4057 sancti
1336 3998 1516 4076 peccatum
1546 3984 1585 4053 in
1610 3984 1660 4053 eis
1687 3978 1804 4054 adhuc
1829 3977 1997 4067 haerens,
2035 3994 2076 4052 ιιι
2097 3978 2177 4052 Ro-

153 4111 284 4181 opera,
323 4110 384 4158 seu
414 4101 562 4179 propter
588 4082 768 4178 propriam
796 4086 1045 4157 obedientiam.
1095 4084 1145 4160 Et
1195 4084 1363 4161 man.7.:
1398 4084 1513 4156 Video
1530 4084 1637 4156 aliam
1658 4084 1769 4174 legem
1785 4083 1824 4153 in
1838 4082 2006 4155 membris
2019 4082 2106 4155 meis
2119 4102 2178 4151 re·

152 4190 386 4262 adfirmamus
421 4213 523 4257 verae
555 4186 735 4260 Ecclesiae
766 4186 965 4258 doctrinam
1007 4210 1145 4281 semper
1194 4201 1410 4283 pugnantem
1427 4187 1496 4278 legi
1510 4185 1639 4259 mentis
1660 4209 1774 4267 meae,
1800 4199 1864 4258 etc.
1917 4182 1965 4256 Et
1980 4187 2018 4255 in
2034 4182 2176 4257 Psalmo

151 4292 284 4375 ϊιιίεεε,
308 4312 381 4361 εεεε
396 4296 430 4359 ἐι
446 4291 603 4361 suturam
620 4311 694 4361 esse
714 4282 830 4375 hanc,
857 4284 1051 4360 Hominem
1069 4292 1144 4360 sola
1196 4289 1341 4361 dicitur:
1368 4288 1451 4363 Non
1466 4288 1713 4360 iustificabitur
1728 4288 1767 4357 in
1777 4299 1968 4380 conspectu
1983 4300 2044 4359 tuo
2060 4284 2178 4355 omnis

105 4408 111 4421 '
151 4393 227 4465 lide
256 4415 374 4463 coram
405 4386 482 4464 Deo
513 4388 715 4476 iustificari,
756 4401 902 4484 propter
939 4391 1054 4463 lilium
1075 4388 1145 4464 Dei
1196 4392 1332 4463 vivens.
1384 4386 1432 4462 Et
1447 4388 1512 4462 lob
1527 4388 1581 4462 ih:
1608 4386 1701 4462 Vere
1714 4390 1807 4470 scio,
1833 4388 1930 4484 quod
1952 4383 2022 4459 hoc
2039 4394 2178 4459 'eertum

151 4494 278 4587 gratis.
602 4534 606 4539 ·
1195 4494 1260 4580 sit,
1293 4494 1390 4587 quod
1413 4518 1488 4563 non
1510 4494 1559 4564 sit
1578 4490 1691 4565 iustus
1715 4486 1823 4562 homo
1849 4512 1967 4561 coram
1990 4487 2078 4561 Deo.
2114 4482 2178 4558 'Et

259 4592 322 4672 53.
360 4592 498 4668 Eadem
530 4609 581 4667 est
611 4596 708 4666 enim
736 4621 803 4668 vox
824 4589 1082 4688 Prophetarum
1111 4609 1146 4668 et
1198 4620 1274 4689 cap.
1294 4592 1368 4668 14.;
1394 4592 1485 4684 Quis
1500 4592 1599 4665 dabit
1615 4617 1744 4686 pumen
1760 4595 1806 4663 dc
1826 4592 1984 4685 polluto,
2011 4590 2073 4661 ubi
2094 4588 2178 4661 nul-

112 4702 117 4711 '
153 4694 434 4791 Apostolorum,
460 4699 557 4793 quod
572 4698 747 4790 accipiant
760 4697 1006 4769 remissionem
1021 4722 1145 4791 pecca·
1196 4698 1253 4769 lus
1274 4710 1327 4767 est
1349 4697 1483 4788 purus?
1520 4692 1624 4766 Hanc
1646 4696 1777 4766 molem
1798 4691 1931 4785 peccati
1947 4690 1985 4761 in
2000 4690 2106 4761 corde
2122 4712 2178 4791 se-

151 4816 278 4873 torum
306 4815 340 4871 et
357 4799 626 4893 imputationem
642 4800 818 4887 iusticiae,
838 4813 873 4872 et
887 4800 959 4870 sint
974 4798 1058 4871 iusti
1075 4799 1145 4871 im·
1196 4798 1272 4870 curi
1287 4791 1493 4892 hypocritae
1505 4798 1619 4867 levem
1635 4819 1711 4869 esse
1727 4794 1925 4878 somniant,
1949 4792 2010 4863 sed
2027 4792 2088 4885 pii,
2114 4789 2179 4887 qni

151 4916 279 4996 putata
293 4902 448 4987 iusticia,
473 4914 508 4972 et
524 4902 657 4993 accepti
671 4899 749 4973 Deo
766 4904 810 4971 ad
826 4902 935 4973 vitam
954 4908 1145 4987 aeternam,
1196 4896 1329 4971 habent
1347 4898 1511 4971 exercitia
1527 4898 1785 4993 poenitentiae,
1809 4894 1922 4990 quiet
1939 4893 2176 4965 dubitationi·

149 5018 301 5099 propter
318 5004 547 5074 mediatorem
563 5001 677 5073 filium
695 5000 762 5074 Dei
779 5028 841 5097 per
862 5000 1143 5074 misericordiam
1195 5001 1263 5073 bus
1288 5015 1321 5071 et
1344 5001 1466 5073 multis
1489 4999 1690 5079 errantibus
1713 4997 1868 5070 motibus
1886 5008 2105 5089 repugnant,
2133 4990 2173 5065 hi

148 5107 284 5199 gratis,
316 5105 391 5175 sola
414 5105 501 5189 lide,
538 5103 670 5185 idest,
708 5104 836 5178 fiducia
864 5104 1143 5191 misericordiae,
1194 5104 1315 5199 aliquo
1331 5103 1438 5173 modo
1456 5118 1490 5175 et
1505 5103 1664 5174 sentiunt
1677 5114 1713 5171 et
1727 5099 1913 5191 deplorant
1933 5109 2083 5167 naturae
2096 5094 2179 5167 vnl-

148 5221 302 5305 propter
314 5207 545 5279 mediatorem
563 5204 774 5296 promissae,
799 5230 874 5279 non
898 5220 1044 5299 propter
1057 5231 1143 5299 pro·
1195 5229 1291 5277 uera.
1342 5200 1427 5275 Ideo
1445 5204 1656 5295 confugiunt
1670 5204 1714 5273 ad
1729 5202 1841 5271 lilium
1852 5198 1923 5271 Dei
1934 5198 2179 5281 mediatorem,

149 5310 251 5403 prias
267 5308 452 5405 qualitates
472 5321 534 5378 aut
548 5307 708 5395 virtutes,
729 5322 792 5382 aut
807 5324 953 5403 propter
965 5308 1142 5380 iusticiam
1193 5322 1228 5379 ει
1245 5320 1405 5381 statuunt
1420 5330 1457 5376 se
1470 5306 1545 5378 sola
1560 5302 1801 5375 misericordia
1816 5314 1961 5394 propter
1984 5300 2102 5391 ipsum
2121 5298 2178 5373 iu·

133 5410 387 5487 'euentialem
438 5408 526 5483 ideo
552 5408 687 5483 Daniel
712 5408 848 5508 inquit:
885 5409 970 5487 Non
994 5422 1143 5507 propter
1163 5468 1169 5489 .
1192 5424 1265 5483 stos
1278 5408 1457 5505 reputari,
1483 5420 1518 5485 ct
1531 5401 1700 5482 haeredes
1715 5427 1789 5482 esse
1803 5404 1896 5479 vitae
1909 5413 2091 5487 aeternae.
