4680 6038
149 190 225 269 215
632 183 790 262 DECL.
822 183 898 263 llll
927 184 1086 264 CURA
1126 185 1320 266 RECTE
1351 183 1677 279 LOQUENDI·
2089 190 2161 267 210

154 363 358 436 nevolentia
381 360 546 433 delector.
598 354 652 429 Ac
671 357 787 451 recepi
810 354 879 430 hoc
894 358 1044 430 docendi
1058 384 1138 431 mn·
1286 355 1359 428 Nec
1375 357 1418 427 de
1433 357 1494 426 illa
1512 357 1697 428 excellenti
1710 358 1911 455 eloquentis
1927 358 2059 446 dicem,
2078 382 2163 455 qnae

156 490 224 538 nus
237 491 278 537 eo
296 463 453 546 facilius,
479 461 654 555 quianon
675 463 812 532 addita
837 474 873 532 et
893 462 1049 531 crudelia
1071 457 1139 531 ho-
1187 475 1239 532 est
1253 459 1432 549 singulare
1454 482 1543 550 opus
1556 459 1624 529 Dei
1645 461 1682 527 in
1696 462 1842 533 summis
1858 460 2164 553 gubernantibus,

157 593 240 640 rum
264 581 463 656 temporum
478 563 670 633 certamina
685 587 809 644 vocor,
835 565 897 633 sed
914 566 957 633 ad
975 563 1139 635 dulcissi-
1186 563 1302 656 qualis
1332 560 1401 630 fuit
1432 561 1579 630 fortasse
1604 560 1780 644 Nestoris,
1821 561 1976 658 Ulyssis‚
2012 561 2165 645 Soloms,

155 693 250 741 mam
276 668 463 738 lectionem
474 665 674 755 ,latinorum
704 677 737 734 et
760 687 963 754 graecorum
990 665 1140 757 scripto·
1185 662 1352 747 Periclis,
1378 661 1563 753 inquibus
1585 686 1665 732 cum
1690 685 1817 754 magns
1830 665 2003 757 sapientia
2015 662 2166 735 conion-

158 794 258 854 rum,
273 783 318 841 et
339 770 385 838 ad
409 792 447 837 ea
473 767 610 847 studia,
636 789 656 834 a
679 766 885 859 quibusnec
902 781 1048 851 natura,
1073 790 1138 836 nec
1187 778 1240 851 cta
1255 765 1324 834 fuit
1348 774 1495 833 naturae
1518 762 1592 843 vis,
1618 764 1681 855 qni
1701 765 1834 834 flumen
1855 764 2029 837 orationis
2042 785 2166 854 magns

158 873 342 943 voluntate
364 864 555 950 abhorreo,
581 890 670 959 quae
697 881 813 938 tamen
830 881 864 938 et
879 863 1057 937 Ecclesiae
1072 891 1138 936 ne·
1187 865 1288 957 copia
1304 878 1338 934 et
1354 863 1541 955 splendore
1556 863 1716 951 fundere,
1731 880 1767 938 et
1781 868 1945 938 ardentes
1958 865 2076 938 animi
2093 888 2168 953 mog

159 973 309 1044 cessaria
330 983 364 1040 et
388 969 618 1060 Reipublicae
639 968 740 1040 utilia
764 982 858 1043 sunt.
917 965 996 1040 Etsi
1020 981 1137 1038 autem
1186 980 1243 1036 tus
1272 967 1421 1050 addere,
1446 965 1610 1054 colligere
1635 967 1821 1059 dissipatos
1843 963 2030 1052 homines,
2055 979 2099 1039 ut
2117 965 2166 1036 le·

159 1074 339 1144 verissime
354 1071 502 1141 adfirmo
526 1095 600 1155 me,
631 1083 667 1141 et
687 1093 873 1159 agnoscere
887 1095 999 1140 meam
1026 1070 1140 1139 imbe-
1186 1091 1270 1157 gum
1292 1066 1648 1158 frenos'acciperent,
1682 1081 1716 1139 et
1740 1069 1839 1139 civili
1863 1069 2030 1142 societate
2057 1066 2166 1137 iuncti

158 1175 359 1254 cillitatem,
386 1186 421 1242 et
435 1172 537 1241 valde
551 1195 609 1241 mc
621 1171 762 1257 dolere,
787 1172 905 1242 minus
923 1196 978 1241 me
995 1171 1137 1261 ingenio
1187 1169 1328 1238 labores
1344 1190 1548 1238 communes
1564 1168 1798 1251 sustinerent,
1824 1171 1933 1241 iratos
1953 1171 2051 1241 cives
2063 1168 2104 1237 in
2117 1188 2167 1237 se·

158 1289 335 1368 praestare
357 1295 460 1365 posse
482 1297 588 1366 quam
614 1273 759 1358 vellem,
781 1298 846 1343 nec
868 1298 925 1344 me
940 1296 1137 1343 annumero
1187 1270 1382 1340 ditionibus
1415 1269 1573 1354 flectere,
1605 1283 1647 1340 ut
1677 1271 1773 1342 ultro
1804 1295 1901 1342 arma
1933 1272 1980 1342 de
2003 1269 2166 1340 manibus

158 1378 219 1464 iis,
245 1378 307 1471 qui
329 1375 504 1445 excellunt
525 1374 581 1444 vel
605 1375 806 1468 eloquentia
838 1375 894 1444 vel
925 1375 1139 1458 eruditione,
1187 1372 1399 1456 abiicerent,
1437 1384 1472 1441 et
1503 1393 1641 1461 asperas
1674 1373 1767 1462 leges
1805 1374 1954 1444 suadere
1992 1383 2166 1463 poterant.

159 1493 279 1551 tamen
296 1472 364 1547 hoc
382 1499 439 1546 me
455 1476 573 1546 studio
592 1477 757 1547 delectari
772 1477 903 1562 fateor,
929 1490 965 1547 et
988 1477 1139 1546 libenter

161 1605 220 1651 ero
237 1575 397 1650 hortator
412 1578 516 1647 bonis
532 1578 702 1667 ingeniis,
726 1591 767 1648 ut
782 1580 913 1671 optima
928 1578 1082 1662 discant,
1106 1591 1140 1647 et

159 1694 374 1751 monstrator
397 1703 456 1747 ero
481 1680 643 1764 sedulus,
670 1682 767 1771 qnod
791 1705 831 1750 co
847 1680 971 1750 faciam
990 1679 1140 1764 facilius,

159 1783 242 1876 qnia
259 1782 330 1852 scio
345 1782 382 1850 in
398 1775 464 1850 hac
474 1776 663 1850 Academia
680 1781 840 1851 omnium
853 1805 1044 1871 congruere
1058 1805 1138 1850 sen-

159 1884 286 1954 tentias
302 1897 336 1953 et
349 1882 548 1952 voluntates
565 1885 607 1952 de
623 1883 789 1952 omnibus
803 1884 990 1972 generibus
1004 1883 1138 1952 doctri-

159 2009 298 2057 narum.
351 1978 488 2052 Omnes
514 1978 580 2053 hoc
608 1985 766 2053 iudicant
789 1985 991 2074 linguarum
1016 1984 1140 2073 cogni·

159 2086 293 2156 tionem
311 2097 345 2155 et
368 2084 588 2174 diligentiam
612 2098 704 2154 recte
720 2085 891 2179 loquendi
908 2086 1058 2154 maxime
1076 2106 1138 2154 ne·

158 2186 342 2256 cessariam
359 2209 432 2255 esse
451 2187 536 2255 etin
554 2182 727 2270 Ecclesia,
753 2187 839 2257 etin
856 2187 935 2256 aliis
953 2188 1043 2257 vitae
1057 2210 1140 2276 par-

160 2288 266 2357 tibus.
316 2286 431 2356 Pauca
453 2287 562 2376 igitur
583 2289 654 2356 iam
679 2290 723 2356 de
738 2283 795 2357 his
806 2288 954 2369 studiis,
975 2289 1140 2359 videlicet

158 2391 203 2458 de
219 2385 455 2482 Eloquentia,
477 2404 511 2459 et
526 2390 571 2456 de
586 2413 670 2458 cura
686 2402 778 2459 recte
797 2390 967 2480 loquendi
985 2391 1111 2459 dicam.

242 2488 316 2560 Nec
330 2513 415 2559 vero
428 2487 537 2559 ullius
552 2504 730 2560 creaturae
743 2490 913 2580 sapientia
929 2491 1141 2580 cogitatione

160 2587 460 2683 comprehendere
483 2604 617 2682 potest,
644 2605 795 2684 quantae
810 2615 866 2661 res
880 2593 952 2662 sint
967 2588 1052 2662 haec
1071 2593 1139 2660 mi-

159 2696 270 2763 randa
294 2692 361 2765 Dei
388 2715 512 2784 opera,
546 2693 694 2764 facultas
721 2693 890 2785 loquendi
916 2694 955 2762 in
983 2689 1140 2778 homine,

158 2796 287 2865 deinde
309 2795 406 2863 aliud
432 2794 545 2863 maius
565 2809 599 2864 et
630 2794 807 2884 singulare
833 2793 899 2863 Dei
924 2820 1032 2884 opus,
1048 2790 1141 2864 'elo-

159 2896 306 2989 quentia
330 2896 521 2975 excellens,
548 2920 638 2989 qnae
662 2919 718 2965 res
741 2919 886 2986 magnas
908 2898 1085 2987 sapienter
1107 2911 1141 2968 ct

158 2997 343 3087 splendide
357 2997 511 3087 exponit,
537 3021 610 3066 non
630 2998 721 3081 dico,
746 3022 835 3090 quae
852 3012 951 3069 tonat
967 3013 1000 3068 ct
1017 2999 1140 3067 fulmi-

159 3110 238 3182 nat,
266 3100 361 3189 quod
382 3098 475 3187 apud
500 3099 671 3189 populum
698 3100 789 3167 male
804 3098 1017 3170 iudicantem
1034 3100 1138 3169 etiam

158 3193 347 3289 sophistica
370 3198 614 3269 adsentatione
637 3213 671 3269 et
694 3201 890 3290 praestigiis
920 3203 1045 3286 efficit,
1078 3203 1138 3269 sed

158 3323 248 3392 quae
268 3315 344 3370 orta
366 3324 407 3367 ex
428 3323 509 3369 vera
532 3301 704 3392 sapientia
726 3315 818 3371 recte
842 3305 985 3394 exponit
1006 3325 1061 3372 res
1079 3326 1141 3371 ve-

159 3424 236 3482 ras,
263 3414 295 3469 et
311 3401 411 3470 addit
425 3402 670 3490 splendorem,
693 3405 856 3474 ardentes
878 3419 996 3475 motus
1020 3404 1142 3490 animi,

160 3517 194 3572 et
209 3502 418 3570 concinnam
436 3498 659 3572 harmoniam
676 3526 736 3573 seu
751 3528 929 3589 numeros,
954 3506 1014 3597 qni
1033 3505 1141 3574 mira·

159 3603 269 3674 bilem
292 3602 500 3673 suavitatem
527 3603 682 3673 orationi
699 3606 855 3675 addunt:
880 3601 1007 3677 harum
1023 3630 1139 3676 rerum

158 3704 393 3773 maximarum
415 3726 535 3774 causas
559 3717 594 3775 et
619 3705 826 3795 dignitatem
851 3730 956 3778 nemo
981 3707 1063 3778 satis
1082 3731 1141 3777 ex-

158 3829 291 3898 ponere
305 3818 430 3896 potest.

261 3904 363 3994 Quae
379 3907 424 3976 sit
441 3906 577 3976 utilitas
589 3910 764 3980 sermonis
782 3926 909 3983 notum
929 3924 998 3996 est,
1023 3912 1083 3982 sed
1098 3913 1141 3983 de

158 4007 272 4078 causis
296 4008 381 4100 qnid
406 4006 520 4077 dicere
536 4012 746 4099 possumus?
770 4013 842 4084 nisi
855 4010 940 4100 hoc,
960 4009 1037 4083 Deo
1053 4038 1140 4083 con-

159 4109 268 4179 ditori
284 4122 400 4197 gratos
418 4131 482 4177 nos
499 4132 572 4179 esse
588 4112 736 4199 debere,
761 4114 824 4209 qui
845 4110 914 4185 hoc
930 4127 1028 4185 tanto
1044 4116 1140 4185 bono

159 4210 326 4280 instruxit
343 4205 526 4279 hominnm
543 4227 718 4298 naturam,
742 4230 775 4287 ct
792 4240 954 4287 sermone
969 4219 1140 4287 utendum

159 4333 234 4380 esse
249 4311 436 4403 praecipue
453 4314 498 4381 ad
514 4310 630 4383 Deum
647 4317 910 4392 celebrandum.
961 4315 1058 4387 Haec
1074 4320 1141 4408 igi-

79 4502 83 4509 .
158 4426 356 4484 lurarcana
381 4413 507 4483 omitto
534 4438 607 4484 non
629 4417 706 4487 sine
721 4420 871 4508 gemitu,
896 4418 1040 4504 dolens,
1065 4444 1140 4492 non

158 4515 275 4586 solum
299 4538 410 4605 pauca
435 4537 501 4584 nos
520 4517 565 4585 de
586 4517 759 4589 mirandis
779 4521 947 4614 operibus
960 4519 1027 4591 Dei
1041 4522 1141 4609 scire,

158 4616 218 4688 sed
235 4614 341 4685 etiam
368 4639 434 4685 nos
454 4617 610 4706 ingratos
627 4613 849 4693 horribiliter
863 4621 1039 4713 negligere
1054 4647 1139 4693 con·

157 4716 408 4788 siderationem
424 4719 673 4790 beneficiorum
692 4722 916 4808 divinorum,
941 4747 1006 4793 nec
1022 4747 1061 4793 ea
1078 4749 1139 4794 ex-

158 4818 294 4903 colere,
318 4842 383 4890 nee
407 4819 453 4890 iis
476 4818 530 4890 uti
554 4819 601 4890 ad
623 4843 683 4891 eos
704 4823 809 4907 lines,
841 4847 930 4919 quos
946 4820 1042 4895 Deus
1056 4849 1139 4917 pro-

155 4919 287 5016 posuit.

258 5018 403 5109 Quanto
424 5022 544 5113 plures
577 5021 673 5091 enim
704 5045 866 5095 sermone
893 5038 1065 5106 utuntur,
1099 5038 1141 5097 ut

155 5121 271 5195 Deum
285 5123 499 5195 contumelia
515 5122 699 5205 adliciant,
726 5130 833 5217 quam
855 5140 896 5196 ut
917 5127 950 5195 ci
965 5140 1062 5216 grata
1081 5126 1138 5196 di-

156 5237 242 5373 εἶσιᾳ
250 5225 289 5297 in
304 5226 465 5298 docendo
480 5237 515 5298 et
528 5226 568 5296 in
583 5225 663 5299 aliis
685 5227 941 5328 communibus!
949 5229 1042 5303 vitae
1058 5227 1137 5299 ofli-

154 5346 236 5394 cns.

1186 1471 1319 1543 Divina
1337 1468 1422 1542 haec
1437 1486 1541 1561 sunt,
1568 1485 1608 1542 ut
1622 1467 1782 1567 Orphei,
1806 1472 1965 1561 Musaei,
1991 1466 2166 1564 Amphio-

1187 1576 1264 1660 nis,
1291 1589 1326 1645 ct
1339 1571 1487 1644 Homeri
1504 1571 1659 1645 Poetica.

1288 1674 1361 1745 Nec
1384 1677 1427 1744 de
1450 1676 1513 1744 illa
1540 1675 1683 1769 quidem
1709 1676 1910 1772 eloquentia
1937 1677 2057 1748 dicam
2088 1696 2167 1768 pro-

1187 1777 1305 1869 priore
1320 1777 1434 1860 nobis,
1451 1777 1495 1845 de
1508 1801 1577 1869 qua
1591 1777 1726 1871 aliquid
1739 1779 1937 1850 existimare
1953 1776 2079 1850 diserti
2090 1797 2167 1869 pos·
2202 1810 2206 1817 ·

1187 1894 1268 1949 sunt
1277 1930 1290 1965 ,
1318 1891 1353 1948 et
1377 1901 1466 1970 quac
1487 1880 1642 1958 multum
1666 1902 1686 1948 a
1704 1880 1885 1951 doctrinae
1901 1893 1936 1950 et
1953 1880 2001 1950 ab
2017 1891 2096 1949 arte
2111 1901 2169 1948 su-

1188 1981 1270 2065 mit,
1297 1979 1410 2072 qualis
1425 1979 1494 2050 fuit
1509 1975 1760 2051 Demosthenis
1778 1994 1839 2052 aut
1852 1979 2057 2061 Ciceronis,
2082 2002 2170 2074 quo-

1187 2107 1266 2152 rum
1283 2081 1439 2172 exempla
1464 2081 1529 2150 etsi
1550 2081 1662 2152 multa
1679 2105 1744 2152 nos
1758 2095 1924 2169 monent,
1949 2094 2071 2154 umen
2087 2104 2170 2153 con·

1188 2184 1266 2253 silia
1290 2196 1325 2252 et
1347 2183 1419 2252 vim
1443 2178 1711 2270 Demosthenis,
1736 2200 1771 2254 et
1792 2184 2020 2276 splendorem
2038 2206 2083 2254 ac
2103 2206 2171 2254 nn-

1189 2308 1304 2355 meros
1319 2281 1502 2354 Ciceronis
1516 2308 1620 2354 nemo
1635 2308 1785 2378 aequare
1800 2286 1943 2378 poterit.
1995 2282 2171 2375 Quotus

1189 2387 1298 2477 igitur
1311 2386 1498 2456 consilium
1514 2398 1675 2456 nostrum
1691 2387 1729 2455 in
1745 2381 1810 2457 hac
1822 2383 2098 2459 adhortatione?
2115 2386 2171 2461 De

1189 2489 1315 2558 vestris
1330 2487 1504 2557 exercitiis
1519 2487 1648 2580 loquar
1664 2487 1704 2557 in
1719 2483 1777 2557 his
1793 2488 1939 2574 studiis,
1965 2489 2167 2582 pseustius

1190 2591 1330 2679 linguae
1352 2588 1498 2672 latinae,
1532 2602 1571 2658 ut
1601 2589 1707 2658 finem
1733 2589 1964 2677 intueamini,
1992 2588 2041 2661 'id
2065 2614 2170 2685 quesn

1190 2693 1291 2761 labor
1306 2691 1512 2780 dirigendus
1527 2691 1585 2776 sit,
1599 2703 1633 2761 et
1648 2703 1687 2761 nt
1702 2715 1742 2761 ea
1756 2692 1921 2763 facultate
1935 2714 2000 2763 vos
2017 2690 2172 2765 immu-

1191 2794 1254 2877 tis,
1279 2815 1384 2885 quam
1409 2814 1532 2861 omnes
1553 2815 1628 2861 non
1650 2807 1868 2864 monstrosae
1890 2798 2044 2865 naturae¹
2063 2796 2172 2869 etad·

1191 2894 1288 2988 sequi
1313 2906 1478 2983 possunt,
1502 2906 1537 2964 et
1560 2918 1650 2987 quae
1672 2895 1838 2966 omnibus
1853 2896 1892 2965 in
1906 2890 2070 2967 Ecclesia
2084 2908 2120 2969 et
2134 2897 2173 2967 in

1190 2995 1371 3066 communi
1392 2995 1464 3065 vita
1480 2995 1672 3066 necessaria
1689 3010 1757 3082 est,
1777 2991 1860 3093 περὶ
1881 2989 2173 3073 ἆδυνᾶτωνιισσ

1191 3112 1242 3167 est
1254 3096 1481 3182 deliberatio,
1507 3096 1566 3167 sed
1585 3090 1746 3168 hortator
1767 3120 1865 3179 sum,
1890 3112 1929 3169 ut
1955 3098 2119 3183 laborem
2138 3112 2172 3171 ct

1191 3199 1334 3293 quidem
1351 3197 1594 3268 dulcissimum
1609 3199 1711 3269 bonis
1727 3199 1879 3290 ingeniis
1893 3200 1932 3268 in
1947 3223 1986 3270 re
1999 3200 2173 3291 possibili,

1192 3315 1227 3370 et
1241 3324 1316 3369 nen
1331 3299 1445 3370 solum
1462 3300 1561 3385 utili,
1587 3302 1647 3369 sed
1664 3301 1820 3392 profecto
1836 3302 2033 3373 necessaria
2049 3304 2091 3374 in
2104 3296 2171 3375 Ec·

1191 3402 1318 3486 clesia,
1343 3414 1376 3471 et
1398 3424 1488 3495 quae
1509 3400 1632 3492 ingens
1655 3403 1761 3473 decus
1781 3417 1852 3493 est,
1878 3425 2006 3493 magna
2030 3428 2116 3475 cura
2139 3417 2172 3476 et

1192 3503 1302 3573 animi
1322 3501 1525 3574 intentione
1549 3503 1768 3596 suscipiatis,
1792 3504 1973 3588 videlicet,
1998 3518 2042 3578 nt
2066 3520 2104 3578 et
2119 3527 2170 3576 res

1192 3605 1401 3700 necessarias
1434 3617 1526 3673 recte
1559 3604 1720 3692 discatis,
1751 3619 1786 3676 et
1819 3606 2021 3695 adiungatis
2053 3629 2168 3678 cursen

1191 3721 1283 3778 recte
1294 3705 1494 3799 loquendi,
1525 3718 1567 3777 ut
1589 3729 1704 3776 sermo
1727 3708 1773 3778 sit
1795 3707 2065 3797 grammaticus,
2092 3732 2170 3801 pro·

1190 3808 1308 3903 prius,
1340 3807 1566 3900 perspicuus,
1597 3810 1742 3895 ordine,
1774 3811 1989 3896 verecunde,
2014 3809 2095 3880 sine
2114 3834 2171 3882 so·

1190 3907 1352 4004 phistica,
1368 3908 1447 3979 sine
1463 3908 1669 3980 confusione
1684 3934 1740 3981 res
1756 3911 1968 3980 necessarias
1982 3932 2170 4003 exponens.

1290 4008 1345 4081 De
1368 4005 1434 4081 hac
1455 4012 1635 4081 communi
1657 4025 1691 4082 et
1711 4011 1873 4103 possibili
1895 4012 2064 4082 facultate
2080 4012 2171 4100 dico,

1189 4139 1264 4185 non
1278 4113 1381 4184 aliter
1394 4136 1436 4182 ac
1451 4111 1481 4180 si
1497 4113 1621 4203 pictori
1638 4126 1819 4204 praecepta
1833 4113 1968 4198 darem,
1993 4125 2037 4184 ut
2049 4114 2082 4184 si
2097 4138 2172 4187 cor·

1190 4240 1256 4309 pus
1271 4239 1332 4286 seu
1354 4209 1531 4296 hominis,
1555 4236 1616 4285 seu
1634 4215 1768 4298 leonis,
1792 4208 1855 4284 seu
1876 4214 1970 4308 equi,
1995 4237 2060 4287 seu
2074 4217 2172 4288 aliod

1189 4319 1332 4411 pingere
1348 4317 1466 4387 vellet.
1518 4313 1678 4387 Primum
1694 4316 1809 4385 ideam
1824 4317 1982 4407 corporis
1997 4316 2037 4385 in
2055 4332 2171 4390 mente

1188 4432 1282 4489 recte
1303 4412 1593 4509 comprehensam
1616 4430 1768 4497 teneret,
1802 4416 1931 4487 deinde
1950 4430 1991 4488 nt
2006 4432 2171 4492 naturam

1190 4545 1296 4614 quam
1323 4519 1482 4612 proxime
1505 4518 1724 4603 imitaretur,
1749 4541 1814 4588 nec
1830 4533 2069 4591 monstrosam
2083 4523 2171 4596 ims-

1189 4624 1307 4713 ginem
1322 4623 1460 4691 faceret.

1285 4721 1410 4793 Laudo
1431 4734 1549 4805 antem
1571 4722 1789 4792 voluntatem
1813 4746 1953 4808 eorum,
1984 4725 2049 4818 qui
2081 4721 2171 4797 banc

1189 4819 1472 4894 adhortationem
1489 4845 1589 4913 saepe
1602 4836 1778 4915 repetunt.
1815 4820 1864 4895 Ut
1878 4825 1973 4895 enim
1988 4828 2171 4920 negligen-

1189 4924 1239 4995 tia
1259 4926 1298 4994 in
1320 4926 1500 5018 loquendo
1521 4923 1739 5017 corruptelas
1759 4925 1941 4996 doctrinae
1963 4926 2053 4998 olim
2074 4929 2171 5023 apud

1188 5021 1387 5096 Monachos
1408 5026 1526 5110 aurit,
1550 5025 1599 5097 ita
1622 5049 1719 5096 nunc
1740 5049 1863 5097 rursus
1885 5027 2022 5101 adferet
2036 5029 2172 5103 doctri·

1188 5151 1255 5198 nae
1270 5126 1513 5199 confusionem
1527 5139 1562 5198 et
1577 5128 1751 5202 tenebras.
1800 5122 1993 5221 Euripides
2007 5133 2173 5204 nominat

1188 5228 1431 5321 turpissimum
1457 5229 1642 5315 morbum,
1681 5229 1840 5318 liugnam
1866 5230 2087 5320 petulantem
2111 5257 2173 5305 sen

1189 5330 1357 5404 effrenem
1389 5320 1597 5403 ἀκόλαστον
1622 5333 1798 5428 γλῶσσαν
1824 5326 2019 5426 αἰσχίστην
2044 5328 2173 5410 νόσον.
