4680 6038
109 235 173 317 ιιι
574 194 738 309 unct.
770 229 847 308 ou
887 222 1172 309 unuusro
1203 223 1357 305 ouen
1389 226 1633 308 nauusv.
2039 238 2114 311 aas

109 403 359 481 nntroversias
382 398 641 477 haereditatum
663 419 699 478 et
719 417 965 477 contractuum
995 429 1087 500 quo·
1134 400 1290 474 ciuntur.
1328 398 1471 495 iusticia
1485 402 1572 490 luit,
1596 430 1671 476 non
1686 402 1843 478 adimere
1857 420 2030 480 vetustam
2047 407 2116 478 im·

109 509 163 583 ies
196 508 336 602 potuit,
374 506 519 578 diremit
548 508 868 593 transactionibus,
911 508 1085 602 aequitate
1134 502 1364 591 munitatem,
1389 503 1517 596 pietas,
1542 508 1740 582 reverentia
1765 510 1901 602 stirpis,
1926 523 1963 581 et
1986 534 2116 581 monu-

109 611 266 705 deinque
287 607 490 702 proposita,
513 623 549 682 et
570 631 720 680 monens
740 624 782 681 ut
798 609 976 701 litigantes
991 608 1083 680 mal·
1134 619 1335 676 mentorum
1359 607 1594 679 laudatissimi
1607 608 1803 703 Principis,
1829 613 1993 693 comitas,
2019 614 2115 705 quod

109 726 171 787 rut
185 725 320 805 partem
343 711 389 780 de
409 733 474 781 suo
494 711 715 805 relinquere,
749 735 856 805 quam
873 713 978 803 longa
993 735 1083 782 con-
1133 705 1357 778 familiariter
1370 733 1451 778 cum
1469 711 1597 780 colono
1620 713 1798 807 loquitur,
1822 726 1858 784 et
1882 715 2027 790 meanti
2052 716 2115 784 dat

109 814 256 887 emtione
270 826 452 903 sumptus,
476 812 634 894 labores,
659 827 692 884 et
708 835 811 884 curas
833 815 901 884 sibi
919 813 1081 885 cumula·
1133 807 1290 881 xenium.
1343 806 1438 898 Quia
1461 811 1571 900 igitur
1591 826 1627 885 et
1648 815 1762 887 iustus
1776 830 1852 887 erat
1866 829 1900 888 et
1922 816 2113 900 beneficus,

109 929 211 1005 eset
226 915 401 1006 impedire
416 913 486 985 alia
500 936 562 985 sua
580 915 725 1006 negocia
739 916 850 1006 magis
875 914 1082 999 necessaria,
1132 909 1347 1000 diligebatur
1380 935 1401 982 a
1435 913 1540 983 bonis
1572 917 1758 1004 omnibus,
1791 932 1825 989 et
1858 915 1926 989 hoc
1952 917 2113 988 munitus

109 1016 334 1093 taccendere
351 1015 433 1086 odia
449 1016 677 1102 familiarum,
702 1040 791 1110 quae
806 1031 925 1110 postea
941 1017 1081 1108 reipub.
1131 1012 1305 1103 pracsidio
1322 1012 1560 1087 formidabilis
1575 1032 1650 1090 erat
1664 1019 1907 1093 ferocioribus.
1948 1014 2112 1092 Omnino

109 1118 294 1191 terniciosa
316 1116 410 1201 sint,
450 1117 604 1213 denique
637 1143 726 1213 quae
751 1121 856 1191 etiam
881 1120 1081 1190 invocatio·
1132 1113 1430 1202 gubernatoribus
1447 1118 1614 1191 omnihus
1628 1143 1690 1192 seu
1707 1121 1875 1206 summis,
1900 1145 1961 1192 seu
1975 1120 2115 1189 medio·

109 1243 176 1293 tem
202 1216 271 1291 Dei
303 1217 513 1310 impediant.
572 1218 614 1289 lo
651 1217 716 1290 hac
748 1245 786 1291 re
809 1222 941 1293 multos
967 1244 1080 1291 annos
1130 1216 1251 1287 cribus
1272 1239 1362 1309 opus
1382 1231 1434 1290 est
1455 1219 1559 1290 sociis
1581 1235 1616 1294 et
1637 1224 1867 1294 consiliorum
1891 1223 2114 1295 elleborum.

109 1322 294 1397 &turem
322 1315 448 1390 habuit
473 1322 698 1393 excellentem
722 1322 838 1393 virum
860 1322 1030 1415 sapientia
1046 1336 1080 1394 et
1128 1312 1310 1388 Necunus
1325 1332 1388 1391 aut
1403 1320 1524 1392 videre
1548 1324 1689 1410 omnio,
1713 1338 1774 1396 aut
1795 1348 1896 1415 agere
1917 1335 2050 1417 puteat,
2073 1336 2115 1394 ut

109 1422 236 1499 mticia
267 1434 520 1515 praestantem,
562 1424 685 1495 multis
714 1425 819 1495 bonis
849 1423 1079 1517 Principibus
1129 1418 1311 1489 verissime
1332 1420 1467 1493 dictum
1496 1437 1563 1494 est:
1594 1430 1683 1518 ,seroie
1710 1423 1786 1525 γὰρ
1804 1429 1928 1523 χοῖρος
1951 1418 2114 1516 ἀσθενὴς

109 1518 260 1611 hum,
304 1518 552 1594 Balthasarum
590 1522 770 1596 Clammer
806 1523 1078 1601 Cancellarium.
1129 1512 1253 1614 μάχηέ
1296 1519 1502 1611 Singularis
1531 1526 1642 1617 igitur
1674 1529 1846 1599 foeliciter
1878 1526 2113 1619 Reipublicae

109 1618 190 1703 Jtile
216 1636 334 1697 autem
361 1647 436 1694 esse
460 1625 505 1694 ad
524 1628 900 1701 commonefactionem
924 1628 1078 1699 aliorum
1129 1636 1198 1709 est,
1222 1643 1304 1692 cum
1322 1622 1491 1719 Princeps
1506 1621 1610 1702 habet
1632 1629 1764 1701 amicos
1778 1630 1969 1722 sapientes,
1992 1629 2115 1712 iustos,-

109 1728 242 1803 ecitare
260 1729 429 1821 quasdam
455 1726 566 1819 ipsius
589 1728 765 1820 sapienter
779 1731 946 1821 cogitatas
959 1743 1077 1802 trans·
1128 1723 1392 1814 magnanimos,
1418 1729 1481 1822 qui
1502 1742 1537 1801 et
1557 1731 1674 1822 ipsum
1697 1733 1735 1802 in
1755 1733 1913 1802 consiliis
1927 1731 2039 1801 multa
2055 1753 2114 1798 re·

109 1830 268 1915 stiones,
300 1830 361 1898 sed
380 1829 552 1901 brevitate
575 1831 745 1921 temporis
766 1832 959 1924 impedior,
992 1834 1078 1901 uni·
1128 1838 1183 1895 cte
1198 1841 1388 1915 moneant,
1412 1844 1446 1903 et
1461 1833 1685 1905 autoritatem
1701 1836 1733 1905 ei
1750 1835 1788 1903 in
1803 1835 1936 1927 populo
1953 1843 2115 1923 augeant,

109 1948 171 2007 ιιι
201 1945 343 2005 tantum
369 1925 553 2002 historiam
584 1933 766 2015 adiiciam,
799 1958 905 2027 quam
931 1933 1077 2004 audive-
1128 1948 1168 1997 ac
1182 1927 1390 2022 plerumque
1408 1932 1530 2025 quales
1545 1949 1630 2006 sunt
1644 1936 1759 2022 amici,
1774 1937 1854 2007 talis
1868 1949 1919 2008 est
1933 1934 2115 2022 Princeps,

109 2050 175 2109 rut
189 2032 298 2105 multi
317 2055 358 2100 ex
376 2033 464 2124 ipso.
499 2032 688 2105 Praedium
703 2049 755 2106 est
773 2035 929 2105 vicinum
944 2035 1076 2126 oppido
1127 2041 1167 2099 ut
1182 2029 1245 2099 illa
1259 2030 1493 2103 vetustissima
1505 2035 1598 2106 dicta
1611 2037 1826 2128 significant:
1847 2033 1979 2131 ὅμοιον
1994 2030 2114 2128 ὁμοίῳ

109 2135 229 2237 ⁸2,le
251 2136 350 2229 quod
366 2131 801 2223 nominaturLutherlob‚
825 2140 923 2230 quod
951 2161 1077 2231 perpe·
1128 2124 1251 2226 φίλον,
1266 2143 1300 2201 et
1313 2126 1438 2205 ὁποῖαι
1450 2129 1640 2211 δέσποιναι
1654 2126 1751 2210 τοῖαι
1760 2135 1824 2211 καὶ
1834 2132 2114 2234 θεραπαινίδες.

109 2260 185 2323 sam
201 2230 329 2308 habuit
343 2234 614 2312 immunitatem.
1126 2228 1215 2303 Erat
1233 2232 1439 2323 sapienteet
1454 2260 1582 2329 magno
1597 2238 1695 2330 Rege
1714 2242 1843 2332 dignus
1857 2239 2010 2313 Senatus
2031 2261 2113 2307 cum

163 2336 261 2413 Cum
275 2352 393 2411 autem
410 2352 575 2431 quaestor
593 2340 696 2411 illum
712 2342 863 2412 fundum
878 2362 972 2411 nova
988 2364 1077 2431 pen·
1128 2335 1360 2411 consederant
1389 2334 1579 2432 Princeps,
1618 2340 1793 2414 Ascanius
1819 2339 1984 2414 Cramius
2018 2341 2114 2409 inter

109 2438 190 2515 ione
210 2454 553 2527 oneratumsesset,
579 2445 711 2516 accedit
734 2444 882 2515 colonus
906 2444 952 2512 ad
968 2440 1075 2512 Prin·
1127 2436 1293 2507 ductores
1306 2439 1523 2511 exercituum
1540 2442 1577 2511 iu
1595 2441 1800 2527 Germanis,
1815 2445 2025 2537 praecipuus
2040 2440 2114 2511 vir-

109 2544 224 2639 ίμην,
248 2555 369 2612 narrat
384 2542 491 2611 fuisse
510 2558 715 2635 perpetuam
739 2545 1016 2625 immunitatem,
1042 2556 1077 2614 et
1126 2548 1202 2607 tute
1221 2550 1257 2610 et
1282 2541 1491 2628 autoritate,
1517 2545 1635 2614 etalii
1660 2545 1730 2614 viri
1752 2545 1860 2617 inrita
1878 2558 1913 2617 ei
1929 2543 2053 2638 periti,
2079 2555 2114 2614 et

109 2643 450 2737 ahsmadditqnia
465 2644 562 2715 ineo
578 2647 690 2717 fundo
709 2659 813 2718 natus
825 2646 872 2718 sit
884 2641 1077 2716 Lotbarius
1127 2634 1299 2711 Oratores
1314 2642 1490 2733 sapientes
1500 2643 1688 2717 Fursterus
1702 2661 1737 2719 et
1750 2645 1983 2718 Clammerus.
2032 2643 2112 2714 Iloc

109 2758 301 2841 mpmtor,
325 2759 447 2818 narrat
462 2746 580 2834 etiam,
594 2771 631 2818 ae
648 2761 682 2819 et
695 2747 846 2819 maiores
858 2772 940 2820 auos
955 2747 1076 2819 multis
1127 2754 1243 2812 tantos
1261 2741 1358 2814 viros
1372 2746 1588 2819 verebantur
1599 2749 1727 2834 ctiam,
1748 2749 1776 2819 si
1794 2751 1856 2844 qui
1879 2761 1981 2819 erant
2002 2745 2113 2816 efferi.

109 2848 218 2923 tulis
230 2846 385 2941 tenuisse
397 2843 495 2919 huuc
508 2849 675 2935 fundum,
699 2864 734 2921 et
747 2850 989 2922 narrationem
1002 2865 1076 2921 tra·
1127 2841 1171 2914 ln
1188 2839 1255 2915 hac
1271 2848 1605 2922 commemoratione
1620 2850 1761 2942 longior
1778 2874 1909 2936 essem,
1930 2850 1960 2922 si
1975 2863 2114 2940 ternpus

109 2950 199 3027 'nam
212 2971 289 3021 esse
302 2974 322 3019 a
337 2949 549 3033 maioribus,
570 2953 617 3023 ab
630 2954 753 3025 eadem
765 2953 875 3045 stirpe
893 2965 928 3024 et
942 2947 1075 3022 Lotha-
1127 2948 1346 3019 concederet.
1396 2946 1522 3021 Dicam
1538 2953 1648 3043 igitur
1660 2977 1774 3047 pauca
1790 2956 1834 3024 de
1852 2953 2021 3024 interiore
2038 2949 2112 3020 vita

204 3064 244 3125 ct
272 3051 446 3122 familiam
470 3076 569 3123 suam
593 3068 689 3126 ortos
713 3076 804 3141 esse,
840 3078 881 3125 ac
904 3065 1001 3139 orat,
1034 3066 1075 3124 ut
1125 3060 1161 3118 et
1180 3049 1373 3157 domestica
1393 3056 1670 3143 consuetudine,
1701 3055 1739 3125 in
1763 3080 1833 3149 qua
1866 3055 1987 3125 nullae
2011 3065 2113 3122 crant

109 3149 406 3249 apterLotbarii
422 3155 629 3226 memoriam
643 3170 796 3228 veterem
812 3156 1074 3228 immunitatem
1125 3150 1299 3236 latebrae,
1323 3153 1446 3224 nullae
1459 3157 1722 3243 occultationes,
1746 3158 1888 3228 vivebat
1903 3156 1943 3225 in
1960 3157 2049 3237 luce,
2074 3153 2113 3220 in

109 3280 185 3331 stus
198 3254 283 3327 eius
301 3256 428 3327 natalis
441 3256 601 3329 retincat.
652 3259 853 3332 Delectatus
869 3253 935 3327 bae
950 3281 1075 3327 narra-
1125 3250 1239 3321 oculis
1254 3253 1433 3340 omnium,
1458 3258 1628 3346 patebant
1641 3261 1687 3328 ad
1710 3282 1791 3329 eum
1814 3258 1933 3329 aditus
1953 3253 2112 3327 honestis

109 3360 184 3433 'me
208 3354 402 3451 Princeps,
425 3359 510 3452 quia
534 3353 744 3432 Lotharium
766 3373 912 3452 propter
932 3358 1075 3430 virtutis
1124 3351 1294 3424 omnibus
1311 3355 1484 3447 quotidie.
1534 3353 1623 3431 Erat
1644 3359 1739 3430 enim
1764 3374 1800 3431 et
1814 3359 2004 3429 domestica
2023 3379 2112 3425 con-

109 3457 341 3535 nestantiam
355 3472 391 3531 et
405 3459 526 3552 stirpis
540 3461 648 3532 decus
664 3485 766 3555 saepe
780 3459 991 3543 celebrabat,
1016 3485 1074 3531 ac·
1125 3454 1276 3526 suetudo
1292 3455 1396 3548 plena
1409 3459 1626 3551 optimorum
1640 3463 1893 3554 exemplorum.
1919 3456 2007 3530 Erat
2023 3471 2113 3527 tem»
2215 3528 2217 3537 ,

109 3562 189 3637 srsit
206 3575 452 3657 quaestorem,
478 3563 673 3654 interrogat
687 3567 733 3636 de
747 3564 974 3635 immunitate
989 3561 1074 3634 lun·
1124 3579 1273 3649 perans,
1304 3572 1439 3641 castus,
1481 3563 1642 3649 sobrius,
1676 3561 1940 3662 φιλόστοργος,
1975 3576 2011 3632 et
2037 3572 2113 3628 erat

109 3660 140 3755 i,
160 3664 271 3737 iubet
290 3677 326 3737 et
347 3663 467 3736 vocari
489 3688 590 3735 senes
613 3667 767 3752 vicinos,
791 3678 930 3762 quosct
944 3664 989 3735 de
1004 3664 1075 3734 im·
1124 3658 1289 3749 gravitati
1301 3661 1412 3732 mixta
1427 3664 1593 3737 suavitas.
1643 3668 1727 3738 Erat
1746 3689 1869 3736 amans
1890 3663 2050 3744 ordinis,
2076 3674 2112 3730 et

109 3766 282 3851 nitate,
313 3768 415 3840 etde
437 3767 556 3838 coloni
581 3769 716 3840 familia
739 3769 945 3859 interrogat.
995 3758 1083 3838 Ho-'
1124 3773 1217 3831 recte
1241 3773 1400 3853 tempora
1422 3764 1658 3839 distribuebat
1682 3768 1926 3860 precationum
1950 3763 2111 3859 publica·

109 3866 436 3941 amnarratiocum
452 3885 659 3960 congrueret
674 3888 754 3944 cum
779 3870 901 3942 coloni
915 3892 1074 3940 comme·
1124 3886 1205 3934 rum
1217 3875 1253 3933 et
1269 3864 1555 3956 domesticarum,
1575 3870 1767 3942 lectionum
1783 3870 2011 3962 privatarum,
2024 3889 2112 3935 con·
2213 3934 2219 3943 ,

109 3970 307 4053 naboe,
339 3967 509 4062 Princeps
538 3973 669 4052 laetus,
699 3974 796 4068 quod
819 3973 918 4043 locus
943 3971 1073 4042 natalis
1109 3964 1288 4035 'tiliorum
1318 3968 1563 4058 publicorum,
1601 3973 1854 4063 prandiorum,
1897 3990 2111 4049 coenarum,

109 4066 249 4147 aharii
271 4069 497 4164 lmperatoris
509 4074 679 4167 sapientia
693 4089 728 4146 et
745 4075 875 4146 virtute
893 4088 1074 4166 praestan-
1124 4066 1259 4152 somni,
1285 4069 1526 4145 venationum.
1556 4069 1751 4162 Coniugem
1769 4067 1895 4143 babuit
1911 4083 2111 4140 matronam

109 4174 217 4249 'stibi
227 4185 447 4246 monstratus
461 4189 552 4261 erat,
576 4189 611 4248 et
632 4178 728 4270 quod
753 4176 892 4248 vicinus
903 4189 993 4248 esset
1007 4198 1073 4245 suo
1124 4164 1420 4257 honestissimam,
1445 4172 1553 4242 liliam
1570 4172 1680 4245 Ducis
1691 4171 1995 4264 Megalburgensis
2010 4168 2113 4239 llen·

109 4277 291 4362 nolio,
312 4298 433 4348 severe
447 4276 547 4349 iubet
561 4277 601 4347 in
615 4278 717 4350 libris
732 4277 951 4367 Quaesturae
964 4275 1074 4348 scribi
1123 4269 1210 4355 rici,
1234 4271 1297 4364 qui
1325 4272 1497 4364 sapientia
1518 4274 1703 4362 excelluit,
1727 4287 1847 4346 natam
1872 4299 1914 4346 ex
1936 4273 2007 4343 lilia
2021 4266 2113 4341 Phi·

109 4392 194 4453 rur·
208 4373 305 4449 banc
321 4379 576 4463 narrationem,
603 4394 639 4453 et
654 4381 765 4467 addit,
785 4402 822 4450 se
839 4380 949 4465 velle,
973 4393 1014 4450 ut
1028 4380 1073 4449 ad
1124 4372 1213 4465 lippi
1229 4369 1383 4445 Palatini
1404 4369 1593 4452 Electoris.
1645 4375 1800 4470 fuitque
1821 4375 2027 4467 coniugium
2050 4397 2111 4443 ca·

109 4480 485 4574 aaa-posteritatem
499 4477 559 4552 hic
572 4482 706 4554 lundus
719 4483 765 4552 sit
786 4482 967 4568 immunis,
987 4481 1072 4577 quia
1124 4488 1240 4560 stum,
1269 4476 1392 4557 dulce,
1422 4477 1658 4567 foecundum,
1688 4480 1828 4550 etfilios
1850 4491 1885 4550 et
1906 4477 1997 4548 filias
2018 4488 2112 4546 recte
2202 4512 2205 4519 ·

109 4584 255 4661 'stocos
277 4583 406 4655 natalis
421 4579 584 4655 Lotharii
600 4583 839 4678 Imperatoris.
891 4582 1072 4655 ΟοΙοοοπι
1124 4574 1259 4647 erudiri
1282 4580 1327 4648 de
1350 4574 1445 4663 Deo,
1477 4593 1512 4651 et
1535 4582 1580 4650 de
1603 4581 1772 4652 omnibus
1802 4577 1961 4652 honestis
1984 4576 2110 4649 officiis

109 4686 191 4761 lin
203 4686 307 4758 iubet
322 4708 439 4756 mcum
452 4689 648 4778 prandere,
678 4700 711 4759 et
727 4682 910 4772 hortatur,
935 4700 1073 4757 utrum
1123 4693 1272 4772 pateret
1285 4692 1398 4750 mater
1412 4696 1637 4765 curaverunt,
1653 4683 1813 4777 quotidie
1827 4683 1933 4754 etism
1949 4682 1994 4750 ad
2009 4699 2110 4746 men·

109 4786 311 4883 *ustionis
324 4788 542 4859 mentionem
559 4788 694 4874 iecerit,
717 4789 808 4858 filios
823 4802 917 4860 recte
932 4787 1073 4859 erudiat
1124 4804 1198 4852 sam
1220 4779 1287 4850 lilii
1311 4794 1343 4851 et
1361 4781 1455 4852 filiae
1467 4807 1548 4854 cum
1565 4786 1771 4877 parentibus
1787 4783 2006 4876 precationes
2018 4777 2111 4848 reci·

109 4886 221 4963 rDeo
237 4902 274 4961 et
297 4889 462 4960 debonis
477 4890 654 4975 moribus,
687 4905 721 4964 et
743 4914 803 4961 eos
827 4892 872 4962 ad
902 4889 1072 4962 virtutem
1122 4895 1257 4958 terunt.
1293 4879 1566 4978 Praeceptorum
1583 4886 1667 4956 filiis
1687 4898 1788 4979 pater
1802 4883 1902 4954 dedit
1916 4883 2033 4953 virum
2053 4881 2112 4948 in·

109 4978 318 5075 ludariae,
343 5006 379 5064 et
402 4994 518 5064 tradat
543 4994 696 5064 fundum
718 4993 868 5086 posteris
887 4994 1073 5077 tuendum,
1123 5001 1279 5079 tegrum,
1308 4984 1544 5059 Guilielmum
1566 4985 1769 5079 Megalum,
1795 5010 1899 5082 ‘1⁰0³'
1923 4981 2113 5055 familiari·

109 5118 279 5193 equoque
290 5095 320 5164 si
335 5095 416 5188 quis
431 5118 472 5166 er
485 5095 568 5165 filiis
584 5096 694 5167 discet
709 5097 846 5180 literas,
872 5093 904 5164 ei
918 5119 994 5166 non
1009 5094 1073 5165 de·
1125 5105 1178 5162 ter
1191 5088 1324 5160 erudiit
1336 5083 1539 5160 Ioachimus
1556 5088 1792 5176 Camerarius,
1814 5088 1914 5160 cuius
1930 5100 1982 5157 est
1997 5083 2113 5154 excel·

109 5208 246 5271 turum
263 5220 338 5268 esse
353 5198 529 5269 adfirmat.
567 5193 708 5268 Deinde
724 5197 920 5268 discedenti
942 5197 1071 5266 colono
1124 5195 1201 5263 lens
1231 5191 1406 5278 eruditio,
1447 5191 1621 5286 sapientia
1650 5204 1685 5264 et
1713 5190 1899 5285 integritas
1921 5189 1960 5259 in
1986 5185 2110 5257 omnio

109 5298 183 5373 rhet
203 5298 284 5370 dari
309 5322 449 5392 pannos
478 5301 523 5370 ad
555 5299 755 5372 vestiendos
782 5298 875 5370 tilios
906 5311 941 5371 et
966 5298 1071 5371 lilios.
1122 5294 1251 5368 officio.

109 5396 286 5475 Harum
299 5401 474 5476 virtutum
490 5402 530 5472 in
546 5395 614 5473 boc
629 5403 791 5498 exemplo
805 5402 907 5494 signa
928 5399 1072 5493 conspi-
