4680 6038
159 148 239 258 aaa
892 244 895 249 ,
936 118 1417 245 orsrurarr'onus
2119 180 2195 259 σοι

168 346 579 434 trabimentesaDeo,
619 361 655 418 et
683 345 759 416 veri
790 343 949 430 dolores,
989 356 1023 417 et
1054 366 1157 416 verae
1236 339 1415 436 (LXXI.)
1460 340 1966 424 utsPtJ‘rA'rtodtts
1994 346 2173 446 DUAE,

172 454 435 529 consolationes
455 454 663 524 discernunt
680 448 758 543 pios
773 448 818 517 ab
832 442 1039 541 hypocritis.
1209 454 1324 561 prim
1362 460 1412 536 de
1451 469 1609 538 gaggida
1648 463 1752 565 fidet.
1816 465 1984 543 Socanda
2017 468 2068 545 g,
2099 470 2195 546 pm

275 571 338 647 29.
369 569 446 642 Hac
462 571 501 640 in
515 570 588 639 vita
605 591 709 639 usum
725 559 878 647 babent,
912 580 947 637 et
969 589 989 635 a
1011 562 1080 657 piis
1100 564 1159 634 inr-
1213 565 1398 662 operibus.
1458 563 1612 640 Habitus
1639 591 1661 640 a
1687 570 1969 648 Bernhardo
1992 576 2195 673 ligiam,

173 676 286 765 telligi
314 687 482 766 possunt,
522 674 567 742 ad
589 691 742 765 quorum
761 667 892 738 iudicia
915 689 1158 760 provocamus.
1557 669 1603 745 D.
1626 667 1856 771 Theologiffl,

175 779 277 852 Sicut
300 777 403 847 docet
427 772 603 845 Psalmus:
641 768 834 864 Expectavi
856 769 1066 846 Dominum.
1117 766 1162 838 In

176 879 379 951 verboeius
394 875 541 973 speravi.
1414 855 1752 949 Disputatio
1790 868 1997 955 prima:

223 1030 230 1039 ·
283 997 345 1069 30.
377 995 536 1066 llaerent
551 993 590 1066 in
608 995 771 1065 omnium
794 991 923 1064 animis
945 991 1165 1064 tristissimae
1518 995 1580 1067 De
1605 999 1763 1070 iusticia
1786 993 1890 1095 fidei.

179 1098 439 1184 dubitationes,
472 1097 602 1191 quibus
626 1119 700 1166 non
723 1119 920 1189 repugnare
944 1109 996 1168 est
1015 1095 1167 1188 prosun÷
1215 1141 1258 1228 Η
1285 1158 1295 1177 ,

180 1204 268 1273 dum
282 1213 317 1271 et
329 1223 494 1291 magnum
510 1211 709 1290 peccatum,
736 1200 831 1292 quod
847 1197 959 1288 gignit
975 1211 1083 1269 tetros
1097 1198 1167 1266 fre·
1259 1181 1339 1230 ⁰¹⁰⁸

179 1304 288 1373 mitus
302 1304 468 1372 adversus
482 1296 618 1389 Deum,
643 1300 706 1395 qui
722 1301 790 1371 tela
807 1300 918 1390 ignita
932 1298 1168 1370 Diabolorum

180 1405 355 1489 invitant,
384 1415 506 1473 contra
530 1426 621 1497 quae
639 1403 739 1473 iubet
758 1399 860 1499 Deus
877 1403 1012 1494 opponi
1034 1402 1169 1490 cogita-

184 1508 321 1577 tionem
345 1506 445 1575 verbi
468 1518 502 1575 et
522 1504 780 1597 precationem,
812 1503 903 1575 sicut
924 1505 963 1574 in
979 1502 1171 1575 Salomone

184 1609 333 1679 dicitur:
360 1602 492 1677 Omnis
511 1627 626 1675 sermo
639 1603 705 1676 Dei
721 1606 854 1698 clipeus
870 1620 920 1677 est
944 1606 1019 1696 igni
1041 1628 1172 1697 purga·

184 1725 243 1782 tus
259 1708 482 1800 sperantibus
498 1722 642 1799 propter
660 1707 792 1799 ipsum.
845 1706 950 1777 ltem:
977 1703 1108 1793 Orate,
1127 1729 1173 1775 ne

186 1812 329 1906 intretis
351 1810 389 1879 in
416 1810 658 1879 tentationem.
719 1806 816 1878 Haec
838 1808 931 1880 lucta
953 1810 999 1880 sit
1023 1809 1175 1894 assidua,

188 1937 327 2005 semper
348 1911 387 1980 in
409 1924 597 2002 conspectu
618 1910 691 1980 sint
718 1911 930 1983 dicta.certa
953 1924 987 1982 et
1010 1911 1175 1990 illustria,

188 2029 224 2085 et
240 2015 430 2083 misceatur
443 2013 617 2104 precatio,
644 2025 685 2082 ut
699 2008 879 2084 Dominus
893 2013 1027 2107 inquit:
1053 2009 1176 2105 Opor·
1225 2091 1402 2157 catorum,
1429 2089 1465 2148 et
1488 2077 1759 2168 imputationem
1781 2079 1962 2167 fumiae,
1988 2097 2025 2154 et
2049 2082 2198 2156 domnio·

188 2130 240 2186 ῐθῑ
257 2139 394 2207 “¹¹¹9er
412 2138 523 2185 ΜΘ·
1225 2203 1306 2248 nem
1329 2177 1486 2269 Spiritus
1509 2181 1643 2261 sancti,
1682 2179 1895 2253 vivificantis
1917 2186 2028 2255 corda
2050 2187 2134 2271 lide,
2166 2185 2198 2255 id

292 2234 353 2304 st.
381 2230 657 2305 Teutationibus
673 2234 717 2304 de
732 2231 945 2323 indignitate
962 2236 1176 2331 opponenda
1226 2294 1295 2366 est,
1320 2279 1447 2350 fiducia
1464 2281 1686 2364 mediatoris,
1713 2283 1752 2349 in
1766 2306 1838 2375 quo
1853 2298 1956 2357 mom
1978 2310 2063 2357 me
2083 2289 2121 2357 fig
2139 2282 2199 2356 lm

189 2335 419 2407 estdoctrina
439 2336 483 2405 de
505 2337 655 2425 gratuita
682 2336 981 2412 reconciliatione.
1041 2336 1177 2456 Tenta—
1226 2382 1265 2452 in
1290 2381 1417 2467 nobis,
1449 2382 1544 2475 quod
1569 2380 1655 2454 dicit
1676 2378 1857 2457 Christus,
1891 2358 2051 2480 spiritu,
2070 2402 2199 2459 „mm

189 2439 351 2555 tionibus
368 2460 453 2506 vero
467 2438 512 2506 de
528 2437 698 2508 electione
715 2450 953 2558 opponantur
969 2440 1177 2559 promisspo-
1249 2483 1436 2553 purificabit
1458 2506 1526 2556 me·
1578 2481 1684 2555 Tunc
1705 2507 1830 2556 mea
1882 2489 1971 2562 wit
2025 2491 2187 2561 mmor

90 2558 95 2570 ’
189 2562 255 2609 nes
268 2538 507 2621 universales,
531 2539 860 2629 neclabelactemus
873 2540 955 2610 fider
972 2554 1074 2611 mitra
1090 2541 1178 2610 abe·
1226 2507 1248 2575 g
1299 2585 1307 2602 ·
1373 2583 1465 2653 lfi·
1513 2578 1539 2653 h
1601 2583 1611 2600 ·
1799 2510 1881 2659 ben.
1949 2514 2016 2609 ,ω
2187 2536 2197 2569 ’

192 2641 251 2709 nis
287 2639 587 2730 disputationibus
620 2663 694 2709 non
724 2640 898 2711 mandatis
929 2665 948 2711 a
978 2639 1075 2727 Deo,
1115 2643 1177 2712 sed
1227 2599 1380 2756 Mnffi
1425 2597 1798 2755 tpmciatwmvm
1826 2592 2009 2709 ‘dimine‘
2179 2693 2198 2711 ..

191 2742 305 2811 simus
326 2763 503 2810 memores
523 2741 609 2811 dicti
630 2740 836 2836 Syracidae:
871 2740 973 2832 Quae
993 2743 1091 2814 Deus
1111 2744 1178 2815 tibi
1227 2737 1402 2860 semem&
1416 2707 1639 2856 affixum?
1663 2700 1857 2808 aemmft
1871 2688 2197 2813 ¹¹i¹m⁰¹²Ei³i¹⁸²¹¹¹

191 2842 389 2934 praecepit,
419 2855 538 2913 sancte
562 2842 689 2933 cogita.
746 2840 830 2912 Non
851 2845 922 2934 agit
942 2846 1090 2916 verbum
1109 2842 1179 2918 Dei
1249 2917 1256 2931 ,
1469 2841 1479 2872 ’
1538 2788 1971 2907 geum-poemtenmm
1984 2810 2197 2888 muni*

1227 2904 1320 2975 cata,
1345 2913 1420 2959 non
1436 2902 1581 2979 propter
1596 2913 1737 2982 propria
1760 2893 1962 2983 benefacta,
1986 2900 2052 2969 sed
2074 2911 2197 2991 propter

1227 2991 1340 3061 filium
1375 2987 1444 3061 Dei
1473 2990 1582 3080 gratis
1611 3015 1675 3083 per
1705 2992 1830 3080 tidem,
1878 3021 1950 3090 qua
1978 3014 2024 3071 [et
2051 3000 2194 3070 articulos

193 3102 220 3179 '.
298 3060 359 3129 32·
391 3058 580 3178 ῌθῐΐθῐῑᾶὃ
597 3061 758 3180 50¹¹¹Pietas
774 3075 825 3131 ⁸⁸²
840 3059 1018 3181 Ppnffififfi
1033 3063 1179 3154 d⁰8¹¹¹³·
1229 3115 1353 3164 omnes
1372 3091 1455 3164 fidei
1471 3092 1639 3178 credunt,
1672 3107 1708 3165 et
1728 3096 1798 3166 sibi
1824 3100 2010 3190 applicant
2029 3101 2195 3174 articulum

193 3175 259 3244 tas,
286 3162 382 3254 quod
407 3163 507 3232 rubet
529 3162 694 3232 dubitare
719 3164 763 3231 de
787 3186 994 3234 rernrssrone
1018 3178 1179 3255 peccato·
1229 3198 1274 3265 de
1296 3192 1522 3278 remissione,
1555 3217 1595 3264 ac
1619 3194 1690 3266 gibi
1711 3195 1798 3288 ipsig
1818 3202 1954 3275 remitti
1976 3218 2196 3295 pecuum.

166 3338 171 3345 ,
192 3286 292 3347 rum,
316 3264 406 3334 sicut
420 3276 455 3333 et
470 3262 636 3358 Synodus
648 3263 861 3333 Tridentina
877 3266 1042 3341 decrevit.
1229 3297 1332 3370 dum·

295 3381 354 3452 33.
388 3379 525 3451 Multae
547 3381 804 3450 controversiae
820 3381 1009 3453 diiudicari
1031 3396 1180 3476 possunt
1332 3394 1397 3468 tv.
1422 3389 1543 3466 Actor.
1560 3393 1618 3464 10.
1634 3395 1781 3470 dicitur:
1808 3396 1902 3471 Huic
1916 3425 2047 3478 omnes
2061 3403 2197 3501 Prophe·

192 3509 234 3553 ²¹
245 3482 484 3552 Grammaliffl
500 3484 640 3572 ⁶⁰dssll³
657 3477 789 3573 Phffii·
840 3480 974 3555 H⁰⁵5¹¹⁸
990 3507 1179 3585 afdumbn?
1230 3515 1285 3573 tae
1301 3498 1544 3571 testimonium
1560 3492 1768 3588 perbibent,
1794 3503 1954 3594 accipere
1969 3511 2194 3582 remissionem

190 3597 289 3654 tatur
303 3586 347 3652 de
368 3584 554 3652 sacrificio:
589 3581 717 3652 Graeci
742 3584 929 3656 nominant
951 3587 1180 3657 administra·
1230 3613 1452 3693 peccatorum
1476 3624 1539 3690 per
1559 3622 1691 3669 nomen
1716 3604 1791 3674 eius
1818 3629 1964 3694 omues,
1988 3613 2054 3706 qui
2074 3612 2192 3684 eredunt

192 3685 328 3753 tionem
345 3707 473 3753 coenae
491 3681 638 3754 Domini
656 3680 909 3781 λειτουργίαν,
933 3688 1043 3777 igitur
1057 3700 1109 3759 est
1123 3711 1180 3758 sa·
1230 3706 1269 3773 in
1285 3727 1376 3778 eum,
1414 3696 1463 3771 Et
1478 3698 1685 3774 adRoman,
1701 3705 1736 3778 5,
1746 3732 1755 3773 ς
1781 3703 2022 3783 lustificamur
2035 3714 2194 3805 gram

192 3785 376 3854 crilicium.
429 3781 478 3855 At
492 3781 700 3884 λειτουργία
716 3787 890 3876 significat
911 3790 1054 3880 proprie
1069 3789 1179 3860 mini·
1229 3805 1378 3896 gratiam
1408 3802 1539 3893 ipsius,
1577 3826 1642 3894 per
1667 3807 1946 3897 redemtionem,
1989 3840 2087 3909 quae
2106 3814 2195 3887 estin

193 3885 340 3956 sterium
357 3886 558 3977 publicum,
584 3902 617 3957 et
634 3888 785 3957 maxime
802 3892 1016 3960 conveniens
1033 3915 1179 3977 nomen,
1228 3901 1373 3980 christo
1388 3900 1487 3990 lesu,
1508 3927 1613 3999 quem
1631 3878 1817 3998 proposuit
1830 3907 1928 3983 Dea,
1941 3918 2196 4011 pmpifflgm

60 4048 64 4053 .
192 3990 301 4060 estad
319 4002 519 4059 nostrarum
538 3984 774 4059 Ecclesiarum
793 3993 1103 4075 consuetudinem,
1139 3994 1184 4062 in.
1229 4010 1411 4102 perfidem
1430 4006 1468 4074 in
1487 4006 1759 4095 sanguinem,

193 4113 262 4183 qua
277 4091 442 4161 minister
457 4090 597 4181 publice
615 4087 758 4161 exbibet
773 4094 1005 4165 sumentibus.
1331 4107 1377 4179 V.
1408 4105 1482 4177 Nec
1496 4108 1645 4178 obscura
1659 4125 1743 4183 sunt
1757 4107 1843 4185 haec
1867 4113 2107 4216 intelligenti,
2131 4120 2198 4216 quit

296 4208 356 4282 34.
381 4206 518 4298 Regula
535 4208 735 4277 firmissima
755 4223 825 4293 est,
852 4207 953 4281 Nibil
972 4209 1101 4285 babere
1118 4204 1178 4287 ra·
1230 4214 1276 4286 sit
1297 4208 1554 4298 Evangelium,
1594 4223 1630 4283 et
1661 4215 1767 4310 quod·
1788 4215 1836 4288 sit
1861 4218 2060 4295 discrimen
2079 4221 2199 4317 legisct

192 4309 328 4377 tionem
350 4309 569 4378 Sacramenti
593 4323 688 4379 extra
711 4334 815 4381 usum
839 4313 1060 4396 institutum,
1092 4317 1177 4410 qnia
1228 4311 1428 4401 Evangelii.
1709 4304 1717 4319 '

64 4410 69 4415 '
191 4409 293 4479 nulla
317 4424 474 4480 creatura
498 4406 605 4480 babet
628 4415 853 4484 autoritatem
875 4415 1084 4487 instituendi
1111 4417 1177 4488 Sa·
1330 4412 1395 4489 vl.
1426 4409 1518 4485 Cum
1533 4407 1794 4487 Adam'etEva
1817 4419 1906 4514 lapsi
1927 4440 2068 4514 essent,
2092 4438 2201 4499 nomi

105 4543 116 4555 ·
191 4526 382 4585 eramenta.
432 4506 527 4602 Ergo
543 4513 745 4603 pontificiae
767 4517 990 4587 adorationes
1012 4506 1050 4587 in
1075 4521 1177 4590 obla·
1229 4519 1358 4609 legem,
1381 4530 1415 4585 et
1432 4515 1515 4584 inde
1533 4517 1848 4606 ratiocinabantur,
1873 4545 1911 4593 se
1926 4526 2203 4601 damnatorem:

191 4614 291 4683 tione
321 4628 356 4686 et
384 4614 712 4701 circumgestatione
735 4629 819 4686 sunt
844 4617 1023 4689 idolorum
1047 4621 1175 4695 cultus.
1229 4618 1371 4691 lusticia
1389 4614 1457 4687 Dei
1473 4630 1524 4686 est
1542 4618 1794 4707 immutabilis,
1820 4625 1984 4697 damnari
2008 4630 2203 4705 inobedicu·
2232 4630 2234 4707 ζ

186 4709 236 4785 Et
249 4716 374 4806 regula
387 4716 539 4785 tenenda
556 4728 624 4785 est:
651 4713 776 4805 Fugite
799 4719 905 4788 idola.
955 4719 1102 4793 Necesse
1125 4737 1177 4796 est
1228 4735 1280 4792 tes
1299 4735 1350 4792 est
1365 4719 1504 4789 iusticia
1520 4714 1609 4805 Dei,
1641 4741 1724 4809 ergo
1739 4745 1814 4793 non
1828 4728 2031 4802 mutabitur
2046 4735 2203 4809 senum

189 4830 307 4888 autem
325 4833 358 4888 et
373 4840 475 4887 veros
493 4839 577 4886 usus
590 4817 740 4903 discere,
769 4833 804 4888 et
816 4821 853 4887 in
872 4824 1050 4893 sumtione
1064 4848 1175 4916 agno·
1228 4825 1273 4893 de
1286 4820 1525 4894 damnatione.
2231 4892 2234 4899 .

52 4974 58 4985 .
188 4938 283 4987 scere
307 4942 372 4989 nos
388 4914 528 4989 Christo
553 4919 679 4989 insitos
700 4942 791 5000 esse,
817 4935 987 5014 tanquam
1013 4928 1175 4999 surculos
1330 4922 1414 4993 Vll.
1454 4919 1534 4992 Hoc
1564 4938 1811 5012 argumentum
1835 4929 1936 5002 nulla
1962 4952 2129 5009 creatura
2148 4936 2234 5009 sol-¹

187 5032 223 5091 ct
245 5043 328 5090 vere
357 5020 543 5112 participes
567 5042 640 5089 esse
667 5044 887 5090 summorum
909 5025 1175 5117 beneficiorum,
1226 5050 1309 5096 vere
1322 5024 1458 5118 potuit,
1482 5025 1544 5093 sed
1559 5024 1654 5095 lilius
1671 5021 1740 5096 Dei
1754 5029 1992 5105 inenarrabili
2007 5041 2161 5113 consilio
2177 5052 2205 5109 et

1362 1157 1635 1250 propositionis:
1673 1159 1763 1232 Fide
1796 1164 2050 1253 iustificamur,
2089 1172 2194 1243 variae

1218 1261 1439 1353 corruptelae
1467 1282 1543 1332 non
1569 1263 1685 1334 solum
1706 1260 1775 1335 hoc
1797 1280 1976 1361 tempore,
2010 1269 2077 1340 sed
2103 1272 2195 1343 etiam

1218 1363 1306 1434 olim
1323 1361 1535 1453 excogitatae
1550 1378 1652 1453 sunt,
1680 1390 1770 1461 quae
1791 1393 1920 1459 magna
1939 1370 2129 1460 vigilantia
2147 1398 2196 1445 ca»

1222 1465 1357 1536 rendae
1384 1477 1420 1536 et
1449 1466 1656 1537 refutandae
1688 1482 1791 1554 sunt,
1838 1495 1885 1542 ne
1915 1472 2121 1563 praestigiis
2147 1499 2195 1545 so-

1223 1563 1438 1660 phismatum
1454 1567 1670 1640 inducantur
1692 1572 1860 1643 tenebrae
1880 1574 2041 1665 simplici
2060 1577 2197 1661 veritati,

1222 1683 1258 1741 et
1270 1669 1480 1741 obscuretur
1495 1670 1606 1759 gloria
1620 1667 1783 1758 liliiDei,
1814 1686 1849 1745 et
1861 1699 1942 1747 vera
1956 1700 1999 1746 ac
2014 1679 2196 1749 uetantia

1223 1770 1421 1843 consolatio
1438 1772 1664 1843 conscientiis
1679 1772 1862 1864 eripiatur.

1325 1870 1373 1943 ll.
1415 1869 1508 1943 Cum
1529 1886 1648 1944 autem
1672 1875 1717 1944 de
1738 1872 1991 1951 lustibcatione
2015 1880 2198 1974 loquimur,

1225 1997 1364 2047 necesse
1378 1987 1430 2044 est
1445 1970 1530 2045 haec
1550 1975 1617 2046 tria
1636 1976 1842 2068 complecti,
1866 1981 2116 2053 remissionem
2129 2006 2198 2074 pec·

194 2944 272 3015 siue
288 2943 519 3035 cogitatione,
542 2959 584 3016 ut
601 2947 691 3015 liunt
706 2944 859 3035 magicae
874 2947 1040 3021 actiones.

185 5144 276 5212 quae
297 5116 475 5191 Ecclesiae
500 5122 649 5207 meruit,
683 5135 718 5191 et
741 5146 806 5212 pro
831 5123 881 5192 eis
903 5127 1034 5213 gratias
1060 5154 1174 5221 agere.
1227 5128 1399 5198 immensa
1436 5126 1613 5213 bonitate,
1658 5143 1776 5200 motus
1803 5132 2055 5211 misericordia
2082 5138 2233 5234 generi.

182 5217 268 5291 Ideo
305 5224 438 5296 dictum
473 5237 541 5296 est:
580 5220 658 5295 lloc
691 5225 795 5293 facite
829 5225 868 5294 in
903 5229 972 5297 mei
1006 5237 1181 5307 recorda·
1226 5223 1394 5310 humani,
1419 5228 1532 5297 faciut
1553 5242 1604 5300 est
1625 5229 1849 5319 deprecator,
1870 5248 1906 5306 ct
1928 5238 1983 5307 illi
2007 5232 2233 5334 argumeu'*

181 5322 325 5400 tionem.
814 5356 822 5371 ·
1225 5331 1274 5403 sic
1297 5328 1499 5427 respondit,
1538 5341 1579 5401 ut
1599 5330 1760 5404 iusticias
1780 5330 1849 5406 Dei
1886 5339 2098 5435 satisfieret,
2136 5344 2202 5441 quit
