4680 6038
590 208 749 320 usco
790 239 864 318 un
897 240 1040 316 Vtra
1073 238 1463 320 uuosuuaou.
1984 246 2060 320 sos

131 410 334 512 'capariam
360 416 565 510 praesertim
581 418 620 485 in
641 438 709 511 qua
725 418 834 510 possit
848 418 923 486 fieri
941 418 1016 487 col·
1044 421 1175 489 ditate
1201 416 1375 488 vindictae
1395 430 1455 487 aut
1480 419 1669 509 pecuniae,
1703 443 1807 490 nemo
1832 420 1907 490 siue
1924 421 2057 493 auxilio

131 519 340 589 indiciorum
357 544 437 590 cum
455 521 558 590 bonis
576 535 610 591 et
622 522 735 591 doctis
750 521 847 591 viris.
1037 514 1041 585 l
1064 519 1132 591 Dei
1149 534 1263 590 tantas
1279 519 1500 590 difficultates
1514 543 1679 611 superare
1696 518 1820 613 potest.

131 616 199 692 Nec
228 637 346 692 tamen
372 623 485 692 deluit
513 622 592 691 aliis
619 624 791 712 gentibus.
852 621 943 708 Sed,
975 635 1016 692 ut
1168 621 1252 692 Fuit
1276 636 1394 692 autem
1419 644 1540 692 cursus
1559 622 1714 693 Pastoris
1736 627 1848 695 nostri
1871 627 1948 695 sine
1969 625 2061 707 labe,

130 725 408 796 nominabantur
422 723 686 814 Evangelistae,
715 726 831 818 quiin
853 727 1016 817 pluribus
1066 740 1101 797 ct
1125 727 1243 798 foelix.
1294 723 1414 812 Quare
1435 724 1609 796 divinitus
1631 729 1866 816 gubernatum
1891 752 1982 813 esse,
2008 730 2062 798 sa-

136 828 330 911 docebaut,
362 843 395 898 et
417 823 592 898 Ecclesias
620 830 901 914 constituebant,
937 828 1015 897 talis
1066 831 1214 900 tendum
1231 839 1311 917 est,
1326 827 1464 897 illustre
1481 827 1721 900 testimonium
1740 833 1784 899 de
1800 833 1874 899 eius
1887 831 2060 915 moribus,

131 926 495 1022 lipsa-Evangelista‚
521 945 663 1001 vocatus
675 930 871 1016 Lubecam,
894 929 1016 1001 Brun·
1066 945 1100 1002 et
1122 925 1279 1014 horest,
1303 932 1401 1021 quod
1423 954 1482 999 rex
1504 927 1662 1001 Danicus
1683 928 1908 1004 Christianus
1933 945 1967 1002 et
1993 956 2050 1001 re·

131 1055 176 1117 n,
226 1029 491 1122 Hamburgam,
546 1033 584 1101 in
619 1031 864 1104 Pomeraniam
907 1049 941 1103 et
974 1033 1014 1101 iu
1065 1035 1147 1125 gina
1165 1033 1323 1117 Dauica,
1350 1055 1430 1102 cum
1446 1034 1589 1125 quidem
1605 1033 1776 1105 excellant
1789 1037 1930 1126 pietate,
1957 1034 2060 1104 iusti-

131 1157 172 1202 tm
196 1132 393 1218 Danieum‚
419 1136 661 1226 incorruptam
679 1130 865 1226 Evangelii
880 1134 1014 1206 doctri·
1065 1138 1137 1221 cia,
1164 1136 1320 1205 castitate
1335 1148 1368 1203 et
1393 1135 1559 1204 omnibus
1577 1136 1788 1219 virtutibus,
1810 1139 1995 1208 ‘soluerint
2011 1137 2058 1206 ab

131 1234 172 1306 ibi
187 1239 327 1323 docuit,
354 1238 483 1309 delevit
500 1239 594 1308 idola
611 1253 645 1307 et
658 1261 794 1309 errores
815 1240 1015 1330 papisticus,
1065 1264 1106 1308 eo
1121 1241 1158 1309 in
1173 1237 1376 1331 precatione
1391 1238 1532 1328 publica
1547 1239 1728 1320 coronari,
1756 1242 1799 1309 ad
1816 1264 1921 1331 quam
1943 1240 2057 1308 nemi·

131 1363 148 1407 ο
165 1339 309 1410 iuvante
326 1337 500 1409 Ecclesias
516 1341 573 1431 pie
599 1341 798 1426 constituit,
824 1366 914 1434 quae
932 1341 1013 1435 qui·
1065 1366 1146 1411 nem
1162 1355 1253 1412 certe
1272 1334 1469 1411 adhibituri
1489 1355 1608 1425 erant,
1635 1341 1704 1408 nisi
1721 1365 1826 1435 quem
1844 1342 2059 1411 iudicassent

131 1442 381 1512 mnoscircitec
398 1443 540 1531 triginta
554 1437 723 1512 hacteuus
738 1440 1014 1513 eandemEvan-
1064 1443 1180 1516 Deum
1205 1455 1297 1512 recte
1321 1465 1438 1512 secum
1463 1442 1645 1526 invocare,
1676 1456 1709 1513 et
1730 1445 1936 1513 ardentibus
1964 1444 2056 1513 votis

131 1567 243 1611 rocem
259 1545 317 1634 pio
335 1568 509 1615 consensu
528 1545 694 1616 retinent.
1065 1549 1214 1619 saltitem
1239 1568 1347 1636 reguo
1371 1559 1509 1637 petere,
1542 1558 1576 1615 et
1594 1539 1725 1615 babere
1746 1559 1875 1616 castam
1898 1558 2053 1615 ruentem

131 1642 291 1735 Legimus
308 1649 353 1716 ab
369 1643 516 1717 Othone
530 1645 784 1738 Bombergensi
806 1648 910 1719 initio
928 1671 1013 1717 con·
1065 1663 1099 1720 et
1115 1664 1224 1721 castas
1244 1671 1380 1717 manns.

131 1772 247 1817 ssesse
264 1745 723 1836 EcclesiasPomeranicas,
757 1776 860 1845 quem
878 1764 1014 1823 constat
1164 1749 1345 1823 Hactenus
1367 1749 1575 1820 brevissime
1603 1750 1677 1820 dixi
1700 1752 1744 1820 de
1774 1773 1878 1820 cursu
1901 1749 2057 1821 Pastoris

151 1850 268 1923 ¹virum
290 1854 465 1937 nobilem,
492 1853 657 1924 comitem
686 1850 947 1939 Andecensem,
973 1878 1014 1924 ex
1065 1855 1196 1947 nostri,
1223 1853 1285 1947 qui
1308 1853 1377 1923 fuit
1400 1866 1433 1922 et
1455 1853 1546 1923 vitae
1563 1852 1673 1944 ipsius
1690 1866 1725 1922 et
1743 1850 1850 1923 huius
1870 1853 1983 1923 nostri
2001 1876 2056 1920 se-

131 1956 157 2022 ls
176 1950 315 2023 Ducum
334 1953 534 2041 Meraniae,
559 1957 622 2048 qui
641 1970 832 2027 tenuerunt
852 1956 1015 2025 Voitlan·
1064 1959 1134 2027 culi
1155 1958 1251 2026 velut
1273 1978 1378 2024 aurea
1399 1967 1513 2038 aetas,
1539 1980 1618 2024 cum
1634 1956 1799 2026 videlicet
1824 1970 1903 2026 ante
1921 1954 2054 2024 bellum

131 2106 138 2136 ‚
171 2068 206 2125 et
226 2073 412 2145 cognatum
438 2055 625 2146 Hcdwigis
646 2059 839 2144 Slesiacae,
875 2071 909 2128 et
936 2055 1014 2127 Eli·
1063 2058 1184 2129 Caroli
1208 2056 1461 2128 Germanicum
1484 2055 1661 2127 Ecclesiae
1686 2058 1882 2128 floruerunt
1902 2072 1935 2127 et
1958 2071 2057 2127 tran·

131 2178 166 2225 se
188 2154 413 2248 Turingicae.
465 2159 547 2229 Non
570 2172 705 2232 constat
731 2160 817 2254 quid
841 2161 1015 2244 docuerit,
1064 2161 1372 2254 quillaesuerunt.
1431 2157 1557 2229 Secuta
1588 2173 1638 2230 est
1666 2160 1795 2229 deinde
1816 2162 1927 2228 ferrea
1952 2173 2056 2242 aetas,

137 2258 285 2351 quidem
315 2264 464 2339 maxime
493 2262 574 2330 sciri
597 2265 799 2353 oportebat,
831 2264 891 2331 sed
918 2264 1013 2354 quod
1064 2264 1102 2332 in
1121 2288 1190 2357 qua
1208 2262 1339 2332 multae
1361 2261 1584 2331 contusiones
1598 2287 1638 2331 ex
1655 2260 1862 2354 Principum
1885 2275 1917 2330 et
1934 2255 2055 2329 Theo'-

131 2361 274 2431 ctrinae
297 2386 423 2450 genus,
458 2366 553 2456 quod
578 2389 689 2433 unum
715 2379 749 2434 et
767 2365 1013 2455 incorruptum
1064 2368 1224 2457 logocum
1242 2364 1344 2434 bellis
1360 2378 1457 2432 ortae
1473 2377 1567 2436 sunt.
1593 2362 1595 2366 ⁴
1620 2361 1662 2432 ln
1678 2357 1929 2454 biscaptivitas
1948 2360 2053 2432 Prin-

131 2462 241 2531 nibus
264 2464 349 2532 locis
375 2467 521 2536 tradidit
537 2465 662 2538 Pastor
677 2464 856 2536 Ecclesiae
872 2480 1014 2536 nostrae
1064 2470 1193 2559 cipum,
1219 2463 1326 2537 huius
1342 2464 1463 2557 oppidi
1481 2466 1632 2550 obsidio,
1658 2478 1692 2536 et
1707 2480 1841 2537 caetera
1857 2464 1944 2534 belli
1962 2464 2055 2533 mala

132 2586 170 2633 es
185 2561 455 2653 Bugenhagius‚
483 2580 607 2637 notum
625 2583 676 2637 est
694 2584 727 2639 et
747 2592 787 2639 ex
808 2570 905 2639 illius
926 2571 1013 2638 scri·
1062 2570 1240 2660 ingentem
1266 2569 1425 2637 dolorem
1451 2569 1529 2637 viro
1546 2569 1681 2659 optimo
1699 2569 1737 2637 in
1761 2563 1826 2638 hac
1843 2578 1980 2637 senecta
1996 2580 2055 2637 at-

131 2678 215 2739 etex
229 2672 471 2739 monumentis
485 2671 626 2740 illarum
644 2668 899 2756 Ecclesiarum,
925 2697 1013 2765 qua·
1048 2674 1242 2756 tulerunt,
1265 2684 1307 2741 ut
1329 2664 1526 2760 Prophetae
1552 2669 1740 2755 ieremias,
1767 2665 1883 2741 clades
1901 2683 1935 2740 et
1959 2692 2054 2738 mors

131 2766 190 2840 ''rsit
221 2767 398 2865 οῑκίστης,
433 2773 628 2866 inquibus
656 2775 823 2844 omuibus
853 2798 1027 2866 expresse,
1063 2777 1190 2868 optimi
1207 2774 1297 2863 regis
1317 2773 1437 2841 losiae.

131 2850 287 2956 affimat,
320 2898 356 2942 se
385 2876 548 2965 amplecti
576 2877 831 2946 confessionem
863 2901 882 2945 a
914 2877 1011 2946 Duce
1162 2876 1235 2946 Nec
1252 2890 1369 2946 tamen
1388 2875 1435 2943 ita
1450 2875 1582 2944 fractus
1598 2889 1649 2946 est
1663 2873 1803 2958 animo,
1825 2886 1867 2945 ut
1880 2887 1940 2944 aut
1953 2873 2054 2963 luge-

131 2972 192 3043 tiae
208 2971 372 3046 Electore
388 2974 581 3048 exhibitam
601 2976 809 3070 imperatori
826 2979 956 3049 carolo
972 2978 1012 3048 in
1062 2995 1134 3066 ret,
1158 2992 1219 3049 aut
1233 2977 1428 3071 quidquam
1445 2977 1482 3044 in
1499 2973 1655 3047 Ecclesia
1671 2989 1841 3060 mutaret,
1864 2976 1925 3045 sed
1945 2975 2056 3044 erexit

131 3086 206 3145 tntu
222 3078 671 3166 AugustanoAnni1'580.
723 3080 802 3151 Hoc
817 3093 929 3152 totum
941 3083 1012 3150 du·
1062 3107 1098 3152 se
1112 3072 1259 3152 adsidua
1278 3079 1492 3170 precatione,
1518 3093 1552 3148 et
1568 3075 1633 3149 hac
1649 3078 1893 3150 consolatione
1908 3078 2063 3155 moesti-¹

133 3201 278 3268 egenus
294 3197 418 3251 notum
435 3199 486 3255 est
502 3207 543 3252 ex
559 3186 778 3254 confessione
800 3207 890 3277 quae
907 3197 1013 3268 extat,
1062 3186 1150 3254 ciam
1173 3183 1292 3263 leniit,
1316 3182 1413 3273 quod
1435 3181 1526 3248 vidit
1542 3194 1660 3251 tamen
1677 3182 1771 3250 inter
1794 3193 1911 3250 tantos
1926 3180 2054 3248 lluctns

131 3302 150 3350 ο
182 3281 324 3353 iuvante
354 3286 398 3353 ad
430 3310 571 3355 omnem
597 3289 836 3377 posteritatem
862 3309 1012 3376 perven—
1060 3283 1231 3381 Cymbam
1247 3278 1381 3353 Christi
1399 3281 1610 3355 mirabiliter
1630 3281 1743 3353 aDeo
1761 3282 1912 3366 servari,
1934 3280 1992 3350 cui
2008 3280 2055 3349 sit

131 3395 184 3457 est.
1008 3408 1012 3415 ·
1061 3388 1137 3457 laus
1153 3401 1187 3457 et
1202 3385 1394 3476 gratiarum
1410 3382 1514 3455 actio.
1574 3428 1582 3451 .

131 3482 199 3555 ton
221 3485 371 3559 instituo
395 3490 628 3576 collationes,
648 3505 688 3562 ut
712 3493 750 3565 fit
773 3491 811 3562 iu
826 3488 1012 3561 Declama-
1160 3485 1300 3559 Deinde
1322 3499 1418 3555 moto
1442 3483 1589 3555 dissidio
1614 3480 1754 3556 Flacico
1775 3485 1845 3558 luit
1866 3486 1905 3554 iu
1929 3483 2055 3555 dolore

131 3610 195 3674 us,
220 3586 388 3680 maguum
412 3594 518 3663 decus
532 3607 585 3665 est
600 3595 637 3663 in
654 3595 757 3665 bonis
772 3591 1012 3684 Principibus,
1061 3586 1242 3663 non'tam
1276 3613 1338 3658 sua
1373 3610 1494 3674 causa,
1533 3609 1639 3681 quam
1670 3601 1815 3680 propter
1847 3584 2062 3681 Ecclesiam.¹

131 3700 202 3761 tem
225 3693 375 3765 formam
398 3696 560 3786 politiae,
593 3697 686 3788 leges
712 3711 747 3793 et
772 3696 903 3767 iudicia
928 3697 1010 3765 red·
1060 3692 1285 3767 Conscientia
1303 3692 1398 3760 enirn
1417 3689 1529 3782 ipsius
1550 3714 1624 3761 non
1641 3703 1717 3762 erat
1732 3691 1908 3789 sauciata,
1934 3702 1969 3760 et
1985 3688 2055 3757 im-

131 3792 291 3880 urbibus,
317 3810 357 3868 ut
378 3797 482 3869 multi
502 3793 642 3870 honesti
665 3801 816 3872 victores
840 3799 1010 3872 lecerunt.
1060 3799 1238 3889 pudenter
1259 3807 1462 3887 sparserant
1486 3792 1632 3886 quidam
1655 3794 1841 3864 manifesta
1859 3789 2056 3870 mendacia,

137 3897 410 3988 quiddamst,
444 3914 479 3970 et
498 3904 611 3972 maius
628 3899 696 3973 Dei
720 3902 928 3973 beneficium
946 3915 1010 3980 est,
1061 3924 1151 3994 quae
1184 3899 1315 3968 sciebat
1349 3895 1496 3966 refutari
1528 3909 1697 3986 tempore.
1757 3894 1848 3966 Nam
1876 3917 1992 3988 neque
2014 3892 2053 3960 in

131 3992 193 4067 tiss
219 4016 312 4070 recte
343 4003 531 4083 constitui,
573 4005 707 4098 inquo
735 4004 1009 4075 beneficiocum
1060 4003 1173 4088 bello,
1206 4024 1322 4094 neque
1343 4012 1461 4090 postea
1483 4020 1604 4067 vocem
1627 3997 1828 4081 doctrinae,
1855 4020 1921 4065 nec
1936 3994 2052 4065 ullum

131 4090 265 4189 thagius
282 4105 384 4175 fidele
405 4129 578 4196 organum
597 4103 666 4176 Dei
688 4108 813 4191 luerit,
824 4111 827 4117 ’
840 4120 1027 4194 ιοοςηοηιι
1059 4106 1100 4179 in
1115 4101 1271 4174 Ecclesia
1296 4102 1405 4171 ritum
1421 4100 1588 4183 mutavit3
1615 4113 1650 4169 et
1663 4121 1867 4192 quanquam
1883 4097 1929 4183 ap
1943 4095 2056 4166 alium

131 4224 176 4273 us
195 4227 285 4290 esse,
309 4221 343 4278 et
359 4209 611 4299 gratitudinem
629 4209 661 4279 ei
678 4209 929 4302 sempiternam
946 4210 1010 4278 de·
1058 4206 1245 4277 dominuni
1270 4198 1357 4274 baec
1373 4205 1470 4294 regio
1488 4200 1656 4272 translata
1679 4213 1747 4287 est,
1773 4213 1894 4270 tamen
1914 4220 2054 4290 semper

131 4306 359 4379 manifestum
384 4324 446 4382 est.
807 4299 816 4317 ’
880 4322 927 4395 j
1058 4309 1173 4380 voluit
1194 4331 1338 4377 manere
1362 4306 1510 4375 eandem
1526 4299 1742 4403 Ecclesiam,
1768 4317 1803 4376 et
1825 4324 1929 4394 saepe
1945 4300 2053 4370 dixit:

131 4402 263 4479 'rodest
284 4425 319 4482 et
340 4406 408 4484 boc
427 4412 672 4484 testimonium
699 4415 743 4483 de
759 4411 1009 4484 eiusmoribus
1057 4410 1148 4484 Date
1161 4410 1258 4497 Deo,
1292 4432 1382 4503 quae
1395 4405 1463 4477 Dei
1484 4419 1601 4487 suut,
1621 4419 1655 4477 et
1669 4401 1831 4490 Caesari,
1857 4427 1951 4499 quae
1972 4416 2056 4473 sunt

131 4507 227 4592 itali,
256 4517 353 4606 quod
376 4517 480 4601 sciet,
507 4516 587 4585 talis
604 4517 811 4587 viri'roccm
831 4511 924 4584 banc
942 4515 1008 4582 do·
1057 4511 1227 4587 Caesaris.
1297 4509 1485 4604 Utrunque
1515 4509 1610 4578 enim
1635 4522 1838 4580 constanter
1867 4505 2056 4598 praestitit,

131 4634 161 4680 m
189 4614 314 4698 luisse,
348 4619 448 4689 cuius
468 4643 584 4688 mores
609 4601 750 4709 probati
768 4617 900 4689 luerint
914 4615 1006 4707 opti·
1056 4617 1126 4688 luit
1148 4614 1385 4686 alienissimus
1407 4637 1426 4684 a
1450 4611 1627 4682 seditiosis
1651 4611 1827 4693 consiliis,
1851 4623 1884 4680 et
1907 4609 1945 4677 in
1967 4608 2055 4677 reti-

131 4714 252 4805 egibus
267 4716 433 4802 Danicis‚
460 4719 643 4791 Friderico
666 4735 700 4790 et
718 4716 946 4803 Christiano,
973 4732 1008 4787 et
1057 4721 1174 4790 nenda
1197 4717 1380 4789 doctrinae
1412 4715 1565 4806 puritate
1593 4713 1727 4811 firmus.
1799 4711 1921 4805 ltaque
1945 4722 1986 4778 ut
2009 4709 2054 4777 de

131 4815 409 4912 isPrincipibus
428 4821 589 4894 Ducibus
615 4822 866 4908 Pomeran'iae,
893 4833 934 4892 'et
956 4832 1007 4891 tot
1056 4820 1189 4892 Severo
1211 4819 1426 4914 Imperatore
1444 4816 1615 4908 scriptum
1646 4829 1717 4900 est,
1749 4815 1857 4884 luisse
1888 4835 1969 4880 eum
1994 4809 2054 4879 iu·

131 4917 417 5009 nSenatoribus,
443 4927 614 5019 sapientia
630 4916 665 4996 et
677 4927 809 4997 virtute
824 4926 1006 5019 praestan·
1057 4937 1194 4994 tentum
1211 4924 1250 4992 in
1266 4945 1318 5007 ea,
1343 4943 1434 5015 quae
1449 4919 1582 5009 agenda
1598 4930 1710 5002 erant,
1734 4931 1769 4988 et
1781 4913 1974 5005 neglexisse
1988 4935 2053 5003 po-

151 5023 215 5116 qui
239 5023 311 5093 nisi
337 5051 453 5098 mores
476 5022 582 5100 huius
606 5029 675 5098 viri
706 5030 818 5101 iustos
839 5044 873 5098 et
894 5040 1006 5097 castos
1056 5026 1132 5115 puli
1147 5026 1313 5109 fabellas,
1339 5017 1530 5117 Ἐπιμελὴς
1551 5015 1600 5113 ἢν
1617 5023 1696 5092 τῶν
1717 5013 1932 5112 πρακτέων,
1960 5010 2052 5105 ἀμο-

131 5121 299 5207 ivissent,
327 5153 402 5199 non
425 5133 672 5224 expetivissent
695 5157 794 5216 enm,
820 5149 884 5200 nec
905 5130 1006 5200 adse
1055 5123 1119 5222 λὴς
1144 5132 1223 5203 τῶν
1251 5120 1334 5220 περὶ
1362 5120 1483 5197 αὐτοῦ
1515 5117 1860 5222 λογοποιουμένων,
1896 5118 1946 5189 sic
1976 5117 2050 5207 ipsc

137 5246 222 5297 suos
247 5248 442 5305 vocassent.
501 5233 665 5327 Cumque
699 5256 765 5303 res.
785 5233 1005 5317 difficilimae
1054 5231 1232 5301 cumillae
1251 5221 1502 5325 sycophantiae
1525 5236 1793 5316 spargerentur,
1829 5233 1974 5315 propter
1990 5243 2050 5288 eas

131 5331 345 5403 constituere
368 5332 562 5416 Ecclesias,
596 5338 751 5408 relbtare
770 5336 1006 5423 aduersarios,
1053 5348 1172 5403 tamen
1195 5331 1410 5403 necessarios
1434 5330 1575 5399 labores
1602 5351 1676 5396 non
1699 5326 1830 5419 omisit.
1882 5324 1952 5396 Sed
1973 5317 2051 5392 Ec-

131 5431 645 5526 hecles-massmannus,
661 5418 875 5526 amessa,
900 5436 1004 5529 eaps-
1052 5434 1179 5509 cteme
1201 5458 1305 5508 esua
1325 5432 1441 5505 dorm
1465 5429 1612 5501 resenas
1636 5429 1718 5499 oasa
1743 5440 1779 5500 et
1794 5426 2050 5498 discordasse
