4680 6038
55 219 132 297 m
398 290 402 298 ,
481 302 486 309 ,
554 220 564 293 .·
747 222 781 302 1.
809 210 1120 303 moneor
1144 150 1397 303 cauom.
2010 245 2087 319 m
2159 348 2164 360 p

363 385 424 454 De
451 384 599 457 ordine
626 384 741 457 iibri.
1200 391 1439 471 Secundus
1463 391 1669 480 libarent
1682 407 1874 502 prolixior,
1899 415 1984 510 quia
1997 432 2083 493 tunc

112 504 117 513 ’
160 503 258 585 Utile
268 522 331 596 est,
356 531 495 603 semper
507 509 548 581 in
562 523 752 604 conspectu
765 505 910 601 hahere,
931 535 1049 609 quan.
1098 476 1436 575 elssccleslallebei
1458 510 1790 601 insimulationes,
1815 519 2003 608 promissio
2026 545 2083 594 re-

47 614 135 689 ·mm
160 614 238 684 fieri
260 626 396 706 poteo,
428 612 591 685 omnium
618 627 817 708 temporum
841 616 987 703 geriem,
1012 629 1048 689 ει
1091 602 1246 695 petitur,
1272 618 1307 677 et
1324 605 1550 697 alligaturad
1565 623 1696 684 certam
1717 617 1880 709 stirpem,
1908 635 1943 693 et
1957 619 2083 696 Eccle-

54 716 265 811 praecipuas
292 714 430 806 generis
456 710 607 787 humani
633 717 859 791 mutationes.
918 715 979 790 Aa
1006 717 1047 789 id
1097 704 1149 775 ⁸3³
1166 705 1398 797 dlffissillllur
1412 730 1432 778 ὃ
1448 711 1592 782 “²10¹ss
1605 716 1789 806 ssessfibtss,
1814 710 1849 792 el
1868 722 1907 795 fit
1920 729 2082 815 promul·

54 819 212 890 maxime
229 817 396 889 conducit
410 839 514 888 nosse
528 819 687 905 dictum,
712 821 811 914 quod
825 819 1046 895 recitaturin
1096 805 1190 896 8³5⁰
1210 808 1319 900 ¹²83&
1352 823 1387 882 ⁸2
1410 810 1603 885 ⁶⁰ll⁰⁰³²¹¹f
1617 813 1776 891 ΕΰΰῙθῦῑθ
1794 821 1834 892 5¹¹
1857 826 1939 896 ⁸²(st
1960 840 1994 897 ‘l
2015 840 2083 919 150·

54 918 274 994 ludaeorum
288 919 570 1008 commentariis,
595 915 664 993 hoc
677 924 804 993 m0d02
1097 909 1174 981 litia
1187 925 1294 987 certa.
1338 905 1388 983 Et
1402 911 1442 983 in
1456 912 1494 984 id
1509 926 1650 1006 tempus
1665 919 1829 996 incidunt
1842 921 2082 1014 monarchiae,

1097 1012 1136 1081 in
1152 1013 1283 1105 quibus
1303 1035 1452 1104 magnae
1471 1018 1685 1092 mutationes
1697 1026 1836 1114 generis
1857 1023 2007 1100 humani
2022 1057 2082 1105 ac·
2165 1075 2171 1087 ·

312 1108 491 1170 Traditio
514 1107 645 1170 domos
670 1109 791 1172 Elice-
1096 1113 1280 1202 ciderunt,
1313 1115 1443 1206 dignae
1471 1117 1767 1197 consideratione.
1824 1123 1878 1199 Ac
1905 1133 2083 1224 praedixit

108 1228 178 1304 s„
198 1227 313 1301 muli,
341 1252 518 1302 ,unorum
541 1232 716 1318 wudu„
748 1248 783 1307 ,ι
803 1229 933 1303 dginde
956 1250 1046 1301 con·
1095 1212 1193 1287 Deus
1208 1217 1334 1288 seriem
1351 1229 1506 1312 quatuor
1521 1220 1827 1314 monarchiarum,
1854 1242 1896 1301 ut
1909 1232 2080 1322 significet

76 1388 89 1409 d
213 1331 387 1420 flagmpo·
1097 1315 1249 1392 Messias
1289 1320 1480 1392 adventum
1517 1335 1553 1394 et
1586 1322 1695 1396 finem
1724 1331 1870 1414 mundi,
1915 1335 2082 1409 videlicet

106 1431 191 1509 Du,
205 1433 319 1502 milli,
336 1433 454 1506 inan„
1096 1415 1274 1493 hnmanae
1297 1423 1553 1514 generationis,
1587 1439 1623 1498 et
1646 1441 1786 1522 tempus
1808 1433 1928 1504 ultimi
1944 1436 2079 1513 iudicii.

108 1534 406 1627 Duomfflfflffi
1096 1519 1278 1614 intelligas
1312 1538 1430 1595 autem
1460 1523 1785 1601 monarchiam
1821 1559 1897 1605 non
1934 1538 2080 1631 quidem

107 1632 191 1710 Du,
215 1637 328 1707 mini,
353 1637 428 1708 di„
450 1633 616 1717 Megffae·
666 1634 716 1713 Et
737 1651 884 1733 propt„
903 1649 1045 1732 peccaro
1096 1627 1313 1717 complexam
1329 1650 1452 1697 omnes
1464 1629 1626 1720 regiones
1646 1645 1680 1703 et
1695 1647 1833 1723 gentes,
1855 1639 1916 1708 sed
1932 1650 2080 1725 tantam,
2173 1637 2175 1640 ⁴

210 1753 349 1819 nostra,
381 1760 472 1832 quae
495 1741 608 1814 multa
639 1755 674 1814 et
701 1765 829 1834 magna
856 1754 956 1828 sunt,
981 1740 1045 1811 de-
1096 1749 1186 1822 qu³⁸
1206 1750 1371 1819 madum
1399 1743 1536 1820 l)artem
1564 1733 1664 1803 ⁰¹5⁸
1683 1747 1858 1813 “imum
1881 1742 2012 1825 lenuit,
2043 1757 2081 1818 ²2

211 1854 318 1912 erunt
331 1839 439 1927 anni,
462 1841 526 1936 qui
542 1845 703 1919 deerunt,
1095 1841 1229 1902 tantam
1244 1823 1371 1902 habuit
1385 1832 1601 1922 potentiam,
1626 1846 1667 1905 ut
1682 1851 1836 1910 caeteros
1862 1864 1961 1932 reges
1982 1867 2083 1914 com-

1095 1954 1234 2024 pescere
1252 1947 1379 2024 posset.
1438 1930 1524 2005 ldeo
1546 1935 1642 2005 enim
1674 1938 1791 2011 voluit
1815 1937 1913 2013 Deus
1934 1968 2080 2017 monar-

1095 2028 1192 2104 chias
1216 2033 1405 2121 constitui,
1437 2049 1479 2106 ut
1507 2030 1671 2119 homines
1696 2039 1851 2131 legibus,
1883 2045 2024 2118 iudiciis
2046 2063 2081 2120 et

1095 2134 1282 2227 disciplina
1304 2149 1523 2227 regerentur.

158 1970 239 2044 Hoc
254 1973 361 2042 modo
377 1968 478 2044 Elias
494 1977 540 2046 de
553 1977 744 2049 duratione
765 1974 902 2067 generis
917 1968 1046 2045 huma-

55 2076 98 2146 ni
119 2076 329 2148 vaticinatus
348 2090 421 2165 est,
454 2088 488 2148 et
509 2077 716 2169 praecipuas
738 2077 951 2149 mutationes
970 2075 1045 2145 dis-

54 2179 177 2253 tinxit.
224 2173 334 2249 ,Duos
355 2178 489 2269 primos
515 2178 733 2249 millenarios
747 2178 910 2250 nominat
932 2174 951 2245 i
958 2199 1045 2247 nu-

10 2352 15 2359 ,
56 2302 130 2361 nc,
163 2281 258 2372 quod
278 2278 537 2370 simplicissime
554 2280 604 2351 sic
626 2281 860 2372 interpretor,
881 2280 1043 2351 nondum
1180 2265 1276 2343 Ήῠῦ
1290 2267 1447 2342 ulfierel
1460 2267 1557 2342 ΒΜ
1571 2272 1671 2345 dedii
1689 2272 1918 2361 monnellus,
1947 2279 2081 2354 lustru·

10 2376 23 2433 5..
52 2376 223 2451 homine,
242 2381 367 2471 procul
389 2380 529 2451 dissitas
550 2382 711 2471 regiones
733 2380 1044 2474 occupasse,'ante
1095 2382 1169 2441 ctos
1183 2371 1359 2463 potentia,
1382 2373 1444 2466 qui
1461 2388 1495 2444 ct
1511 2373 1604 2464 leges
1626 2371 1792 2450 honestas
1808 2383 2019 2472 conderent,
2046 2398 2082 2455 et

10 2442 18 2547 l
53 2482 240 2553 conditam
272 2479 505 2575 Babylonem,
570 2479 648 2553 Alii
685 2484 827 2568 dicum,
864 2482 1044 2552 nominari
1094 2470 1227 2543 ludlcla
1262 2495 1303 2542 80
1331 2473 1557 2566 disciplinam
1585 2479 1694 2549 drmit
1725 2480 1968 2559 defenderem.
2032 2482 2081 2557 Ei

10 2566 19 2673 l
55 2579 189 2665 lnane,
215 2583 297 2674 quia
321 2583 483 2653 nondum
509 2595 602 2654 certa
625 2584 750 2676 politia
761 2582 940 2655 Ecclesiae
957 2606 1045 2653 con·
1093 2585 1208 2643 mula!
1229 2569 1327 2643 De⁰⁸
1350 2575 1518 2666 imperit,
1551 2601 1632 2648 tum
1655 2575 1742 2650 batt
1757 2579 1874 2653 officia
1891 2585 2080 2677 negligun-

10 2752 15 2765 ,
57 2683 181 2755 stituta
205 2683 291 2768 luit,
322 2696 357 2754 et
377 2685 539 2757 nandum
563 2701 739 2776 segregata
761 2686 829 2757 soit
850 2680 1044 2756 Ecclesiaa
1095 2686 1171 2760 lut,
1204 2686 1240 2745 tl
1259 2672 1443 2768 Principes
1470 2677 1527 2746 vel
1553 2678 1622 2772 ipsi
1644 2679 1800 2768 faciunt,
1832 2684 1889 2753 vel
1911 2708 1985 2755 uon
2009 2711 2080 2779 pu-

33 2784 392 2873 -eaeterisgentibus,
442 2784 614 2857 Nondum
636 2788 742 2859 etiam
763 2800 864 2858 erant
884 2786 1044 2878 imperia,
1094 2775 1221 2861 nium,
1259 2775 1409 2849 lssl⁰⁸l³⁸
1440 2780 1579 2867 “edas
1617 2780 1813 2854 libidinum
1841 2787 2080 2875 ⁶⁰⁰s¹¹⁸l⁰⁰022

58 2885 176 2981 qualia
196 2899 316 2980 postea
339 2887 378 2955 in
396 2882 615 2957 monarchiis
633 2889 789 2960 fuerunt,
840 2885 911 2960 sod
934 2910 1044 2983 quae.
1094 2877 1327 2969 direptiones,
1360 2890 1395 2950 et
1418 2879 1488 2949 alia
1508 2882 1641 2954 atrocia
1665 2883 1805 2956 scelera.
1864 2884 1952 2958 Vult
1981 2891 2079 2961 enim

56 3011 198 3082 cunque
225 3009 329 3060 eausa
361 3000 433 3073 est,
464 3011 573 3082 quare
595 2989 645 3060 sic
675 2989 804 3060 dixerit
825 2983 944 3076 Elias,
976 2984 1045 3060 hoc
1092 2975 1208 3064 Deus,
1243 2978 1429 3072 politicum
1449 2981 1615 3052 ordinem
1645 2984 1888 3057 testimoninm
1919 3012 1992 3060 csse
2035 2994 2082 3064 de

56 3112 138 3159 non
152 3089 301 3161 dubium
318 3100 388 3174 est,
411 3090 564 3180 primam
577 3104 725 3163 oetatem
740 3090 849 3163 fuisse
864 3092 1045 3161 florentis.
1093 3081 1336 3172 providentia,
1361 3095 1396 3153 et
1420 3083 1465 3150 de
1485 3082 1619 3154 iudicio
1640 3108 1723 3172 suo,
1746 3099 1782 3158 et
1795 3087 1873 3159 vult
1888 3084 1956 3161 hoc
1969 3095 2078 3165 modo

55 3191 205 3277 simam,
238 3191 321 3285 quia
351 3203 479 3261 natura
509 3184 697 3261 bominum
728 3191 849 3261 minus
877 3191 1045 3279 languida
1092 3194 1275 3274 utcunque
1295 3180 1429 3252 servari
1452 3184 1652 3257 societatem
1671 3181 1877 3275 hominnm,
1903 3193 2080 3284 coniugis,

53 3293 145 3379 init,
170 3294 266 3388 qnod
284 3293 439 3365 ostendit
455 3292 684 3383 longaevitas.
724 3287 773 3363 Et
788 3292 857 3362 fuit
872 3292 1045 3363 excellens
1093 3282 1338 3373 di⁸⁰ipli¹¹³m‚
1368 3283 1567 3369 doctrinas,
1599 3301 1634 3360 el
1653 3289 1730 3360 vult
1750 3289 1899 3382 imperia
1921 3315 1996 3364 ease
2010 3291 2079 3366 ho-

54 3398 185 3481 oecos,
217 3396 314 3487 quod
343 3393 592 3483 sapientissimi
618 3416 740 3479 senes,
771 3393 869 3487 pleni
901 3395 1045 3464 divinae
1092 3379 1400 3475 tpillasscdesiee·
1458 3449 1463 3457 .

52 3496 167 3575 lucis,
198 3497 305 3568 simul
326 3495 510 3581 vixerunt,
540 3509 576 3566 ⁸1
597 3497 641 3566 de
663 3493 759 3581 1³²⁰,
791 3498 836 3564 de
858 3495 1046 3583 “0³¹le
1194 3514 1260 3590 Est
1285 3534 1316 3590 et
1344 3515 1413 3592 hoc
1442 3520 1622 3614 singulare
1648 3524 1936 3603 monarchiarum
1961 3535 2067 3606 decus

55 3599 106 3669 de
120 3600 213 3669 edita
229 3597 462 3689 promissione
479 3608 583 3667 testes
602 3598 766 3683 fuerunt,
785 3608 820 3668 et
835 3597 940 3668 multi
954 3611 1045 3668 artes
1093 3621 1189 3716 quod
1212 3621 1324 3715 ,liqui
1344 3635 1560 3714 prmum
1577 3647 1674 3715 mg„
1696 3628 1734 3698 pn
1760 3654 1909 3704 numero
1930 3590 2079 3707 monn]
2216 3676 2220 3689 ‚

52 3702 274 3817 {nvenerunt
287 3712 321 3769 ⁰²
335 3699 572 3772 illumfflm·
1093 3718 1241 3794 charum
1256 3725 1371 3794 vocati
1386 3727 1528 3798 suntad
1547 3729 1622 3797 veri
1638 3728 1706 3802 Dei
1721 3733 1956 3823 agnitionem,
1981 3752 2016 3809 et
2033 3741 2079 3808 ad

160 3818 368 3891 Secundum
393 3831 566 3909 tempusa
583 3812 862 3889 circumcisione
880 3841 1046 3890 numera·
1093 3825 1290 3895 ornandam
1300 3821 1508 3912 Ecclesiam,
1535 3841 1577 3901 ut
1597 3827 1940 3922 Nabuchodonosor,
1962 3835 2078 3932 Ephi-

52 3936 138 4007 tur,
160 3942 274 4012 nsque
296 3921 341 3988 ad
363 3931 487 3989 natum
510 3916 677 3989 Messiam
698 3941 739 3989 ex
755 3917 922 4009 Virgine,
949 3921 1045 4015 quod
1093 3927 1268 4014 merodas,
1293 3923 1584 4015 DariusMedus,
1599 3928 1727 4025 Cyrus,
1752 3933 1963 4009 Artaxerxes
1977 3940 2077 4011 Lon-

51 4047 134 4097 non
149 4019 552 4094 multominusduobus
567 4019 779 4093 millenariis
795 4021 967 4098 continet.
1007 4030 1013 4036 ’
1093 4029 1286 4117 gimanus,¹
1307 4026 1583 4112 Constantinus,
1619 4027 1863 4123 Theodosius,
1888 4034 2077 4128 Arcadius,

42 4202 52 4213 .
159 4138 215 4213 De
246 4138 352 4211 tertio
376 4150 534 4229 tempore
564 4137 737 4228 significat
766 4141 863 4226 lore,
900 4152 940 4212 ut
971 4164 1046 4213 non
1092 4127 1386 4213 Valentinianus,
1410 4128 1560 4203 Carolus
1576 4129 1743 4224 Magnus,
1768 4134 1972 4212 Ludovicus
1987 4144 2078 4235 pius,

51 4242 305 4335 compleantur
319 4242 391 4311 duo
407 4239 618 4324 millenarii,
643 4240 728 4334 quia
748 4240 901 4311 nimium
916 4255 1046 4313 crescet
1092 4228 1272 4302 Ηθΰῑῑωὸ
1286 4229 1398 4318 3³¹⁰,
1423 4225 1514 4304 0²¹⁰
1530 4233 1687 4326 primm,
1715 4250 1757 4310 ¹11
1778 4240 1822 4311 de
1841 4244 1986 4316 caeteris
2002 4252 2082 4316 non'

52 4347 241 4441 impietas,
266 4357 411 4437 propter
425 4365 532 4435 quam
546 4341 650 4412 citius
664 4343 841 4413 delebitur
855 4355 970 4415 totum
985 4366 1046 4433 ge-
1093 4332 1221 4408 dicam·

54 4469 131 4521 nus
151 4442 371 4528 humanum,
397 4456 433 4514 et
450 4437 615 4514 Christus
637 4466 673 4513 se
694 4443 810 4535 palam
832 4446 993 4516 ostendet
1006 4446 1045 4516 in
1196 4460 1369 4540 ostendi,
1384 4481 1501 4541 autem
1517 4468 1610 4541 mm
1626 4467 1806 4561 umidis,
1828 4473 1944 4550 Deum
1964 4480 2081 4571 fpwm

52 4548 216 4634 iudicio,
240 4561 282 4619 ut
305 4545 438 4639 inquit:
465 4542 617 4639 Propter
639 4546 767 4618 electos
789 4544 864 4617 dies
885 4547 942 4616 illi
963 4549 1046 4620 bre·
1095 4582 1249 4663 quarm,
1284 4564 1509 4640 monarchias
1543 4595 1752 4661 numerare,
1798 4590 1834 4648 et
1864 4580 2079 4668 significare,

54 4653 178 4724 viores
191 4661 308 4720 erunt.
1095 4683 1242 4765 quartae
1282 4664 1511 4743 monarchiae
1555 4685 1715 4766 tempore
1754 4673 1921 4748 Messiam
1961 4684 2080 4771 palam

163 4768 426 4842 Distribuemus
443 4764 551 4856 igitur
571 4759 756 4837 historiam
783 4764 908 4838 intres
924 4766 1047 4849 libros,
1095 4771 1380 4864 praedicaturum
1420 4795 1494 4842 esse
1528 4768 1763 4866 Evangelium
1798 4791 1834 4848 et
1870 4782 2080 4853 sacrificium

57 4871 309 4947 iuxtadictum
324 4863 438 4942 Elias.
488 4859 639 4938 Primi
659 4863 677 4938 Ι
683 4864 778 4938 ibri
793 4869 950 4942 narratio
964 4872 1049 4942 hre-
1095 4875 1292 4960 facturum,
1322 4874 1368 4944 ad
1402 4873 1500 4968 quod
1528 4875 1725 4949 mittendus
1758 4892 1851 4970 erat,
1886 4897 1921 4953 et
1950 4884 2081 4955 deinde

57 4975 119 5049 vis
132 4988 203 5060 est,
227 4969 293 5042 etsi
308 4965 405 5040 baud
425 4968 534 5040 dubie
548 4983 631 5040 ante
650 4969 828 5046 diluvium
840 4967 938 5043 Deus
952 4972 1049 5044 mul-
1096 4975 1205 5047 finem
1221 4976 1298 5046 iore
1312 4974 1552 5065 generationis
1567 4971 1775 5064 homiuum,
1799 4993 1835 5052 et
1851 4998 2081 5074 sequuturam

59 5094 99 5154 tn
121 5072 277 5148 illustris
299 5070 500 5143 testimonia
522 5071 566 5141 de
589 5091 664 5142 sese
693 5070 849 5159 aedidit,
879 5070 929 5147 Et
951 5072 1050 5145 varia
1098 5099 1171 5148 esse
1193 5075 1497 5148 resuscitationem
1517 5072 1706 5151 hominum
1719 5094 1953 5161 mortuorum.
2007 5086 2083 5159 Vo-

60 5176 257 5255 certamina
289 5174 435 5245 luerunt
465 5169 645 5243 Ecclesiae
679 5187 715 5246 et
748 5171 961 5265 impiorum,
1001 5170 1051 5247 Et
1097 5177 1168 5252 luit
1187 5177 1283 5250 enim
1306 5173 1405 5248 Dens
1427 5176 1531 5266 sciri,
1556 5172 1650 5251 hanc
1671 5183 1936 5272 generationem
1964 5184 2083 5258 homi-

10 5286 28 5321 ·
61 5282 176 5354 multa
205 5274 441 5350 admiratione
470 5273 578 5365 digna
607 5273 648 5344 in
672 5268 818 5349 Artium
842 5276 1053 5352 inventione
1099 5302 1187 5353 unm
1204 5303 1278 5350 non
1293 5278 1370 5350 iore
1384 5293 1600 5373 perpetuam.
1652 5278 1780 5357 Voluit
1793 5284 1877 5358 item
1886 5288 1977 5359 'sciri
1995 5302 2084 5360 tern-

63 5380 257 5474 excogitata
279 5390 314 5451 et
337 5374 469 5452 tradita
488 5389 583 5449 sunt
1099 5405 1188 5480 pora
1211 5380 1397 5487 utriusque
1418 5382 1592 5555 advpgtps
1619 5372 1825 5481 Christi.
1874 5385 1936 5484 {Ac
1956 5414 2085 5483 magna
