4680 6038
156 210 234 303 εστ·
343 238 345 243 ’
473 276 476 281 -
639 326 641 333 ¹
796 226 1061 304 eutnrrm
1094 216 1593 304 ntrosnrflon1s.-
2061 237 2196 313 >osa

157 400 289 473 veteris
303 400 486 473 doctrinae
509 398 717 495 inquireret.
770 367 873 489 Quid
894 425 992 474 nunc
1011 402 1153 474 ostendi
1204 400 1367 493 populis,
1392 401 1527 471 adeam
1545 410 1667 491 gentes
1686 404 1903 498 confugient.
1954 405 2096 479 Psalmo
2116 407 2193 483 ta:

155 515 473 575 monumentorum
489 516 552 575 aut
567 501 752 576 doctrinae
766 502 1010 600 abEpiscopis
1034 502 1151 577 ctCa-
1204 498 1382 574 Orabitur
1407 526 1527 573 coram
1550 526 1592 572 eo
1617 526 1766 596 semper.
1825 508 1877 585 Et
1891 507 2061 582 Ieremiae
2086 513 2194 601 trige-

155 604 298 677 nonicis
317 609 457 696 potest?
666 656 669 661 -
1203 605 1293 676 simo
1310 605 1430 677 tertio:
1464 602 1545 675 Hoc
1567 618 1620 678 est
1643 626 1777 679 nomen
1802 635 1875 704 quo
1895 614 2075 683 vocabunt
2100 636 2193 699 enm,

263 706 321 780 13.
355 705 487 778 Fontes
519 706 629 798 igitur
650 709 881 801 quaeramus,¹
916 707 1007 781 sicut
1029 707 1150 781 Esaias
1203 702 1334 792 lehqva
1357 705 1496 776 iusticia
1516 720 1657 794 nostra,
1681 710 1718 778 id
1742 724 1811 798 est,
1840 707 1909 783 hoc
1930 715 2192 808 praedicabitur
2319 747 2324 758 ·

155 810 345 904 praecipit:
382 805 437 880 Ad
455 810 565 900 legem
590 822 625 880 et
647 811 691 879 ad
718 810 980 896 testimonium,
1013 811 1045 882 si
1069 811 1149 904 quis
1202 810 1246 879 de
1261 806 1413 894 Messio,
1439 808 1535 903 quod
1552 809 1626 900 ipse
1641 811 1687 882 sit
1703 807 1833 884 lehova
1850 814 1988 886 iusticia
2003 829 2134 901 nostra,
2156 829 2191 886 et

156 911 654 983 nondireritiuxtaverbum
678 905 765 1000 hoc,
791 937 865 983 non
888 914 955 983 erit
976 913 1009 983 ei
1029 925 1148 984 matu-
1202 911 1450 1003 proptereasic
1467 911 1703 986 invocabitur.
1754 912 1801 985 Et
1816 913 1948 987 Paulus
1972 919 2105 989 directa
2131 919 2190 986 in·
2264 928 2301 947 ‘'

155 1015 234 1086 tina
255 1014 328 1089 lux.
380 1011 549 1084 luvamur
566 1027 683 1085 autem
702 1028 736 1086 et
750 1016 922 1109 symbolis
938 1030 972 1086 et
988 1017 1148 1087 testimo-
1201 1014 1386 1084 vocatione
1405 1013 1520 1083 utitur
1540 1017 1579 1086 2.
1594 1008 1720 1087 Thess.
1733 1019 1789 1088 2:
1823 1015 1901 1107 lpse
1923 1018 2099 1104 Dominus
2122 1044 2191 1090 no·

155 1117 230 1186 niis
246 1116 383 1217 primae
409 1129 442 1186 et
465 1115 620 1208 purioris
634 1106 830 1203 Ecclesiae,
855 1118 938 1210 qnia
961 1118 1039 1188 vult
1052 1115 1149 1187 Deus
1199 1130 1271 1187 ster
1286 1112 1383 1185 lesus
1398 1109 1580 1199 Christus,
1604 1129 1638 1186 et
1655 1117 1755 1187 Deus
1780 1131 1815 1189 et
1834 1116 1941 1190 Pater
1959 1136 2080 1192 noster
2104 1145 2191 1191 con-

154 1215 351 1291 Ecclesiam
367 1219 472 1287 edere
489 1216 712 1305 testimonia,
734 1233 769 1291 et
789 1221 925 1291 dictum
947 1233 1015 1290 est:
1042 1218 1148 1290 Sedet
1199 1218 1316 1287 firmet
1330 1240 1393 1286 vos
1408 1217 1445 1284 in
1464 1217 1564 1286 omni
1578 1239 1743 1288 sermone
1759 1233 1792 1290 et
1807 1244 1912 1312 opere
1926 1223 2035 1296 bono.

155 1318 253 1389 {ilius
276 1318 344 1389 Dei
366 1322 410 1389 ad
426 1321 750 1406 dextramtaeterui
774 1322 902 1414 patris,
938 1324 1026 1393 dans
1053 1323 1147 1391 dona
1303 1317 1361 1392 15.
1397 1316 1495 1389 Haec
1519 1332 1553 1390 et
1576 1319 1705 1390 similia
1728 1322 1930 1393 testimonia
1959 1323 2119 1417 quotidie
2150 1325 2215 1393 in'

156 1416 385 1505 hominibus,
411 1417 621 1512 Apostolos,
648 1418 861 1514 Prophetas,
893 1423 1147 1515 Evangelistas,
1199 1420 1424 1492 invocatione
1440 1420 1650 1512 cogitemus,
1676 1436 1718 1492 ut
1739 1445 1805 1493 nos
1829 1437 1951 1494 contra
1971 1426 2083 1494 furias
2106 1426 2187 1495 dia·

154 1520 320 1594 Pastores
337 1536 372 1593 et
383 1519 573 1610 Doctores,
598 1536 640 1595 ut
654 1547 729 1594 non
745 1526 1034 1598 circumferamur
1047 1525 1147 1597 omni
1197 1523 1333 1595 bolicas
1356 1517 1570 1608 Mahomcti,
1604 1522 1843 1608 Samosateni,
1878 1524 2035 1613 Servati,
2067 1524 2189 1620 Cony-

157 1636 266 1696 vento
289 1624 489 1711 doctrinae,
523 1627 618 1698 inter
648 1628 851 1720 praestigias
872 1616 1059 1699 hominum
1082 1642 1146 1699 etc.
1198 1649 1277 1711 rae,
1301 1623 1509 1694 Thammeri
1525 1636 1559 1694 et
1572 1624 1744 1697 similium
1761 1628 2028 1714 confirmemus,
2049 1641 2083 1699 et
2102 1653 2190 1698 cun-

156 1724 274 1798 Filius
295 1726 363 1795 Dei
390 1720 500 1824 λόγος
521 1729 656 1799 aeterni
683 1730 811 1820 patris,
853 1730 939 1802 inde
967 1755 1080 1826 usque
1101 1733 1146 1801 ab
1197 1728 1392 1798 sideramus
1408 1727 1495 1818 quid
1511 1725 1734 1814 invocemus,
1760 1742 1795 1799 et
1812 1729 1886 1800 filio
1901 1729 1969 1801 Dei
1983 1755 2105 1801 verum
2120 1725 2189 1799 ho·

155 1829 264 1898 initio
294 1830 392 1897 adest
413 1827 588 1900 Ecclesiae
616 1853 720 1918 suae,
760 1833 956 1927 alloquitur
978 1858 1074 1919 eam,
1102 1846 1146 1923 ⁸et
1198 1851 1326 1900 norum
1353 1828 1571 1913 tribuamus,
1610 1851 1840 1918 agnoscamus
1868 1855 1948 1902 eum
1972 1833 2077 1903 etiam
2107 1844 2190 1901 ante

156 1930 270 2000 mittit
292 1925 497 2021 Prophetas.
556 1930 695 2002 Deinde
718 1934 883 2005 incarne
905 1936 1148 2019 concionatur,
1197 1929 1448 2001 assumtionem
1480 1924 1655 2000 humanae
1685 1945 1834 2002 naturae
1868 1935 2013 2003 missum
2045 1956 2118 2003 esse
2142 1935 2189 2003 ad

156 2028 478 2122 mittitApostolos,
505 2046 537 2103 et
552 2033 704 2104 subinde
720 2034 1010 2129 postApostolos,'
1023 2060 1146 2107 eorum
1198 2011 1413 2117 Ecclesiam,
1440 2024 1602 2129 εἱλόμαν
1624 2054 1698 2101 esse
1720 2034 1922 2104 immediate
1948 2036 2187 2128 alloquentem

154 2133 349 2219 auditores,
373 2130 622 2226 Polycarpum,
641 2132 839 2223 Irenaeum,
863 2139 1147 2228 etpaucosalios
1198 2158 1282 2214 nos,
1321 2146 1357 2204 et
1385 2156 1524 2225 semper
1548 2135 1668 2203 adesse
1697 2130 1893 2214 Ecclesiae,
1934 2135 2022 2204 sicut
2055 2138 2189 2228 inquit:

155 2233 343 2324 deinceps,
384 2235 447 2325 qui
470 2234 654 2306 doctrinae
676 2236 864 2328 puritatem
888 2241 1147 2332 quaesiverunt,
1197 2233 1276 2325 Ego
1300 2258 1378 2304 sum
1399 2235 1500 2319 vitis,
1529 2258 1592 2305 vos
1612 2235 1784 2327 palmites.
1837 2234 1941 2306 ltem:
1976 2232 2045 2330 τὴν
2069 2232 2190 2329 ἀρχὴν

154 2358 239 2405 cum
270 2335 377 2403 simul
407 2335 575 2407 omnibus
607 2339 827 2428 temporibus
854 2365 980 2432 magna
1005 2341 1147 2431 agmina
1199 2332 1449 2410 ὅτικαὶλαλῶ
1463 2332 1568 2429 ὑμῖν.

151 2436 292 2507 fuerint
312 2436 547 2506 fanaticorum
579 2450 613 2507 et
645 2452 898 2532 tyrannorum,
935 2457 969 2514 et
993 2443 1146 2513 ardalio·
1301 2440 1360 2511 16.
1388 2437 1621 2532 Alloquimur
1643 2452 1760 2510 autem
1786 2440 1897 2511 filium
1923 2442 2129 2533 dupliciter,
2154 2454 2191 2511 et

153 2560 266 2615 num,
293 2537 355 2627 qui
377 2538 574 2607 doctrinam
590 2540 635 2608 ad
650 2541 763 2610 malos
779 2543 935 2614 adlectus
958 2539 1146 2614 hominum
1197 2554 1238 2612 ut
1255 2541 1416 2610 datorem
1439 2540 1617 2611 bonorum
1647 2541 1753 2611 simul
1778 2566 1858 2611 cum
1874 2540 1978 2614 Patre
2004 2557 2037 2613 et
2053 2542 2193 2633 Spiritu

155 2639 383 2709 inflexerunt.
442 2635 543 2710 Sicut
564 2664 660 2711 nnnc
684 2643 788 2714 valde
809 2644 913 2715 multi
936 2660 1039 2733 sunt,
1071 2669 1147 2714 non
1198 2654 1340 2722 sancto,
1366 2640 1455 2712 sicut
1464 2639 1595 2711 Paulus
1610 2642 1654 2710 ad
1665 2637 1998 2714 Thessalonicenses
2015 2644 2191 2737 loquitur:

157 2739 275 2813 sotum
306 2739 469 2832 tyranni,
502 2741 574 2837 Lqui
603 2743 787 2815 barbarica
809 2747 1017 2820 crudelitate
1037 2747 1146 2819 stabi·
1198 2759 1234 2817 et
1257 2756 1297 2815 ut
1319 2743 1553 2814 mediatorem
1574 2744 1722 2813 missum
1746 2746 1791 2815 ad
1808 2741 2022 2832 Ecclesiam,
2048 2759 2081 2815 et
2097 2768 2193 2814 sem·

157 2841 254 2911 liunt
269 2840 383 2925 idola,
410 2843 470 2912 sed
486 2841 591 2914 etiam
606 2840 821 2933 rhetorculi,
843 2849 907 2941 qui
922 2871 1034 2920 novos
1049 2849 1147 2922 colo·
1198 2868 1261 2938 per
1278 2844 1553 2915 intercedentem
1567 2869 1634 2936 pro
1650 2845 1774 2931 nohis,
1801 2848 1844 2916 de
1862 2871 1933 2940 quo
1955 2848 2061 2917 modo
2086 2848 2192 2915 invo-

157 2966 215 3027 res
232 2942 381 3012 illinunt
395 2943 521 3030 idolis,
547 2959 589 3017 ut
608 2948 802 3019 defendant
822 2974 976 3039 errores,
999 2963 1041 3026 ut
1064 2964 1148 3022 sunt
1198 2946 1347 3018 cationis
1359 2946 1434 3039 ipse
1448 2946 1584 3041 inquit:
1610 2946 1796 3040 Quidquid
1813 2949 1986 3041 petieritis
2003 2961 2137 3041 patrem
2151 2951 2192 3017 in

155 3041 287 3128 Polus,
311 3039 441 3130 Osius,
467 3044 669 3139 Groperus‚
693 3050 801 3122 etalii
819 3053 938 3128 multi.
1198 3048 1345 3120 nomine
1358 3072 1456 3132 meo,
1472 3048 1572 3119 dabit
1587 3049 1701 3122 vobis.
1754 3048 1842 3121 Vult
1855 3050 1926 3140 peti
1942 3075 1979 3121 se
1993 3051 2191 3129 nominato,

262 3144 320 3217 14.
354 3145 607 3219 VeraEcclesia
622 3173 760 3242 semper
774 3152 858 3222 inde
871 3177 984 3247 usque
1000 3151 1146 3224 sPatri-
1198 3152 1320 3233 idest,
1345 3148 1473 3219 fiducia
1487 3149 1755 3238 propiciationis
1778 3174 1841 3242 per
1864 3152 1979 3244 ipsum
2003 3152 2131 3234 laetae,
2158 3166 2193 3220 et

155 3248 227 3319 bus
243 3247 363 3335 sensit,
385 3249 497 3319 filium
507 3248 575 3320 Dei
591 3243 708 3350 λόγον
723 3275 797 3323 esse
812 3254 959 3325 missum
975 3253 1146 3326 adEccle·
1198 3249 1326 3320 fiducia
1339 3249 1501 3319 assiduae
1516 3250 1788 3325 intercessionis.
1827 3249 1924 3322 Haec
1939 3253 2059 3322 omnia
2075 3251 2114 3320 in
2132 3251 2192 3320 in·

136 3349 266 3435 ·siam,
290 3363 411 3423 etesse
425 3345 701 3448 ὑφιστάμενον,
727 3379 802 3425 non
818 3378 893 3426 esse
905 3378 1032 3426 sonum
1049 3378 1146 3425 crea·
1198 3351 1383 3423 vocatione
1401 3350 1588 3440 cogitanda
1605 3364 1706 3437 sunt,
1731 3365 1836 3447 atque
1859 3353 1909 3425 ita
1933 3353 2101 3425 dulcessit
2125 3356 2193 3422 do-

156 3465 256 3536 tum,
289 3466 565 3528 evanescentem.
627 3453 712 3527 ldeo
737 3454 842 3528 Iacob
866 3457 983 3553 inquit
1000 3459 1045 3526 de
1072 3457 1146 3526 lilio
1200 3454 1312 3526 ctrina
1328 3448 1412 3549 περὶ
1427 3445 1562 3551 λόγου,
1586 3466 1620 3524 et
1636 3455 1680 3522 de
1696 3456 1901 3528 mediatore.

157 3550 368 3628 Geoe.48.:
409 3553 507 3626 Deus
531 3569 671 3648 patrum
699 3583 880 3646 meorum,
921 3573 955 3631 et
978 3559 1147 3649 Angelus,
1304 3552 1363 3628 17.
1395 3552 1466 3624 Nec
1483 3551 1609 3650 Cynici
1623 3555 1793 3626 clamores
1806 3557 1984 3649 probandi
2001 3570 2101 3637 sunt,
2127 3556 2192 3648 qui
2268 3548 2270 3555 ’

155 3655 220 3750 qui
237 3656 495 3747 eripuitmeex
511 3658 647 3729 cunctis
666 3661 790 3743 malis,
821 3663 1008 3734 benedicat
1027 3660 1147 3752 pueris
1199 3670 1302 3747 negat
1327 3650 1510 3726 Christum
1535 3681 1633 3727 nunc
1661 3658 1927 3730 intercessorem
1956 3680 2047 3743 esse,
2088 3670 2193 3745 negat

158 3756 245 3828 istis.
264 3783 268 3791 ·
286 3757 340 3827 Ac
354 3771 437 3830 sunt
452 3759 605 3831 illustria
622 3763 842 3849 testimonia,
868 3765 964 3858 quod
980 3765 1027 3833 sit
1040 3755 1148 3860 λόγος
1199 3761 1284 3830 item
1300 3771 1393 3828 recte
1410 3757 1497 3827 dici:
1525 3757 1594 3828 Fili
1607 3756 1674 3830 Dei
1688 3755 1844 3831 Domine
1857 3756 1937 3830 lesu
1951 3756 2108 3844 Christe,
2132 3760 2193 3827 in-

156 3851 429 3954 ὖφιστᾶμενος,
464 3886 555 3956 quae
579 3862 768 3937 adfirmant
790 3880 872 3939 ante
895 3865 1147 3935 assumtionem
1197 3861 1337 3958 tercede
1359 3883 1425 3951 pro
1448 3860 1553 3929 nobis
1575 3862 1670 3952 apud
1700 3876 1884 3933 aeternnm
1913 3872 2069 3952 patrem,
2109 3884 2192 3930 curn

155 3955 334 4032 humanae
357 3977 522 4050 naturae,
547 3965 695 4035 missum
719 3990 792 4037 esse
812 3970 856 4037 ad
877 3965 1088 4047 Ecclesiam,
1114 3979 1148 4036 et
1199 3976 1320 4034 tamen
1346 3962 1440 4031 filius
1461 3961 1506 4030 sit
1525 3960 1698 4033 Sacerdos
1722 3965 1759 4031 in
1782 3976 1976 4036 aeternum.
2033 3958 2080 4031 Et
2106 3973 2191 4031 nota
2281 4006 2284 4011 -

154 4086 247 4160 quae
263 4064 461 4156 loquuntur
474 4066 519 4135 de
535 4067 791 4158 omnipotentia
807 4082 842 4140 et
856 4072 901 4140 de
913 4069 1149 4152 invocatione,
1200 4065 1273 4134 sint
1291 4063 1491 4133 testimonia
1505 4060 1634 4138 Roma.
1652 4064 1686 4134 8.
1700 4076 1734 4133 et
1747 4061 1876 4137 Ebrae.
1893 4063 1928 4136 7.
1979 4059 2027 4133 Et
2043 4063 2089 4131 sit
2104 4073 2191 4131 nota

154 4162 385 4238 utDominus
400 4167 532 4259 inquit:
554 4165 757 4263 Antequam
768 4167 950 4242 Abraham
967 4184 1149 4254 natusest,
1200 4166 1314 4237 dulcis
1330 4165 1504 4235 sententia
1521 4161 1688 4249 Eusebii,
1710 4189 1800 4258 quae
1821 4179 1914 4236 estat
1937 4164 2031 4235 libro
2053 4163 2190 4232 decimo

151 4262 230 4359 Ego
246 4291 337 4342 sum.
387 4262 748 4363 EtPaulus'expresse
764 4274 941 4354 adfirmat,
964 4270 1147 4343 Christum
1200 4263 1370 4339 historiae
1384 4261 1650 4337 Ecclesiasticae
1665 4288 1742 4360 pag.
1762 4269 1861 4338 sta:

151 4369 313 4443 adfuisse
336 4372 468 4463 populo
494 4372 533 4442 in
554 4373 705 4447 deserto.
773 4373 880 4462 ltem,
922 4377 967 4445 ad
994 4372 1147 4446 Culusa:
1297 4363 1343 4442 Ὀ
1360 4364 1477 4466 μέγας
1497 4370 1577 4439 τῶν
1599 4364 1697 4442 ὅλων
1720 4364 1911 4465 ἀρχιερεύς
1932 4360 2045 4448 αὐτὸς
2064 4367 2193 4461 ῐησοῦς

150 4470 229 4564 Qui
247 4476 543 4545 estanteomnia.
596 4474 661 4546 lob
681 4474 756 4547 19.:
792 4475 990 4571 Scioquod
1008 4478 1149 4548 redem·
1201 4466 1447 4568 ὃμονογενὴς
1467 4473 1537 4542 τοῦ
1558 4468 1673 4561 θεοῦ,
1702 4465 1747 4542 τὸ
1764 4465 1867 4566 παρὰ
1880 4469 2034 4544 πάντων
2055 4464 2190 4549 εὐῶδες

147 4586 214 4649 tor
237 4598 339 4645 meus
362 4574 462 4647 vivit.
526 4574 582 4647 De
601 4578 858 4670 omnipotentia
889 4580 961 4650 sint
992 4580 1031 4648 in
1060 4601 1149 4648 con·
1199 4568 1399 4666 θυμίαμα,
1431 4567 1581 4663 καὶτὰς
1602 4566 1665 4642 διὰ
1687 4570 1810 4665 εὐχῶν
1833 4568 2018 4664 ἀναίμους
2038 4567 2102 4642 καὶ
2123 4561 2194 4642 oisi-

144 4688 278 4771 spettu
309 4671 394 4747 haec
423 4678 534 4749 dicta:
573 4677 648 4769 Ego
680 4681 789 4752 vitam
813 4695 991 4752 aeternam
1016 4683 1063 4750 do
1087 4681 1149 4765 eis,
1201 4679 1288 4755 λους
1306 4662 1467 4759 θυσίας,
1503 4669 1655 4771 φαιδρῷ
1672 4678 1729 4769 τῷ
1748 4670 1934 4767 βλέμματι
1957 4669 2020 4744 καὶ
2045 4667 2193 4750 ὑπτίαις

141 4791 257 4873 peter
271 4802 371 4850 meus
386 4803 499 4875 usque
516 4782 624 4852 modo
642 4795 828 4874 operatur,
860 4798 894 4854 et
911 4783 986 4873 Ego
1009 4806 1149 4875 operor.
1200 4769 1475 4868 ὑποδεχόμενος
1486 4771 1594 4869 χερσὶ
1609 4780 1665 4869 τῷ
1680 4772 1777 4847 κατὰ
1801 4770 1970 4867 οὐρανὸν
1992 4769 2105 4867 πατρὶ
2126 4770 2194 4843 καὶ

138 4879 230 4973 Ego
245 4902 325 4951 sum
340 4880 440 4965 vitis,
466 4906 530 4952 vos
550 4883 731 4973 palmites,
764 4885 841 4955 sine
863 4910 918 4953 me
936 4881 1028 4953 nihil
1048 4895 1148 4976 pote·
1200 4879 1283 4974 θεῷ
1297 4882 1375 4949 τῶν
1390 4873 1489 4948 ὅλων
1504 4874 1784 4971 παραπέμπεται
1803 4881 1949 4970 πρῶτος
1970 4870 2082 4956 αὐτὸς
2101 4899 2194 4968 προ-

141 4982 358 5058 musicen.
410 4980 464 5053 De
473 4983 612 5077 Spiritu
628 5008 692 5056 suo
708 4989 769 5056 dat
786 4988 891 5057 nobis
906 5000 970 5058 etc.
1021 4983 1076 5056 De
1091 4986 1149 5053 in·
1201 4983 1371 5063 σκυνῶν,
1399 4974 1463 5051 καὶ
1481 4970 1597 5069 μόνος
1618 4982 1673 5074 τῷ
1696 4974 1809 5068 πατρὶ
1832 4973 1875 5048 τὸ
1896 4972 2077 5058 καταξίαν
2099 4974 2193 5047 ἄπο·

142 5084 360 5157 vocatione:
397 5084 528 5157 Venite
542 5088 589 5156 ad
606 5110 662 5156 me
684 5111 807 5158 omnes
832 5090 894 5184 qui
917 5087 1089 5159 laboratis
1115 5100 1148 5157 et
1199 5079 1326 5173 νέμων
1341 5078 1473 5175 σέβας·
1499 5074 1577 5151 εἶτα
1589 5075 1633 5151 δὲ
1646 5076 1709 5152 καὶ
1725 5083 1840 5150 πᾶσιν
1852 5074 1945 5172 ἡμῖν
1961 5076 2096 5172 εὐμενῆ
2110 5071 2195 5149 deot-

131 5187 296 5261 unerart
320 5187 419 5271 estis,
454 5201 487 5258 et
512 5186 587 5277 Ego
613 5189 766 5259 reficiam
792 5215 867 5265 vos.
935 5189 1075 5260 Psalmo
1091 5192 1147 5262 2.:
1199 5181 1343 5278 μένειν,
1370 5178 1433 5254 καὶ
1448 5176 1702 5263 destinasset
1716 5175 2024 5275 παραιτούμενος.
2071 5177 2074 5182 ’

142 5282 381 5363 Osculamini
405 5288 531 5358 filium.
595 5287 696 5361 Beati
717 5315 841 5360 omncs
870 5293 932 5387 qui
963 5292 1148 5363 confidunt
1306 5284 1365 5358 18.
1397 5281 1634 5355 Confundunt
1650 5295 1685 5354 et
1707 5283 1868 5353 obruunt
1884 5282 2046 5375 Papistae
2068 5281 2193 5352 discri«

143 5391 193 5465 in
206 5413 265 5463 eo.
302 5385 428 5463 Esaiae
441 5391 516 5467 11.:
542 5389 620 5465 Stat
634 5391 735 5463 radix
743 5388 868 5482 lessae,
893 5407 934 5467 ut
945 5394 992 5466 sit
1006 5393 1146 5484 signum
1200 5411 1283 5459 men
1297 5386 1384 5478 legis
1399 5401 1433 5461 et
1441 5381 1649 5476 Evangelii,
1676 5397 1710 5456 et
1724 5378 1947 5456 horribiliter
1961 5385 2048 5456 furit
2058 5380 2195 5455 Tham-
