4680 6038
74 226 119 300 u
630 274 642 333 .·
817 220 981 298 nucu.
1024 215 1106 298 on
1140 216 1362 294 nusum.
1873 180 1888 201 ”
2050 227 2100 302 cc

73 399 206 471 tionem
222 394 308 482 Dei,
335 406 369 467 et
388 396 433 465 ed
449 390 615 489 honestos
636 408 672 467 et
690 395 768 487 pios
786 419 913 467 mores.
967 395 1062 469 Sunt
1113 391 1231 486 aliqua
1248 391 1449 463 celebritate
1469 389 1610 482 linguas
1631 393 1829 467 docuerunt
1842 392 2020 470 Ecclesiae
2041 425 2104 472 no-

72 513 103 574 ct
121 499 257 574 iudicia
282 497 514 569 eeclesiastico
535 498 743 584 constituta,
769 511 810 570 ut
831 513 988 591 pastores
1004 524 1058 568 re·
1113 496 1299 582 cessarias,
1326 510 1360 567 et
1376 517 1433 565 eas
1457 494 1526 566 late
1548 513 1843 588 propagaverunt.
1896 499 2103 574 Bernardus
2189 539 2193 546 ·

71 619 199 697 gantur
220 616 254 672 et
279 600 532 686 defendantur,
559 613 593 671 et
617 613 657 671 ut
679 601 859 671 doctrinae
876 602 1010 692 puritas
1026 617 1059 673 et
1113 594 1273 687 Ciglerus
1297 613 1401 670 natus
1427 599 1466 667 in
1493 597 1628 669 familia
1659 603 1812 694 equestri
1842 598 1950 674 huius
1978 607 2105 697 gentis,

71 706 235 779 sanctitas
252 704 499 793 coniugiorum
515 716 777 778 conserventur.
829 698 878 776 Et
892 705 975 800 quia
988 701 1059 774 Ec·
1112 724 1192 768 cum
1207 702 1347 790 linguae
1359 696 1530 772 hebraeae
1544 725 1711 792 magnum
1725 727 1828 776 usum
1842 702 2002 790 haberet,
2028 733 2103 780 non
2228 710 2236 725 '

70 809 184 881 clesiis
207 820 241 876 et
267 806 517 896 gubernationi
539 806 636 876 civili
665 830 754 897 opus
782 819 834 878 est
864 810 1057 878 multarum
1111 801 1225 872 solum
1241 798 1349 874 buius
1363 804 1485 874 aetatis
1501 805 1626 874 studiis
1641 805 1679 875 in
1697 830 1735 875 ea
1751 807 1889 898 lingua,
1917 811 2101 881 sedetiam

69 915 289 1003 linguarum,
316 908 493 979 et-artium
508 907 672 994 scientia,
699 909 872 980 etlumen
892 910 985 981 vitae
1007 923 1059 979 est
1111 905 1305 996 posteritati
1315 906 1467 998 profuit.
1520 904 1694 977 Graecam
1715 907 1873 999 linguam
1890 925 1972 982 ante
1988 937 2103 985 annos

70 1039 150 1086 vera
163 1011 328 1084 doctriua
342 1012 387 1081 de
401 1008 479 1081 Deo
505 1024 541 1081 et
556 1012 600 1080 de
615 1025 741 1082 notura
759 1036 890 1087 rerum.
938 1011 1056 1102 Lipsi-
1112 1007 1254 1095 triginta
1283 1031 1341 1078 sex
1372 1006 1505 1079 Crocus
1537 1009 1751 1096 Britannus,
1792 1015 1854 1107 qui
1877 1011 2099 1086 Aleandrum

69 1142 104 1190 ca
124 1111 322 1187 Academia
344 1113 394 1184 ita
417 1113 604 1184 constituta
627 1127 695 1198 est,
732 1129 773 1185 ut
796 1115 916 1204 lingua
937 1114 1057 1199 latina,
1111 1107 1275 1181 Luteciae
1288 1111 1465 1194 amiens,
1493 1105 1551 1181 hic
1572 1113 1751 1206 frequenti
1775 1117 1953 1188 auditorio
1970 1118 2102 1201 docuit,

68 1243 186 1312 graeca
215 1230 249 1287 et
275 1216 400 1286 ebrsea
423 1228 516 1285 recte
540 1228 574 1286 et
596 1216 747 1286 fideliter
771 1212 831 1288 hic
853 1219 1056 1290 doceantur.
1109 1205 1205 1281 hunc
1221 1227 1361 1284 secutus
1382 1226 1432 1283 est
1454 1210 1581 1283 Petrus
1601 1212 1840 1301 Mosellanus,
1867 1220 1968 1290 cuius
1986 1220 2101 1292 oratio
2151 1204 2159 1233 ⁹

68 1325 252 1393 Praeterea
283 1318 411 1388 ordine
447 1318 538 1388 libri·
570 1315 765 1410 prophetici
802 1333 836 1388 et
873 1319 1056 1410 apostolici
1109 1311 1406 1405 Xenophonteam
1417 1316 1623 1386 suavitatem
1633 1319 1816 1390 referebat.
1847 1316 2102 1393 Nuncloachi-

67 1434 299 1501 enarrantur,
331 1434 365 1491 et
389 1421 528 1490 assidue
551 1423 722 1512 repetitur
742 1421 875 1511 integra
894 1423 1054 1492 doctrina
1109 1441 1186 1486 mus
1206 1414 1448 1503 Camerarius,
1475 1419 1537 1512 qui
1555 1415 1659 1489 Croci
1684 1422 1827 1492 auditor
1848 1424 1932 1507 suit,
1958 1447 2101 1513 graecam
2314 1440 2331 1497 t

66 1525 245 1602 Ecclesiae
268 1523 353 1608 Dei,
386 1518 639 1615 comprehensa
669 1524 708 1593 in
732 1525 835 1595 libris
853 1519 1056 1627 Propheta·
1108 1519 1249 1608 linguae
1264 1522 1379 1592 studia
1397 1515 1455 1591 hic
1469 1522 1576 1612 regit,
1602 1523 1664 1616 qui
1681 1548 1761 1594 cum
1779 1524 1878 1594 omni
1889 1547 2015 1615 genere
2025 1527 2100 1597 vir-

66 1655 143 1702 rum
167 1642 204 1699 et
225 1621 501 1716 Apostolorum,
531 1641 564 1698 et
587 1626 627 1698 in
649 1624 828 1721 Symbolis
851 1628 1056 1717 apostolico,
1105 1621 1222 1694 'tutum
1257 1624 1412 1708 excellit,
1446 1637 1521 1694 tum
1548 1649 1632 1694 vero
1659 1627 1898 1716 cognitionem
1926 1643 1963 1701 et
1994 1652 2098 1700 usum

64 1733 200 1804 Niceno
223 1723 536 1809 etAthanasiano,
570 1741 605 1798 et
628 1729 665 1796 in
683 1725 1055 1800 confessioneLuthe-
1106 1746 1248 1814 graecae
1280 1725 1420 1817 linguae
1448 1739 1587 1797 tantum
1611 1722 1734 1814 habet,
1767 1743 1808 1800 ut
1838 1754 1912 1801 non
1936 1725 2098 1803 Athenae
2151 1755 2169 1809 ζ
2191 1716 2222 1729 ”

63 1838 105 1910 ri,
158 1832 268 1927 Hunc
292 1843 499 1923 perpetuum
533 1853 743 1901 consensum
767 1827 959 1903 catholicae
983 1829 1053 1902 Ec.
1108 1840 1240 1897 veteres
1255 1831 1325 1898 tam
1343 1829 1413 1898 sint
1428 1822 1584 1911 Atticae,
1611 1854 1718 1923 quam
1734 1846 1817 1902 sunt
1833 1833 1943 1923 ipsius
1957 1835 2098 1926 scripta.

61 1937 191 2009 clesiae
218 1931 305 2020 Dei,
346 1929 535 2031 Academia
574 1935 739 2003 universa
779 1935 837 2024 pie
870 1935 1054 2026 amplecti·
1209 1928 1382 2020 Magnum
1409 1933 1515 2000 decus
1538 1947 1589 2003 est
1612 1946 1731 2003 autern
1753 1947 1787 2003 et
1808 1937 1921 2024 gentis
1937 1931 2045 2006 huius
2064 1949 2098 2005 et

61 2057 136 2124 tur,
174 2050 209 2109 et
233 2034 385 2106 fideliter
406 2048 542 2121 tuetur,
567 2049 608 2108 ut
631 2036 718 2106 libri
738 2036 801 2130 qui
823 2031 882 2107 hic
898 2039 1054 2108 eduntur
1107 2026 1334 2118 Academiae,
1357 2035 1452 2127 qnod
1470 2034 1508 2102 in
1519 2035 1625 2104 nulla
1643 2036 1780 2125 regioni
1798 2038 1865 2108 viri
1880 2039 2001 2128 plures
2014 2052 2099 2107 sunt

60 2143 267 2215 ostendunt.
1106 2148 1140 2204 et
1151 2134 1314 2216 suerunt,
1340 2136 1379 2204 in
1401 2135 1527 2206 ordine
1543 2125 1696 2229 equestri
1710 2140 1785 2209 nati
1801 2142 2011 2210 excellenter
2032 2142 2098 2210 do-

160 2242 258 2316 Sunt
277 2214 337 2311 hic
351 2250 386 2308 et
399 2239 515 2328 legum
538 2238 698 2309 civilium
718 2240 944 2332 interpretes,
971 2266 1053 2311 eru·
1106 2237 1155 2306 cti
1179 2252 1213 2307 et
1235 2239 1457 2332 eloquentes,
1484 2262 1590 2331 quam
1612 2240 1650 2308 in
1666 2236 1732 2310 hac
1750 2242 1903 2332 regione.
1956 2224 2094 2313 Schon-

58 2349 198 2420 ditione
221 2357 257 2413 et
277 2340 448 2434 sapientia
471 2341 696 2428 excellentes,
721 2366 874 2436 quorum
895 2344 1053 2414 consiliis
1104 2339 1236 2428 bergii,
1261 2341 1324 2433 qni
1339 2338 1617 2411 fuitCardinalis
1633 2357 1667 2413 et
1681 2338 1880 2436 Episcopus
1896 2338 2098 2434 Capuanus,
2175 2402 2192 2435 ,

59 2467 93 2523 et
111 2445 299 2522 sententiis
319 2443 451 2515 iudicia
472 2442 512 2514 in
536 2443 657 2515 multis
680 2446 843 2535 gentibus
869 2440 1051 2537 reguntur.
1105 2441 1363 2536 eloquentiam,
1400 2443 1505 2513 etiam
1528 2443 1601 2536 ipsa
1625 2442 1727 2514 ltalia
1742 2447 1916 2517 admirata
1933 2461 2006 2532 est,
2033 2446 2097 2540 qui
2263 2466 2278 2519 s

58 2553 154 2626 Sunt
177 2563 211 2621 et
233 2548 319 2618 artis
341 2546 499 2615 medicae
520 2545 694 2616 Doctores
717 2547 786 2617 viri
812 2548 1052 2634 eruditissimi,
1105 2546 1248 2638 quidem
1278 2543 1429 2637 Legatus
1450 2546 1518 2616 fuit
1540 2548 1585 2615 ad
1614 2561 1685 2617 tres
1707 2571 1862 2619 summos
1887 2550 1926 2617 in
1951 2545 2097 2641 Europa

59 2677 216 2750 quorum
239 2663 274 2721 et
295 2650 334 2719 in
354 2649 529 2718 medendo
557 2662 591 2718 et
612 2649 650 2718 in
677 2652 837 2721 docendo
855 2652 1052 2722 celebratur
1104 2669 1218 2736 reges,
1245 2650 1290 2716 ad
1316 2647 1565 2740 imperatorem
1581 2645 1771 2732 Catulum,
1803 2654 1847 2721 ad
1870 2674 1986 2741 regem
2007 2648 2097 2720 Gal-

58 2757 212 2830 ernditio
233 2767 268 2825 et
290 2752 387 2823 fides.
440 2748 650 2840 Traduntur
666 2765 699 2821 et
716 2752 918 2824 iunioribus
935 2767 1051 2844 partes
1103 2750 1220 2819 lorum
1244 2748 1492 2835 Franciseum‚
1528 2766 1562 2821 et
1584 2754 1629 2821 ad
1651 2775 1769 2842 regern
1786 2750 1938 2843 Angliae
1959 2752 2095 2824 Henri·

56 2851 313 2950 Philosophiae
327 2875 468 2937 omnes,
493 2852 708 2946 fueruntque
728 2855 814 2924 olim
835 2856 952 2926 studia
968 2855 1051 2925 Ma·
1104 2875 1194 2921 cum.
1245 2851 1349 2922 Nunc
1378 2877 1518 2946 quoque
1552 2866 1592 2923 ut
1624 2857 1731 2926 aridio
1763 2857 1885 2926 doctos
1919 2857 2094 2941 iudicare,

57 2960 256 3036 thematum
271 2952 332 3027 hic
344 2968 461 3036 tanta,
482 2967 523 3025 ut
537 2955 622 3024 inde
639 2957 678 3025 in
691 2958 778 3028 alias
792 2959 952 3047 regiones
966 2983 1051 3051 pro·
1103 2954 1239 3024 nullius
1261 2955 1375 3025 oratio
1398 2954 1527 3040 latina,
1561 2957 1723 3049 ompium
1747 2958 1809 3052 qui
1834 2984 1930 3028 nunc
1949 2958 2094 3052 quidem

58 3079 181 3159 pagata
208 3061 299 3145 sint,
333 3059 536 3130 didicerunt
567 3052 626 3129 hic
656 3059 760 3129 initia
788 3056 1048 3132 Mathematum
1102 3057 1231 3148 scripta
1249 3059 1360 3128 edunt
1381 3057 1419 3126 in
1445 3056 1546 3128 ltalia
1568 3073 1632 3131 aut
1647 3060 1733 3130 alibi
1750 3062 1877 3130 melior
1893 3073 1961 3144 est,
1987 3084 2093 3154 quam

55 3165 379 3257 Regiomontanus,
404 3157 622 3242 Hasfuedus‚
650 3157 871 3249 Schonerus,
896 3188 1047 3256 quorum
1104 3157 1187 3228 lulii
1211 3157 1341 3248 Pllugii
1372 3173 1406 3229 et
1426 3156 1679 3249 Christophori
1710 3159 1937 3234 Carolovicii.
2000 3163 2094 3233 Sunt
2216 3183 2219 3188 ·

56 3272 205 3342 nomina
230 3279 314 3336 nota
337 3276 436 3359 sunt:
464 3276 498 3331 et
519 3262 641 3333 docuit
661 3259 719 3333 hic
736 3261 954 3349 Alexander,
987 3266 1049 3358 qui
1102 3277 1136 3330 et
1158 3261 1219 3330 alii
1241 3261 1368 3346 multi,
1403 3263 1463 3355 qui
1485 3263 1709 3333 nobilitatem
1729 3267 1866 3353 generis
1891 3265 2093 3335 eruditione
2220 3284 2224 3293 ¹

54 3390 88 3446 et
108 3371 227 3444 edidit
251 3366 511 3469 enarrationem
542 3366 884 3435 demonstrationum
908 3389 1048 3456 geome·
1102 3377 1243 3435 ornant.

55 3478 247 3555 tricarum,
279 3469 468 3562 exquibus
490 3490 653 3556 magnam
682 3481 817 3559 purtem
841 3466 1048 3539 Dialectices
1202 3460 1286 3535 Dixi
1304 3465 1511 3536 brevissime
1525 3466 1569 3536 de
1579 3463 1748 3538 Ecclesiis
1758 3483 1792 3539 et
1804 3470 1849 3539 de
1866 3470 1944 3540 luce
1958 3470 2095 3540 doctri·

54 3595 86 3652 et
109 3571 507 3672 PhysicesAristoteles
531 3570 695 3643 extruxit.
751 3568 1047 3662 Acpeperitipsa
1102 3588 1242 3653 narum.
1286 3564 1390 3637 Nunc
1406 3589 1514 3657 pauca
1531 3571 1658 3639 addam
1674 3573 1718 3640 de
1734 3573 1847 3641 forma
1864 3572 2093 3662 gubernatio-

53 3680 172 3777 Mysia
198 3679 290 3749 duos
310 3674 350 3743 in
376 3668 444 3744 hoc
470 3695 596 3762 genere
622 3672 805 3743 doctrinae
829 3675 1054 3768 excellentes,
1101 3670 1157 3739 nis
1178 3668 1354 3761 politicae.
1411 3668 1480 3741 Dei
1502 3672 1673 3743 beneficio
1696 3676 1767 3743 iarn
1789 3675 2094 3768 annosquadrin·

52 3783 199 3855 Petrum
221 3776 422 3869 Apiauum,
448 3789 482 3844 et
498 3769 826 3889 lohannemssffleil,
853 3800 956 3869 quem
980 3800 1048 3844 no·
1099 3785 1224 3863 gentos
1247 3766 1353 3842 huius
1373 3772 1543 3863 trianguli
1564 3776 1774 3865 gubernatio
1798 3778 1928 3848 mansit
1960 3778 2094 3860 eadem,

52 3887 193 3956 minant
215 3880 320 3952 amici
342 3872 551 3960 Philonem,
586 3878 669 3969 quia
697 3876 841 3967 propter
871 3878 1048 3968 amplissi-
1100 3899 1169 3968 qua
1195 3875 1233 3941 in
1258 3899 1296 3943 re
1321 3889 1354 3945 ct
1369 3872 1436 3944 Dei
1456 3877 1666 3947 beneficium
1682 3882 1943 3969 agnoscendum
1960 3894 2032 3963 est,
2058 3892 2093 3948 et

55 4012 148 4058 mam
162 3984 414 4062 eruditionem,
440 3979 629 4049 conferunt
642 4005 721 4050 eum
736 3984 781 4048 ad
798 3994 948 4050 veterem
960 3976 1047 4049 Phi·
1100 3977 1258 4068 ipsorum
1270 3974 1478 4069 Principum
1495 3979 1671 4048 laudanda
1687 3981 1824 4052 iusticia
1840 3981 2092 4052 etmoderatio.

54 4091 195 4170 lonem,
221 4091 266 4157 de
283 4111 355 4179 quo
372 4084 506 4153 dictum
523 4081 610 4162 fuit,
635 4077 659 4175 ἢ
674 4077 797 4177 φίλων
813 4079 1044 4169 πλατωνίζει,
1100 4078 1333 4149 Accesserunt
1344 4077 1520 4171 'l'uringia
1536 4095 1570 4151 et
1585 4106 1665 4174 pars
1683 4081 1875 4162 Saxoniae,
1902 4097 1936 4152 et
1948 4079 2091 4151 Electo-

52 4184 256 4287 emirum
276 4179 477 4284 palmites.
536 4182 576 4252 ld
600 4187 644 4253 ad
670 4181 766 4255 hunc
791 4199 1045 4255 nostrumnon
1099 4206 1178 4252 rum
1202 4180 1378 4271 dignitas,
1410 4208 1500 4277 quae
1527 4184 1678 4253 accessio
1708 4185 1812 4256 etiam
1846 4184 2090 4254 testimonium

52 4297 172 4366 minus
189 4291 376 4383 congruit,
400 4311 505 4381 quam
523 4288 567 4354 ad
587 4287 699 4357 illum.
1099 4298 1151 4355 est
1164 4284 1323 4368 virtutis,
1350 4298 1384 4353 et
1398 4285 1597 4354 autoritatis
1611 4281 1740 4357 horum
1758 4285 1978 4378 Principum.
2020 4286 2091 4357 Sed

155 4395 235 4469 Etsi
265 4395 361 4464 enim
393 4414 467 4459 non
499 4388 555 4459 est'
579 4414 697 4459 meum
719 4392 762 4458 de
790 4388 937 4458 summis
959 4389 1045 4457 viris
1099 4386 1220 4456 omnia
1234 4387 1420 4479 complecti
1434 4411 1531 4458 nunc
1545 4412 1619 4458 non
1637 4411 1790 4479 possum.
1824 4388 2092 4459 FamiliaPrin·

52 4501 231 4584 iudicare,
257 4510 374 4566 tamen
388 4491 549 4562 existimo
566 4515 647 4560 eum
660 4492 903 4563 antecelluisse
924 4492 1045 4560 erudi·
1099 4489 1216 4579 cipum
1234 4504 1333 4559 vetus
1349 4502 1420 4570 est,
1447 4503 1524 4560 orta
1540 4492 1585 4561 ab
1602 4494 1724 4561 eadem
1742 4493 1873 4582 stirpe,
1895 4518 1986 4586 quae
2006 4516 2090 4582 pro-

50 4606 151 4675 tione
165 4605 205 4671 in
226 4612 299 4671 tota
323 4586 556 4684 Philosophia
580 4595 763 4679 omnibus,
794 4619 947 4687 quorum
963 4618 1046 4664 eru·
1098 4592 1227 4662 creavit
1241 4591 1502 4662 laudatissimus
1517 4595 1746 4685 imperotores
1760 4592 1954 4664 Saxonicos
1971 4590 2091 4663 Otho-

50 4707 141 4777 ditio
161 4701 231 4775 hoc
245 4702 364 4772 seculo
381 4697 591 4769 celebratur.
1097 4717 1171 4764 nes.
1223 4690 1385 4787 Cumque
1401 4694 1555 4764 vicinam
1569 4697 1748 4786 regionem
1765 4697 1809 4764 ad
1827 4695 1963 4774 Salam,
1991 4693 2090 4765 Mul-

152 4807 234 4880 Non
257 4803 353 4872 volui
372 4798 532 4871 hocloco
551 4797 748 4886 catalogum
765 4798 951 4867 instituere
972 4797 1045 4867 cla·
1097 4799 1180 4867 dam
1200 4809 1233 4866 et
1250 4794 1396 4865 Plisiam
1419 4797 1481 4867 diu
1506 4800 1720 4879 tenuissent,
1747 4810 1864 4890 postea
1886 4795 2092 4868 fridericus

51 4937 175 4982 rorum
198 4909 378 4989 virorum,
404 4902 518 4995 quiin
537 4895 602 4970 hac
626 4895 818 4968 Academia
835 4901 1045 4984 floruerunt,
1096 4897 1332 4981 Barbarossa,
1365 4896 1530 4969 Conrado
1561 4914 1671 4970 totam
1703 4899 1857 4995 Mysiam
1888 4903 2090 4989 gubernan-

50 5016 164 5108 etqui
186 5009 345 5081 consiliis
366 5006 437 5077 suis
460 5003 610 5095 patriam
634 5017 811 5073 rexerunt.
863 5001 1044 5071 Namsor-
1097 5004 1178 5070 darn
1195 5002 1360 5078 tradidit,
1389 5026 1539 5095 eumque
1554 4997 1802 5073 Marchionem
1818 5001 1956 5097 Mysiae
1972 5003 2092 5073 nomi·

51 5144 106 5186 ma
122 5111 395 5208 gubernationis
411 5109 499 5178 iusta
517 5121 551 5176 et
565 5106 758 5188 moderata,
784 5105 1043 5173 etiudiciorum
1097 5105 1213 5185 navit,
1240 5103 1313 5171 sive
1332 5103 1367 5170 id
1385 5128 1517 5173 nomen
1535 5119 1620 5174 esta
1644 5100 1853 5201 νομαρχία,
1876 5118 1916 5175 ut
1935 5105 2091 5176 Sabinus

50 5216 260 5292 constitutio
291 5214 484 5283 ostendunt
509 5208 615 5276 fuisse
646 5219 680 5275 et
705 5230 795 5287 esse,
826 5231 900 5275 non
927 5207 1043 5276 solum
1096 5208 1153 5275 vir
1172 5207 1477 5293 ingeniosissimus
1494 5206 1686 5292 existimat,
1711 5209 1786 5279 sive
1806 5207 1954 5278 alimite
1972 5223 2089 5278 custo-

51 5323 257 5414 ingeniosos
282 5329 317 5387 et
339 5339 405 5384 usu
424 5308 555 5403 peritos
564 5310 835 5400 gubernatores,
857 5311 919 5378 sed
936 5310 1041 5379 etiarn
1096 5309 1239 5379 diendo.
1293 5304 1381 5376 Inde
1405 5311 1587 5399 propagati
1609 5309 1793 5403 Principes
1820 5323 2010 5381 tenuerunt
2034 5324 2090 5380 to·

50 5428 220 5499 eruditos.
279 5417 438 5490 Tantum
459 5416 505 5486 dc
527 5413 571 5482 iis
593 5413 727 5493 dicam,
761 5412 1042 5506 quiprimicnm
1095 5425 1171 5482 tum
1202 5405 1299 5480 hunc
1327 5411 1566 5502 triangulum,
1598 5437 1752 5508 quorum
1783 5435 1922 5505 semper
1951 5435 2090 5485 summa

2227 2838 2245 2875 ὓ
