4680 6038
150 224 225 302 stt

151 410 257 477 cunt,
282 407 317 465 et
341 393 380 462 in
403 386 659 481 compositione
681 385 931 476 negligentiam
953 380 1147 476 repreben-

153 502 257 585 dunt,
281 511 402 569 tamen
421 495 513 564 bona
526 491 683 574 minent,
709 490 808 579 copia
823 490 1001 559 bonorum
1018 490 1148 558 verbo-

151 626 244 675 rum.
293 594 341 668 Et
355 592 441 667 baec
457 595 531 685 ipsa
547 593 779 676 foecunditas,
806 615 895 684 quae
912 586 1147 684 reprehendi-

153 720 229 789 tur,
263 704 340 770 laus
366 713 417 770 est
441 697 596 786 ingenii,
630 696 845 764 concedatur
878 694 984 764 etiam
1010 694 1146 788 aliquid

153 804 269 898 genti,
296 816 330 872 et
345 802 480 892 primae
496 797 709 868 institutioni
729 796 767 867 in
784 793 923 881 Gallia,
943 796 1009 867 ubi
1027 797 1147 886 lingua

152 907 267 1002 patria
285 906 438 974 mealtum
456 899 561 970 babet
580 900 802 969 deliciarum.

257 1006 368 1079 Grata
399 1005 466 1074 luit
490 1000 662 1073 Demetrii
690 996 914 1072 Phalerensis
940 1003 1075 1087 oratio,
1114 1015 1149 1071 et

152 1138 228 1185 non
244 1103 692 1182 amisitAtticaeorationis
708 1105 870 1188 sormam,
895 1105 1031 1174 etiamsi
1049 1106 1148 1195 plus-

153 1218 272 1287 culum
296 1207 462 1281 habuisse
482 1208 690 1277 deliciarum
713 1207 854 1278 dicitur.
907 1207 966 1279 Sic
989 1223 1023 1279 et
1041 1205 1150 1277 Eras-

151 1319 243 1387 mica
268 1328 364 1405 grata
388 1313 450 1396 sit,
477 1324 512 1381 et
533 1309 661 1379 Latina
681 1331 755 1378 esse
777 1324 979 1396 censeatur,
1012 1310 1149 1381 etiamsi

152 1419 291 1492 flosculi
305 1416 488 1486 densiores
504 1425 606 1498 sunt,
633 1423 672 1481 ut
689 1413 725 1479 in
742 1427 854 1502 prato.

255 1520 354 1590 Haec
377 1521 421 1586 de
447 1517 561 1584 forma
588 1515 762 1584 orationis
785 1515 866 1585 ideo
889 1517 1039 1585 brevius'
1058 1516 1151 1600 dico,

100 1668 107 1676 ·
153 1625 237 1720 quia
261 1646 323 1691 vos
348 1622 442 1712 ipsos
464 1619 585 1687 crebra
608 1619 760 1687 lectione
784 1643 932 1710 operum
955 1619 1066 1709 ipsius
1089 1642 1149 1686 ex-

152 1727 264 1821 periri
286 1723 511 1794 dulcedinem
536 1721 610 1790 eius
626 1721 718 1791 volo,
772 1716 921 1814 Aliquid
939 1746 1022 1790 vero
1046 1719 1151 1805 succi,

154 1843 188 1901 et
206 1831 244 1899 in
259 1838 415 1898 vestrum
435 1847 634 1893 sermonem
659 1822 896 1908 derivabitur,
931 1824 959 1893 si
987 1846 1090 1915 saepe
1111 1847 1151 1892 ea

154 1933 290 2022 legetis.

256 2030 474 2119 Cum’igitnr
495 2026 531 2095 in
548 2024 719 2112 Erasmo,
746 2040 780 2098 et
805 2028 859 2096 vis
874 2028 1010 2118 ingenii
1023 2048 1149 2115 magna

153 2138 280 2220 suerit,
307 2147 340 2204 et
358 2132 493 2202 suerint
515 2131 552 2197 in
577 2156 618 2201 eo
644 2131 775 2201 multae
806 2131 965 2220 egregiae
989 2133 1151 2214 virtutes,

153 2254 188 2310 et
216 2263 296 2311 cum
325 2235 441 2305 studia
465 2233 669 2322 linguarum
694 2234 888 2303 necessaria
916 2230 1094 2303 Ecclesiae
1117 2245 1152 2303 et

152 2344 245 2415 vitae
261 2339 377 2421 civili,
401 2336 597 2427 plurimum
618 2336 815 2419 adiuverit,
841 2337 949 2425 gratis
971 2336 1152 2407 mentibus

154 2446 231 2514 eius
252 2441 461 2510 memoriam
488 2460 755 2520 conservemus,
788 2437 899 2527 ipsius
920 2453 1152 2510 monumenta

153 2546 329 2634 legamus,
355 2554 389 2609 et
406 2538 495 2627 grati
515 2561 593 2605 eum
613 2538 840 2613 celebremus.

258 2642 374 2716 Simul
393 2641 498 2709 etiam
520 2636 597 2708 Deo
619 2641 747 2727 gratias
772 2663 933 2730 agamus,
958 2644 1057 2734 quod
1080 2642 1152 2711 lin-

156 2770 306 2840 guarum
328 2743 531 2833 cognitione
551 2737 750 2812 Ecclesiam
769 2743 957 2828 instruxit,
988 2759 1021 2814 et
1037 2746 1151 2815 lucem

156 2873 240 2921 suae
253 2848 435 2916 doctrinae
454 2843 559 2912 nobis
576 2847 737 2935 praebet,
768 2858 802 2914 et
818 2842 875 2916 bis
891 2847 959 2918 Dei
973 2847 1153 2918 beneficiis

158 2952 214 3043 pie
230 2964 383 3020 utamur.
435 2944 530 3014 Dixi.

541 209 701 288 DECL.
742 206 820 284 DE
857 206 1216 287 APHORlSMO
1250 207 1449 285 SEXTO
1486 210 1704 290 PARTIS
1739 214 1789 296 ΙΙ.

2107 220 2189 303 m

1197 383 1345 454 doribus
1368 383 1476 470 belli,
1508 381 1665 456 scholam
1689 383 1782 460 hanc
1807 392 1902 463 velot
1917 394 2189 469 decollectiscr

1196 486 1384 575 naufragio
1402 487 1531 557 tabulis
1546 489 1738 563 restituerit
1752 506 1857 588 atque
1872 497 2045 584 erexerit,
2067 520 2188 594 meque

1198 613 1279 658 cum
1295 589 1526 660 moestissima
1542 605 1653 662 matre
1676 595 1821 667 incertis
1837 597 1900 668 diu
1912 599 2085 671 iactatum
2101 604 2187 673 secli-

1198 692 1284 774 bus,
1310 706 1344 761 et
1367 692 1473 782 longo
1498 717 1538 764 ac
1554 695 1753 785 periculoso
1775 699 1884 769 exilio
1899 701 2108 792 fatigatum,
2132 726 2185 779 ceu

1199 793 1419 886 postliminio
1436 796 1616 867 reduxerit
1632 799 1670 867 in
1687 794 1778 871 banc
1789 796 1958 884 scholam,
1980 806 2029 875 ad
2046 809 2185 880 audien

1200 898 1282 964 dam
1298 919 1423 966 rursus
1438 921 1558 967 vocem
1583 902 1788 989 doctrinae,
1814 906 1914 975 cuius
1930 907 2069 979 semina
2084 922 2121 980 et
2134 934 2184 981 ro·

1199 1000 1357 1068 dimenta
1378 1013 1477 1090 patre
1498 1015 1622 1072 autore
1647 1018 1681 1075 et
1699 1007 1866 1096 magistro
1890 1010 1988 1078 velut
2005 1032 2091 1082 cum
2106 1013 2183 1085 lactc

1198 1102 1321 1170 matris
1344 1123 1504 1170 suxeram
1525 1118 1647 1190 antee,
1676 1120 1781 1202 atque
1802 1110 2082 1184 combiberama
2099 1128 2181 1185 tenc·

1201 1203 1261 1271 ris.
1311 1201 1368 1273 Ad
1397 1228 1502 1297 qnam
1535 1191 1679 1299 quidem
1709 1212 1800 1281 redii
1822 1213 2012 1301 libentius,
2055 1239 2132 1287 non
2150 1241 2181 1289 eo

1200 1318 1359 1392 tantum,
1387 1309 1484 1399 quod
1509 1311 1622 1400 patria
1647 1327 1735 1383 esset
1750 1327 1784 1384 et
1798 1328 1914 1385 custos
1932 1312 2119 1408 sepulchri
2134 1344 2181 1411 pa-

1201 1408 1317 1492 terni,
1345 1423 1378 1478 et
1394 1434 1542 1500 puerum
1558 1437 1614 1483 me
1628 1416 1856 1487 sanctissimis
1872 1420 2111 1510 opinionibus
2130 1423 2182 1492 in

1201 1511 1354 1595 buisset,
1402 1537 1553 1605 quarum
1590 1518 1792 1588 uberiorem
1828 1535 1864 1590 et
1895 1523 2182 1597 confirmatiorem

1201 1613 1439 1701 cognitionem
1462 1617 1722 1705 desiderabam,
1749 1624 1808 1691 sed
1832 1622 2079 1717 multomagis
2102 1632 2182 1721 quod

1202 1716 1400 1784 doctrinam
1416 1741 1434 1785 a
1450 1733 1549 1808 patre
1563 1734 1596 1791 et
1615 1722 1711 1803 aliis,
1735 1721 1801 1794 Dei
1813 1727 1984 1798 beneficio
1999 1743 2037 1800 et
2054 1730 2185 1815 auxilio,

1203 1831 1295 1887 recte
1309 1819 1528 1909 explicatam,
1556 1836 1723 1916 tanquam
1740 1849 1879 1897 sacrum
1896 1830 2117 1921 depositum,
2139 1834 2186 1925 pio

1203 1921 1320 1992 studio
1345 1935 1379 1991 et
1402 1923 1562 2013 religiosa
1594 1928 1662 1995 lide
1685 1946 1929 2016 conservaret,
1967 1956 2010 2004 ac
2039 1948 2187 2006 tueretur

1202 2025 1457 2116 incorruptam.
1509 2027 1683 2099 Profiteor
1705 2046 1822 2101 autern
1844 2048 1940 2105 stans
1955 2038 2001 2107 ad
2019 2038 2187 2108 tumulum

1203 2128 1330 2219 patris,
1357 2150 1413 2197 me
1432 2123 1539 2199 buius
1551 2127 1728 2202 Ecclesiae
1743 2135 1857 2205 civem
1869 2159 1955 2223 esse,
1982 2153 2018 2210 et
2034 2140 2187 2234 amplecti

1205 2244 1278 2300 toto
1311 2243 1453 2319 pectore
1494 2257 1703 2304 consensum
1739 2238 1939 2325 doctrinae,
1979 2265 2092 2335 qnam
2120 2268 2189 2314 cnm

1202 2326 1345 2402 scholae
1367 2326 1432 2401 bac
1455 2330 1613 2405 Ecclesia
1633 2338 1757 2428 oppidi
1781 2355 1985 2413 constanter
2002 2345 2086 2436 yivn
2102 2360 2190 2438 patre

1203 2435 1361 2504 consessa
1386 2449 1453 2520 est,
1487 2452 1519 2509 et
1542 2462 1638 2508 nunc
1660 2445 1807 2510 eandem
1831 2459 1909 2534 post
1932 2446 2044 2536 ipsius
2058 2449 2188 2519 obitum

1204 2550 1325 2620 sonat,
1358 2539 1588 2633 docendoque
1612 2558 1797 2634 propagat,
1831 2570 1896 2615 nec
1920 2549 2098 2619 discedam
2118 2548 2187 2621 Deo

1203 2642 1349 2709 iuvante
1366 2637 1496 2710 abhoc
1513 2667 1686 2714 consensu
1703 2670 1880 2740 unquam,
1906 2652 2024 2722 donec
2037 2650 2168 2724 vixero.

1306 2741 1346 2812 Si
1362 2767 1445 2812 vero
1462 2760 1607 2838 quaerat
1632 2748 1779 2840 aliquis,
1806 2775 1870 2820 cur
1886 2766 2000 2824 artem
2018 2752 2189 2825 Medicam

1204 2846 1340 2935 potius,
1379 2870 1486 2938 quam
1516 2851 1626 2940 patris
1653 2853 1813 2944 exemplo
1835 2857 2039 2926 doctrinam
2064 2880 2187 2928 sacram

1205 2948 1270 3015 sim
1288 2960 1437 3018 sectatus
1457 2952 1692 3041 professione,
1717 2951 1853 3050 (studio
1869 2959 1966 3028 enirn
1984 2971 2019 3029 et
2039 2970 2125 3031 tuta
2138 2960 2188 3031 di

1093 3082 1109 3109 0
1205 3051 1323 3119 scendi
1339 3051 1377 3117 in
1394 3068 1519 3122 neutro
1537 3051 1625 3123 mibi
1640 3058 1736 3125 delui
1752 3058 1941 3158 unquam),
1971 3061 2030 3132 illi
2053 3086 2188 3155 respon·

166 3333 235 3406 No.
257 3326 341 3400 165.

163 3427 335 3458 Μ

262 3531 336 3617 De
364 3529 625 3640 aphorismo
657 3528 761 3611 V1‘0
793 3529 952 3615 Portis
981 3531 1046 3614 11.

226 3690 258 3743 ln
274 3687 365 3743 select.
379 3684 501 3739 Declam.
513 3682 604 3741 T.lll.
622 3685 708 3754 ptos
719 3705 789 3759 sqq,
808 3686 927 3744 Servest.
940 3689 972 3744 T.
988 3689 1037 3746 lll.
1051 3709 1079 3762 p.
1093 3693 1153 3747 761,

259 3755 386 3812 Richard.
398 3753 430 3807 Τ.
441 3753 473 3808 ΙΙ.
491 3772 516 3823 p.
525 3754 587 3810 217.

979 3361 1028 3407 an.
1045 3342 1139 3407 1557.

971 3431 1144 3456 Μ

184 3920 360 4008 Quaestio
386 3916 581 4008 explicato
609 3936 634 3984 α
662 3917 772 3987 Dect.
799 3920 918 3990 Paulo
946 3920 1125 3995 Lutbero.

490 4021 535 4101 (a.
557 4024 611 4085 29.
628 4021 687 4087 1111.
706 4025 819 4104 1557.)

156 4153 270 4236 Initio
294 4157 423 4248 gratias
446 4177 511 4244 ago
534 4152 612 4224 Deo
633 4170 796 4237 aeterno,
830 4156 927 4228 Patri
949 4158 1098 4230 Domini
1117 4179 1152 4235 et

157 4262 351 4338 salvatoris
375 4258 489 4327 nostri
518 4256 596 4326 lesu
617 4255 774 4340 Christi,
807 4263 984 4332 conditori
1012 4267 1151 4354 generis

158 4362 318 4447 humani,
343 4374 377 4431 et
392 4356 569 4430 Ecclesiae
587 4383 680 4446 suae,
705 4364 798 4435 fonti
814 4366 932 4435 omnis
947 4368 1150 4457 sapientiae,

157 4468 254 4564 quod
272 4466 445 4533 immensa
470 4463 627 4533 bonitate
650 4489 707 4534 me
728 4466 767 4533 in
785 4461 852 4537 bac
867 4465 1025 4538 Ecclesia
1042 4474 1150 4559 nasci,

158 4568 301 4643 educari
323 4581 357 4636 et
379 4563 516 4634 erudiri
532 4565 703 4649 voluerit,
729 4567 768 4635 in
790 4595 859 4663 qua
873 4566 1072 4642 charissimi
1088 4599 1151 4667 pa·

1204 3154 1284 3225 deo.
1334 3151 1407 3221 Nec
1425 3168 1556 3224 temere
1579 3181 1636 3226 me
1658 3172 1691 3227 et
1711 3159 1933 3248 inconsulto,
1959 3188 2027 3234 nec
2045 3187 2187 3236 meoso-

1205 3255 1274 3324 lius
1308 3256 1475 3344 consilio,
1514 3259 1590 3327 sine
1624 3263 1896 3351 prudentiorum
1936 3268 2130 3339 autoritate
2160 3280 2188 3336 et

1204 3379 1397 3442 consensu,
1424 3373 1486 3430 aut
1507 3361 1546 3429 in
1563 3355 1630 3431 hoc
1647 3365 1756 3434 studii
1770 3388 1881 3455 genus
1898 3368 2100 3458 ingressum
2115 3392 2188 3450 este,

1204 3472 1265 3529 aut
1283 3472 1470 3552 postquam
1487 3463 1523 3531 id
1542 3466 1787 3556 suscepissem,
1819 3486 1983 3561 vagatum
2010 3473 2052 3542 in
2067 3496 2109 3544 co
2122 3472 2186 3543 sine

1204 3563 1342 3633 ratione
1362 3577 1393 3631 et
1409 3565 1535 3634 ordine
1549 3579 1692 3641 temere.
2010 3586 2014 3594 ‘

1307 3661 1378 3732 Sed
1403 3691 1482 3735 cnm
1505 3681 1634 3738 natura
1657 3694 1712 3740 me
1736 3685 1836 3762 pater
1858 3677 1940 3746 duci
1957 3680 2001 3747 ad
2022 3678 2188 3769 cognitio-

1205 3789 1287 3833 nem
1311 3766 1495 3837 mirandae
1517 3772 1854 3862 varietatisrernm,
1880 3803 1967 3871 quas
1990 3775 2061 3850 boc
2076 3781 2189 3851 mundi

1204 3868 1437 3953 domicilium,
1456 3871 1552 3942 velut
1568 3868 1745 3945 theatrum
1755 3881 1934 3969 quoddam
1951 3884 2189 3977 contemplan-

1204 3972 1266 4039 das
1290 3971 1396 4039 nobis
1418 3967 1579 4059 exbibet,
1614 3992 1647 4049 et
1672 4002 1751 4048 cum
1777 3984 1929 4072 quadam
1952 3985 2136 4059 alacritate
2156 4009 2188 4055 ac

1204 4071 1406 4164 voluptate,
1459 4071 1629 4148 inchoare
1666 4081 1986 4156 considerationem
2033 4103 2190 4173 naturae,

1203 4198 1353 4266 puerum
1392 4172 1509 4248 adbuc
1541 4181 1856 4271 animadverteret,
1902 4190 2100 4262 delectatus
2130 4188 2190 4263 hot

1203 4300 1282 4346 mco
1319 4281 1456 4365 studio,
1494 4305 1570 4352 non
1604 4297 1707 4354 autor
1740 4301 1898 4374 tantum,
1939 4296 2000 4361 sed
2038 4288 2191 4367 hortator

1204 4380 1310 4451 etiam
1326 4395 1361 4451 et
1383 4381 1557 4474 impulsor
1578 4387 1665 4473 luit,
1691 4388 1729 4457 in
1751 4414 1792 4460 eo
1808 4407 1847 4463 ut
1871 4417 2054 4484 pergerem
2078 4418 2192 4491 seper·

1205 4505 1412 4552 severarem.

1307 4584 1420 4678 Saepe
1437 4591 1582 4659 cnm-de
1597 4587 1653 4661 his
1667 4596 1794 4664 studiis
1820 4592 2080 4692 philosophicis
2095 4599 2194 4673 iami-

157 4675 222 4747 tris
240 4671 330 4753 mci,
363 4667 443 4760 piae
459 4679 493 4736 et
517 4680 655 4737 sanctae
671 4674 883 4759 memoriae,
909 4699 996 4744 voce
1014 4690 1048 4746 et
1063 4680 1151 4748 scri·
1204 4687 1340 4758 liariter
1367 4714 1447 4759 cum
1480 4693 1604 4762 amicis
1633 4698 1914 4790 colloqueretur,
1947 4704 2194 4794 praecaeteris

87 4852 92 4857 -
156 4778 226 4871 l)lis
249 4771 412 4844 ‘mrim
443 4768 602 4839 ⁶⁰²¹⁰⁸¹i⁸
631 4793 672 4839 ⁰¹
696 4773 917 4861 8ΠΡθΡῖθῐῡῐῐ]
948 4792 1150 4870 ίθῐηροτυῐη
1203 4803 1313 4858 artem
1330 4793 1503 4862 medicam
1527 4799 1753 4887 praedicabat
1773 4803 1935 4877 maxime.
1988 4804 2070 4878 Hoc
2091 4807 2194 4900 patris

154 4879 237 4973 plus
260 4900 370 4970 quam
391 4870 593 4945 Cimmeriis
610 4874 765 4943 tenebris
787 4880 927 4951 evoluta
944 4897 1050 4974 atque
1065 4883 1151 4953 illu·
1203 4892 1336 4963 iudicio
1372 4896 1485 4985 magis
1520 4901 1756 4985 accendebar,
1806 4910 2013 4995 praesertim
2049 4934 2132 4983 cum
2164 4920 2196 4981 et

156 4989 297 5064 strata,'
313 5000 410 5046 nunc
435 4999 522 5067 pure
545 4975 639 5045 lucet
663 4989 698 5046 et
722 4993 823 5048 sonat
844 4981 882 5047 in
905 5007 1033 5073 magna
1052 5002 1151 5076 parte
1203 5018 1343 5081 causas,
1369 5021 1457 5089 quas
1472 5001 1645 5082 addebat,
1676 5003 1921 5097 intelligerem.

156 5082 382 5156 Germaniae.
451 5073 590 5146 Deinde
613 5081 709 5171 quod
739 5075 796 5151 bis
828 5085 999 5173 proximis
1033 5091 1150 5177 annis,
1233 5108 1236 5115 '
1304 5097 1386 5167 Non
1403 5101 1497 5168 enim
1515 5103 1687 5174 suavitate
1703 5110 1907 5195 doctrinae,
1931 5127 1965 5184 et
1979 5112 2196 5204 magnitudi-

157 5211 236 5256 cum
262 5183 380 5254 eiectis
403 5179 509 5248 nobis
525 5203 565 5247 ex
589 5181 664 5249 solo
680 5184 815 5272 patrio,
841 5210 881 5255 ac
897 5188 1023 5258 misere
1045 5192 1150 5262 dissi·
1204 5223 1249 5267 ne
1279 5202 1492 5287 utilitatum,
1529 5206 1660 5298 quibus
1683 5211 1727 5278 de
1752 5226 1827 5282 toto
1854 5238 1983 5303 genere
2010 5214 2196 5288 bominum

155 5288 263 5380 petis,
295 5301 410 5357 terror
440 5304 621 5352 armorum
652 5279 837 5356 hostilium
872 5289 1149 5365 internecionem
1203 5296 1290 5373 haec
1312 5319 1467 5374 merctur
1489 5307 1641 5397 optime,
1667 5325 1738 5382 tam
1763 5337 1800 5383 se
1815 5319 1893 5407 capi
1917 5342 1957 5389 ac
1972 5323 2114 5392 moveri
2130 5320 2199 5391 aie·

154 5389 318 5460 minitari
341 5387 526 5457 videretur
545 5398 651 5478 atque
672 5387 866 5473 intentare,
900 5395 1078 5468 restinctis
1092 5424 1150 5469 ar·
1203 5405 1283 5492 bat,
1314 5428 1421 5500 quam
1443 5409 1654 5499 cognatione
1680 5437 1761 5485 cum
1784 5418 1947 5490 doctrina
1970 5440 2084 5501 sacra.
2113 5422 2198 5496 'So-
