4680 6038
141 226 215 301 tat
911 194 1410 279 PROPOSITIONDS.
2084 198 2158 275 tte

150 390 409 474 obedientiam,
433 399 474 459 ut
490 384 519 454 si
535 383 663 466 dicam,
688 374 791 473 Aqua
804 376 936 467 frigida
952 375 991 445 lit
1006 372 1131 446 calida.
1181 373 1372 466 accipimus
1385 364 1628 440 remissionem
1644 383 1878 461 peccatorum,
1890 370 2158 465 imputationem

148 499 197 572 lli
216 495 372 585 cogitant
388 508 598 560 conversum
612 482 743 553 iustum
760 501 832 548 esse
846 477 1001 570 propriis
1015 473 1133 570 quali·
1183 476 1363 555 iusticiae,
1394 471 1624 542 donationem
1651 472 1806 563 Spiritus
1827 474 1958 561 sancti,
1995 488 2033 546 et
2054 473 2161 545 vitam

149 599 299 675 tatibus,
326 606 361 663 et
375 585 468 659 nihil
484 588 608 658 dicunt
622 585 667 652 de
681 581 891 651 remissione
909 590 1132 671 peccatorum
1183 591 1373 649 aeternam.
1412 572 1515 643 Hanc
1528 574 1803 645 consolationem
1818 597 1891 647 esse
1904 599 2028 648 vocem
2041 572 2161 648 Erma-

151 718 186 774 et
203 701 247 768 de
265 693 512 786 imputatione.
561 684 701 756 Deinde
717 676 916 765 Osiauder,
938 704 984 749 ne
1008 681 1053 749 de
1068 701 1134 747 no·
1184 679 1266 771 gelii
1281 672 1373 746 nihil
1388 676 1538 745 dubium
1551 689 1612 747 est.

151 803 233 874 stris
245 793 476 893 qualitatihus
488 791 665 882 loquatur,
690 783 791 854 dicit:
818 782 950 853 Paulus
965 781 1005 852 bt
1022 780 1136 850 exin·
1286 778 1390 849 Nunc
1416 777 1579 847 addenda
1604 791 1656 847 est
1679 776 1842 848 doctrina
1864 779 1909 847 de
1940 778 2101 849 „opime
2127 791 2160 848 α

151 904 246 975 iusto
263 901 395 981 iustus,
421 893 543 973 idest,
569 883 790 958 habensiam
808 884 848 954 in
868 907 943 954 sese
959 880 1134 953 iusticiam
1186 882 1290 954 bonis
1312 879 1487 972 operibus.
1535 875 1578 948 ln
1602 877 1677 970 ipsa
1693 879 1952 966 consolatione,
1977 879 2018 948 in
2040 878 2161 975 quase

151 1002 220 1074 Del
244 995 475 1072 ⁸⁵⁸⁰¹¹ll³¹²¹¹b
1187 982 1346 1054 remissio
1371 991 1615 1072 peccatorum,
1655 1003 1737 1049 vere
1762 981 1803 1052 fic
1821 980 2063 1071 regeneratio,
2095 1002 2160 1073 qus

253 1113 327 1184 Nos
352 1107 521 1197 dicimus,
559 1128 601 1175 ex
629 1103 764 1173 iniusto
794 1100 871 1170 fieri
895 1099 1026 1169 iustum
1053 1119 1139 1182 esse,
1187 1110 1248 1156 cor
1264 1081 1513 1172 inpavoribus
1527 1080 1744 1162 vivificatur,
1768 1096 1809 1152 ut
1824 1080 1949 1155 Roma,
1966 1081 2001 1151 8,
2016 1080 2159 1151 dicim„

153 1244 194 1290 ex
215 1238 275 1287 reo
299 1226 334 1284 et
356 1210 585 1281 inobediente
608 1205 684 1274 heri
707 1199 895 1272 habentem
914 1202 1013 1269 illam
1034 1198 1139 1268 iusti·
1188 1183 1384 1275 Accepistis
1400 1181 1572 1273 Spiritum
1586 1182 1789 1274 adoptionis
1803 1183 1979 1269 tiliorum,
2006 1206 2080 1301 quo
2095 1182 2160 1300 tls·

153 1323 264 1403 ciam,
288 1316 333 1384 de
349 1335 419 1407 qua
434 1311 632 1402 loquuntur
647 1303 914 1396 promissiones,
940 1314 975 1372 et
999 1302 1044 1370 de
1066 1322 1137 1392 qua
1189 1280 1459 1402 mamosdbba
1474 1296 1584 1402 pater.
1613 1280 1661 1353 Et
1678 1279 1798 1355 Galat.
1809 1285 1863 1359 u:
1896 1283 1945 1357 Ut
1960 1304 2161 1378 promerue-

155 1418 243 1492 dicit
256 1414 408 1487 Paulus:
435 1405 654 1481 lusticiaDei
669 1407 709 1474 in
725 1402 920 1494 Evangelio
936 1402 1140 1472 manifesta·
1188 1413 1270 1459 nem
1284 1386 1670 1504 Sptrtlutdcftplamuf·
1680 1408 1743 1477 per
1760 1387 1877 1460 fidem.
1927 1383 2158 1459 EtGalath:

153 1537 233 1606 tur,
267 1538 357 1612 quae
380 1526 433 1584 est
453 1508 613 1581 remissio
636 1520 880 1599 peccatorum,
913 1518 947 1575 et
966 1502 1140 1596 imputata
1189 1488 1290 1562 Misit
1304 1484 1400 1558 Deus
1416 1485 1589 1576 sporum
1605 1485 1671 1554 lilu
1685 1487 1740 1557 sui
1757 1487 1795 1556 in
1807 1488 1916 1558 corda
1930 1500 2072 1573 nostra,
2095 1487 2160 1559 clr-

155 1618 294 1695 iusticia
319 1627 466 1709 propter
485 1611 599 1681 filium
616 1605 704 1690 Dei,
729 1620 763 1678 et
784 1618 925 1678 aeterua
943 1606 1017 1676 vita
1033 1603 1140 1676 etiu·
1191 1602 1345 1662 mantem
1361 1585 1465 1659 Abba
1480 1599 1591 1680 paler.
1643 1585 1694 1658 lta
1710 1588 1805 1659 enim
1825 1589 1921 1659 tollit
1936 1601 2161 1679 peccatumet

153 1723 255 1795 stiria
269 1733 356 1792 tunc
373 1740 453 1787 cum
468 1709 786 1783 consummabitur.

258 1850 355 1926 XLI.
385 1847 584 1941 Complecti
605 1846 702 1917 enim
725 1843 878 1917 Paulum
897 1841 1141 1912 remissionem

157 1971 379 2054 peccatorum
393 1963 427 2022 et
445 1949 713 2040 imputationem
730 1945 955 2015 manifestum
971 1956 1035 2025 est,
1061 1965 1141 2012 cum

157 2058 277 2153 inquit
299 2052 407 2127 Rom.
421 2046 476 2125 5.:
502 2048 683 2121 lustilicati
705 2046 874 2136 sanguine
898 2045 984 2115 eius.
1034 2041 1141 2114 Item:

157 2160 228 2231 Per
250 2157 357 2228 unius
375 2151 612 2223 obedientiam
636 2148 721 2220 iusti
744 2146 1003 2217 constituentur
1025 2143 1144 2229 multi,

158 2263 283 2344 idest,
308 2251 478 2326 habentes
493 2250 737 2321 remissionem
756 2261 999 2340 peccatorum,
1024 2247 1144 2337 impu·

158 2360 330 2434 tationem
354 2352 531 2432 iusticiae,
556 2365 591 2422 et
616 2351 791 2420 incestam
818 2349 1031 2429 novitatem,
1054 2370 1144 2440 quae

160 2475 281 2553 postea
313 2457 381 2528 erit
415 2454 575 2545 perlecta.
628 2450 806 2545 Loquitur
825 2448 922 2518 enim
945 2447 1077 2519 Paulus
1101 2448 1145 2517 de

160 2566 298 2650 integro
319 2555 501 2627 beneficio.

262 2669 380 2744 XLll.
422 2668 611 2762 Perspicuc
633 2669 684 2740 sic
707 2668 778 2738 dici
803 2679 934 2760 potest:
960 2665 1146 2738 lustibcari

162 2793 215 2849 est
228 2802 268 2847 ex
284 2774 417 2843 iniusto
434 2772 566 2841 iustum
582 2769 678 2856 beri,
700 2770 736 2840 id
752 2782 816 2854 est,
841 2793 882 2838 ex
898 2793 958 2839 reo
973 2782 1007 2841 et
1021 2768 1148 2838 inobe-

163 2881 283 2951 diente
304 2873 382 2943 fieri
403 2866 590 2941 habentem
615 2868 817 2955 Christum,
850 2871 913 2963 qui
935 2883 987 2940 est
1008 2867 1146 2939 iusticia

163 2990 296 3062 nostra,
309 2975 399 3046 sicut
415 2975 447 3046 1.
457 2967 626 3044 Iubamd.
642 2972 788 3043 dicitur:
812 2969 885 3059 Qui
901 2967 1008 3042 habet
1023 2969 1149 3055 lilium,

164 3077 274 3151 habet
289 3076 409 3147 vitam.

263 3191 330 3267 Est
343 3206 460 3264 autem
476 3188 640 3262 Christus
655 3188 792 3259 iusticia
808 3202 940 3276 nostra,
965 3191 1048 3283 quia
1063 3213 1148 3281 pro-

166 3313 244 3393 pter
264 3296 340 3367 eius
363 3293 552 3377 meritum,
577 3307 611 3362 et
633 3314 696 3382 per
717 3313 816 3374 eum,
838 3286 1010 3361 habemus
1024 3293 1149 3361 remis-

166 3402 302 3471 sionem
325 3407 568 3488 peccatorum,
594 3405 630 3463 ct
653 3393 862 3481 imputatam
887 3392 1081 3478 iusticiam,
1113 3404 1149 3462 et

165 3499 396 3571 donationem
413 3493 567 3584 Spiritus
583 3491 713 3574 sancti,
738 3503 778 3559 ut
801 3504 940 3562 aeterna
955 3494 1029 3563 vita
1042 3504 1077 3562 et
1091 3493 1150 3563 iu-

168 3601 268 3671 sticia
284 3599 324 3665 in
339 3593 443 3665 nobis
458 3592 700 3662 restituantur.
744 3589 842 3661 Haec
858 3594 978 3662 omnia
994 3593 1151 3684 comple·

166 3724 232 3772 xus
255 3709 355 3769 estet
372 3689 567 3775 lohannes,
595 3690 778 3783 inquiens:
807 3690 880 3780 Qui
901 3689 1009 3765 habet
1023 3695 1148 3778 filium,

168 3800 278 3872 habet
298 3797 428 3878 vitam,
459 3795 491 3868 t.
507 3788 632 3866 lohan.
653 3792 691 3866 6.
743 3790 905 3865 Habetur
929 3809 1045 3866 autem
1069 3796 1152 3881 fide,

169 3899 292 3997 qualit
308 3895 501 3969 consolatio
519 3894 557 3962 in
574 3894 665 3963 veris
682 3892 877 3979 doloribus,
902 3919 981 3965 cum
994 3897 1080 3966 fides
1094 3897 1153 3965 in-

169 4016 289 4076 tuetur
309 3996 492 4070 Christum
519 4017 679 4086 passum,
710 3996 974 4083 resuscitatum,
999 4019 1153 4087 regnan·

168 4119 251 4187 tem,
268 4097 551 4189 interpellantem
567 4120 631 4187 pro
647 4094 765 4184 nohis,
780 4109 813 4165 et
822 4096 1057 4167 vivificantem
1075 4120 1153 4180 nos,

170 4206 262 4276 sicut
284 4212 320 4270 et
337 4201 383 4269 ad
405 4192 650 4287 Philippenses
671 4199 709 4270 8.
733 4195 880 4282 dicitur,
904 4195 956 4269 L‘c
970 4194 1153 4271 Christum

172 4299 409 4381 lucrifaciam,
432 4311 469 4366 et
484 4297 647 4366 inveniar
660 4296 699 4365 in
716 4322 779 4382 eo,
802 4321 879 4367 uon
899 4293 1034 4370 habens
1050 4300 1155 4371 iusti·

173 4402 287 4484 ciam,
315 4421 405 4491 quae
430 4410 482 4468 est
503 4421 546 4467 ex
569 4398 661 4487 lege,
692 4399 753 4468 sed
778 4423 873 4484 eam,
906 4415 1069 4493 quaeest
1091 4424 1155 4493 per

172 4504 280 4573 fldem
303 4494 459 4583 Christi,
493 4520 582 4591 quae
603 4510 655 4568 est
676 4498 814 4569 iusticia
846 4524 887 4569 er
907 4499 983 4572 Deo
1011 4517 1156 4595 propter

172 4605 298 4685 sidem,
322 4599 368 4668 ad
391 4600 652 4687 agnoscendum
672 4622 754 4669 eum
772 4614 808 4672 et
827 4603 1020 4692 potentiam
1039 4627 1155 4673 resur·

173 4699 344 4775 rectionis
362 4699 451 4770 eius.
485 4696 576 4768 Cum
593 4699 661 4778 ait,
686 4724 776 4792 quae
793 4715 845 4772 est
858 4702 998 4774 iusticia
1014 4727 1055 4773 ex
1069 4704 1157 4790 Deo,

175 4817 268 4875 certe
289 4824 363 4871 non
389 4799 557 4888 intelligit
577 4801 796 4871 essentialem
816 4803 854 4871 in
871 4801 969 4888 Deo,
994 4806 1056 4873 sed
1071 4801 1157 4875 haec

177 4902 317 4987 omnia,
343 4900 589 4970 remissionem
603 4914 842 4991 peccatorum,
867 4904 1076 4996 imputatam
1101 4906 1157 4977 iu·

176 5005 333 5087 stiriam,
360 5012 394 5071 et
406 5000 582 5070 incoatum
597 5015 776 5072 aeternam
792 5004 902 5073 vitam
923 5021 957 5078 et
972 5006 1158 5088 iusticiam,

166 5128 266 5199 ,quae
281 5113 402 5193 postea
423 5103 738 5176 consummabitur.

279 5212 414 5291 XLlll.
440 5213 584 5287 Dictum
599 5230 650 5287 est
665 5219 709 5288 de
724 5220 985 5306 consolatione,
1008 5249 1076 5319 qua
1091 5226 1160 5298 fide

181 5325 221 5390 in
236 5315 331 5391 veris
345 5316 553 5410 pavoribus,
577 5318 612 5391 id
636 5331 709 5407 est,
734 5320 862 5393 fiducia
883 5325 947 5394 filii
965 5325 1030 5399 Dei
1053 5322 1160 5416 gratis

1190 1703 1340 1763 mortem
1354 1691 1448 1760 lilius
1462 1688 1550 1775 Dei,
1569 1701 1604 1759 et
1618 1712 1684 1760 nos
1700 1713 1808 1780 regno
1822 1689 1967 1761 Diaboli
1981 1688 2107 1782 eripit,
2126 1702 2161 1760 nt

1190 1814 1334 1887 prorsus
1354 1791 1487 1862 abolito
1509 1803 1651 1882 peccato
1673 1804 1708 1861 et
1722 1792 1836 1863 deleta
1852 1804 1988 1874 morte,
2011 1790 2161 1862 restituat

1192 1898 1230 1966 in
1244 1894 1349 1965 nobis
1360 1893 1469 1962 vitam
1478 1904 1669 1977 aeternam,
1683 1893 1780 1962 iuxta
1789 1894 1851 1963 illa
1861 1894 1956 1965 dicta
1963 1889 2084 1963 Oscae
2097 1892 2162 1963 tte

1192 1994 1228 2068 Ο
1245 2017 1343 2066 mors
1356 2017 1416 2064 ero
1432 2016 1528 2063 mors
1542 2006 1623 2079 tua,
1648 2006 1682 2064 ει
1697 2019 1719 2063 o
1734 1994 1872 2064 inferne
1887 2018 1948 2065 eru
1967 1994 2080 2087 pestis
2100 2007 2162 2067 tua.

1193 2096 1282 2170 ltem
1310 2091 1552 2171 1.10han.6.:
1596 2093 1670 2183 Qui
1693 2091 1801 2167 habet
1826 2095 1961 2181 lilium,
1985 2091 2097 2171 habet
2116 2096 2161 2162 vi·

1191 2212 1275 2271 tam.
1327 2196 1473 2267 Necesse
1495 2209 1548 2267 est
1569 2208 1687 2267 autem
1709 2196 1748 2265 in
1771 2192 1838 2267 hac
1857 2197 2001 2269 mortali
2022 2198 2095 2269 vita
2115 2196 2162 2266 iu·

1193 2301 1288 2372 coari
1302 2300 1514 2384 novitatem,
1538 2297 1636 2369 iuxta
1661 2292 1747 2368 haec
1767 2298 1860 2369 dicta
1884 2301 1923 2370 2.
1938 2294 2104 2374 Corinth
2115 2299 2160 2373 a:

1194 2401 1519 2495 superinduemur,
1552 2399 1583 2468 si
1603 2413 1720 2472 tamen
1743 2422 1818 2470 non
1842 2401 1933 2470 nudi
1946 2400 2160 2493 reperiemur.

1196 2502 1285 2576 ltem
1300 2498 1449 2593 Apocal.
1461 2505 1514 2574 2:
1540 2496 1626 2572 Esto
1645 2501 1759 2571 tidelis
1773 2523 1886 2595 usque
1899 2504 1946 2573 ad
1959 2515 2114 2574 mortem.

1294 2600 1426 2674 XLlV.
1453 2601 1589 2672 Verum
1604 2614 1674 2684 est,
1700 2617 1835 2695 patrem
1851 2604 2017 2674 etlilium
2037 2602 2160 2695 spirare
2203 2670 2205 2699 ἱ

1195 2704 1369 2798 Spiritum
1383 2717 1542 2775 sanctum
1557 2703 1596 2772 iu
1611 2705 1717 2774 corda
1733 2703 1971 2786 credentium,
1990 2704 2036 2774 in
2049 2727 2161 2775 coum·
2203 2706 2205 2783 ξ

1195 2809 1345 2891 latione,
1369 2807 1413 2875 de
1427 2828 1496 2898 qua
1511 2806 1645 2876 dictum
1662 2818 1733 2891 est,
1754 2806 1890 2876 cratiae
1904 2805 2116 2877 nominatim
2127 2808 2160 2875 dr
2203 2830 2205 2899 t

1196 2923 1294 3002 patre
1309 2906 1451 2991 dicitur,
1472 2907 1558 2976 alias
1572 2907 1617 2975 de
1631 2907 1717 2993 lilio,
1741 2919 1783 2978 ut
1797 2907 1893 2998 apud
1908 2906 2078 2978 Paulum:
2101 2904 2160 2977 tti·
2203 2974 2206 2979 .

1196 3012 1241 3082 sit
1250 3007 1344 3079 Deus
1353 3007 1528 3098 Spiritum
1542 3008 1608 3077 lilii
1624 3009 1691 3094 sui,
1706 3005 1824 3080 Galat.
1832 3006 1869 3083 4.
1894 3003 1945 3079 Et
1961 3004 2157 3083 lohau.1l.:
2204 3006 2206 3037 ¹

1196 3110 1346 3199 Rogabo
1362 3123 1519 3200 patrem,
1542 3122 1577 3179 et
1590 3109 1699 3180 alium
1722 3110 1937 3201 paracletum
1950 3109 2159 3182 dahitvobit.
2204 3150 2206 3159 ·

1197 3214 1255 3283 De
1269 3212 1343 3280 lilio
1358 3211 1397 3280 in
1411 3209 1511 3282 Actis
1526 3210 1667 3295 dicitur,
1688 3235 1764 3302 cap.
1778 3216 1829 3285 2:
1853 3208 1987 3284 Dextra
2001 3210 2072 3282 Dei
2085 3211 2159 3283 erd-

1197 3328 1291 3386 tatus
1306 3311 1576 3402 promissionem
1593 3313 1702 3382 sancti
1718 3312 1873 3404 Spiritus
1890 3313 2070 3406 accipiens
2083 3334 2160 3405 apt·

1198 3429 1253 3488 tre
1269 3413 1394 3483 effudit
1414 3436 1506 3482 eum.
1538 3409 1588 3482 Et
1604 3408 1728 3483 lohan.
1746 3409 1804 3485 15.
1817 3414 2088 3505 coniunguntur
2097 3436 2159 3507 per·

1199 3538 1321 3588 sonae:
1348 3510 1439 3584 Cum
1453 3513 1591 3583 venerit
1605 3515 1812 3606 paracletus,
1837 3540 1943 3608 quem
1960 3538 2026 3607 ego
2043 3517 2160 3587 mittan

1200 3643 1220 3687 a
1236 3628 1356 3708 patre,
1380 3614 1554 3705 Spiritum
1568 3615 1746 3697 veritatis,
1772 3617 1833 3710 qui
1849 3641 1868 3686 a
1884 3628 1984 3708 patre
2008 3618 2159 3709 procedit.

1200 3717 1284 3789 Ideo
1313 3716 1352 3783 in
1370 3711 1529 3785 Iohanne
1551 3715 1698 3800 dicitur,
1724 3717 1892 3808 cap.14.:
1926 3716 2158 3790 Veniemutad
2206 3786 2208 3801 ,

1200 3842 1293 3902 eum,
1308 3828 1343 3886 et
1358 3817 1577 3886 mansionem
1594 3816 1688 3908 apud
1701 3842 1784 3888 eum
1797 3820 1978 3894 faciemus.
2011 3816 2061 3892 Et
2075 3820 2163 3893 corda

1201 3921 1240 3989 in
1260 3918 1433 4010 petitione
1455 3918 1662 3988 intueantur
1680 3933 1790 3990 totam
1806 3920 2048 4007 divinitatem,
2072 3936 2164 4011 etpr-

1202 4033 1280 4093 tant
1294 4033 1440 4111 propter
1457 4018 1568 4087 lilium
1583 4016 1653 4090 Dei
1670 4019 1843 4112 Spiritum
1857 4035 2032 4093 sanctum.

1305 4118 1417 4194 XLV.
1455 4117 1609 4211 Spiritus
1629 4135 1768 4193 sanctus
1792 4123 1861 4193 ciet
1883 4122 1923 4192 in
1945 4125 2167 4194 cordemutus

1203 4234 1435 4311 congruentes
1447 4244 1527 4290 cum
1543 4222 1618 4310 lege
1626 4219 1712 4303 Dei,
1736 4223 1818 4294 ideo
1831 4224 1962 4295 dicitur
1973 4222 2166 4295 lerem.Sl.:

1203 4324 1305 4396 Dabo
1320 4323 1431 4410 legem
1448 4344 1563 4391 meam
1586 4323 1625 4390 in
1643 4325 1750 4393 corda
1764 4349 1900 4396 eorum.
1952 4321 1999 4396 Et
2013 4323 2168 4398 Romu:

1204 4423 1300 4496 Deus
1331 4423 1426 4492 misit
1455 4421 1569 4491 filium
1591 4423 1631 4491 in
1653 4426 1888 4496 similitudine
1907 4427 2048 4511 carnis,
2083 4439 2117 4498 et
2135 4427 2170 4497 tlt

1205 4538 1346 4618 peccato
1367 4522 1548 4593 damnavit
1571 4539 1768 4615 peccatum,
1809 4541 1849 4596 ιιι
1876 4528 2099 4619 compleatur
2127 4528 2172 4597 int

1204 4625 1291 4716 legis
1309 4626 1347 4694 in
1361 4624 1482 4703 nobis,
1508 4624 1544 4695 id
1565 4638 1633 4708 est,
1658 4642 1698 4697 ut
1715 4627 1911 4698 solveretur
1925 4629 2045 4701 debita
2061 4652 2173 4721 pecua,

1206 4741 1240 4797 et
1255 4727 1359 4795 nohis
1375 4726 1512 4796 iusticia
1530 4727 1735 4816 imputetur,
1758 4742 1792 4797 et
1808 4732 1845 4798 in
1862 4729 1967 4797 nobis
1980 4731 2175 4801 restituatur

1205 4828 1406 4916 integritas,
1443 4828 1584 4919 qualem
1613 4827 1668 4897 lex
1698 4829 1876 4903 describit.
1928 4827 2028 4900 ldem
2056 4832 2174 4903 dicitur
2209 4838 2211 4877 ³

1207 4925 1447 5000 Zachar.12.:
1480 4924 1673 4998 Effundam
1689 4954 1794 5020 super
1812 4932 1958 4999 domurn
1973 4930 2092 5003 David
2103 4930 2176 5025 Spi-
2209 4930 2211 4935 ’

1207 5029 1315 5099 ritum
1331 5029 1462 5117 gratiae
1476 5042 1511 5097 et
1527 5052 1680 5118 precum.
1732 5030 1886 5121 Spiritus
1906 5047 2050 5104 sanctus
2072 5033 2176 5105 uomi-
2209 5036 2211 5057 '

1209 5144 1315 5199 natur
1327 5128 1482 5220 Spiritus
1496 5131 1646 5216 gratiae,
1670 5132 1753 5223 quia
1771 5132 1809 5200 in
1825 5133 2070 5204 consolatione
2090 5135 2176 5206 tetti-

1208 5231 1332 5301 beatur
1345 5254 1410 5299 nos
1425 5253 1496 5298 esse
1512 5233 1550 5300 in
1566 5232 1689 5321 gratia,
1716 5257 1795 5301 cum
1812 5233 2006 5304 eluctantes
2023 5258 2066 5306 ex
2080 5260 2176 5328 paro·

1210 5329 1326 5412 ribus,
1353 5331 1605 5424 acquiescimus
1629 5333 1667 5401 in
1682 5329 1759 5403 Deo
1780 5357 1844 5425 per
1864 5337 2116 5425 mediatorem,
2137 5337 2177 5407 ri·
