4680 6038
131 284 150 361 ι
502 223 506 240 '
724 270 992 354 rututrrt
1021 268 1478 354 uunsurnonrs.
2041 274 2129 407 ess⁸

131 448 360 559 pouepe'pstr
374 449 450 529 ὑπὸ
464 455 543 528 τῶν
557 445 816 548 ἐπιστημόνων
828 445 1068 550 παρακούον-
1221 448 1285 531 25.
1315 449 1409 527 Νιιιι
1433 447 1661 552 synecdoche
1674 476 1750 529 non
1765 453 2116 561 comprehenditpu-

131 610 155 650 ‚,
195 555 266 633 τὸν
293 554 412 635 αὐτὸν
438 551 580 655 τρόπον
609 551 674 628 καὶ
702 554 860 630 ἐπὶτῶν
882 550 1006 656 λόγων
1031 552 1068 629 oi
1119 556 1285 648 quantia,
1310 557 1392 629 ideo
1409 560 1508 632 enim
1521 557 1605 629 fidei
1618 558 1789 634 tribuitur
1802 563 2024 655 iustificatio,
2046 564 2115 643 hoc

131 689 151 739 tr
169 654 371 757 ὀνομάτων
390 664 456 754 τῆς
478 651 676 752 δυνάμεως
697 658 840 756 ἄπειροι
862 654 1068 757 παραλογί-
1119 672 1189 747 est,
1214 654 1493 753 apprehensioni
1517 661 1802 754 misericordiae,
1836 668 1921 763 quia
1943 670 2115 747 adimitur

131 791 224 858 etou,
273 761 338 839 scol
383 757 492 838 αὐτοὶ
539 757 795 856 διαλεγόμενοι
835 757 901 835 καὶ
942 759 1068 836 ἄλλων
1119 761 1250 835 nostris
1271 764 1450 856 operibus.

131 863 287 951 su‘oeree.
1219 863 1281 939 26.
1307 865 1479 962 Sequitur
1491 867 1601 961 igitur
1616 868 1727 958 clare,
1746 874 1843 969 quod
1857 869 2023 950 homines
2038 879 2113 954 sole

179 974 240 1046 12.
273 969 457 1062 Significat
472 968 583 1060 igitur
603 966 787 1041 iustificari
802 969 898 1062 spud
912 965 1067 1040 Paulum
1119 966 1188 1038 lide
1202 966 1289 1039 iusti
1305 984 1526 1062 reputentur.
1813 1060 1816 1067 Ι

131 1075 219 1170 »pris
234 1073 391 1166 reputari
406 1074 559 1159 iustum,
580 1083 633 1144 est
644 1071 741 1143 enim
749 1066 901 1143 Ebraica
918 1092 1069 1142 consue-
1221 1068 1285 1146 27.
1316 1067 1413 1143 Haec
1427 1075 1495 1145 tria
1510 1074 1640 1146 diserte
1655 1076 1826 1171 coniungi
1838 1080 1986 1156 debent:
2013 1082 2112 1173 Fide,

131 1178 200 1249 line
221 1179 362 1248 forense
382 1175 615 1260 vocabulum,
641 1174 733 1248 utsi
756 1173 972 1269 quisdicat,
997 1172 1068 1245 Po·
1119 1165 1189 1244 hoc
1220 1185 1288 1259 est,
1326 1197 1403 1245 non
1432 1172 1580 1270 propter
1604 1193 1763 1251 nostram
1784 1182 2016 1273 munditiem,
2050 1190 2112 1260 sed

131 1282 181 1353 lns
204 1279 390 1352 Romanus
419 1276 621 1351 iustificavit
641 1276 844 1370 Scipionem
866 1289 1068 1349 accusatum
1119 1274 1249 1346 fiducia
1278 1275 1562 1365 misericordiae,
1593 1284 1845 1377 consequimur
1867 1286 2112 1360 remissionem

131 1382 280 1455 iribuno
297 1381 430 1474 plebis,
462 1377 531 1451 boc
545 1392 623 1472 est,
652 1380 907 1475 pronunciavit
922 1380 1068 1462 iustum,
1120 1390 1363 1481 peccatorum,
1392 1381 1478 1454 item
1502 1384 1770 1477 consequimur,
1800 1400 1841 1459 ut
1861 1387 1948 1460 iusti
1969 1404 2112 1483 repnte·

131 1499 314 1559 rosentem.
1120 1488 1221 1566 niue,
1246 1481 1331 1552 item
1347 1483 1599 1579 consequimur
1613 1485 1723 1557 vitam
1740 1500 1932 1562 aeternam.

181 1587 243 1661 18.
278 1584 444 1660 Relative
466 1584 578 1677 igitur
598 1585 846 1676 intelligantur
859 1581 947 1659 haee
962 1608 1069 1658 voca·
1221 1583 1287 1679 28.
1326 1582 1465 1683 Incerta
1491 1601 1582 1660 esset
1605 1588 1787 1676 remissio,
1821 1592 1851 1662 si
1872 1595 2045 1687 penderet
2067 1618 2110 1666 ex

131 1691 180 1774 ls,
206 1712 280 1761 non
298 1692 341 1759 de
357 1689 601 1784 qualitatibus.
648 1688 766 1761 Iustus
783 1710 904 1779 proco
921 1685 1069 1787 quiDeo
1120 1685 1328 1758 conditione
1350 1704 1556 1762 nostrorum
1579 1691 1809 1775 meritorum,
1841 1694 1921 1767 ideo
1944 1698 2020 1768 sola
2042 1698 2112 1769 lide

131 1807 213 1884 icet,
237 1815 297 1863 seu
321 1816 385 1884 pro
411 1803 566 1884 accepto.
616 1788 839 1874 iustificatio,
864 1791 1070 1886 acceptatio,
1120 1788 1314 1883 accipimus
1327 1791 1573 1863 remissionem
1589 1806 1825 1886 peccatorum.

131 1896 299 1988 probatio.
352 1894 514 1982 iusticia,
538 1895 715 1989 reputatio
731 1893 909 1983 iusticiae,
932 1919 995 1969 seu
1010 1918 1068 1965 ac·
1223 1889 1287 1967 29.
1329 1890 1467 1966 Incerto
1484 1907 1573 1965 esset
1590 1896 1805 1967 conscientia
1829 1897 1868 1968 iu
1887 1892 2035 1974 homine
2055 1927 2114 1975 re-

131 2000 228 2071 stetio
242 2000 389 2091 passive.
1122 2007 1225 2080 nato,
1250 1994 1281 2064 si
1305 2008 1425 2087 postea
1446 1996 1674 2067 sentiendum
1688 2011 1795 2079 esset,
1818 1994 1982 2075 homines
2005 2030 2114 2099 repu·,
2243 2046 2245 2050 ·

185 2098 242 2174 tt.
271 2097 321 2172 Et
342 2099 454 2192 gratia
478 2122 554 2170 nou
578 2113 738 2170 nostram
755 2098 983 2194 qualitatem,
1007 2100 1070 2173 sed
1121 2098 1189 2170 tari
1214 2098 1326 2169 iustos
1347 2112 1495 2193 propter
1517 2122 1643 2191 opera,
1668 2110 1729 2170 aut
1751 2100 1838 2191 legis
1856 2101 2113 2197 impletionem.

131 2203 358 2275 tericordiam
372 2202 411 2270 iu
424 2198 501 2272 Deo
517 2200 703 2292 significat.
1122 2199 1272 2293 Semper
1284 2200 1381 2269 enim
1394 2213 1534 2274 accusat
1548 2222 1615 2272 nos
1631 2201 1699 2273 lex.

181 2302 242 2380 15.
274 2301 353 2376 Etsi
368 2325 492 2373 rerum
509 2316 580 2385 est,
601 2305 698 2398 quod
716 2303 756 2372 in
771 2302 1016 2377 iustificatione
1031 2303 1071 2376 lit
1222 2303 1286 2376 80.
1319 2299 1468 2375 Necesse
1489 2316 1542 2375 est
1565 2316 1684 2375 autem
1705 2305 1958 2381 conscientiam
1982 2305 2113 2386 habere

131 2407 314 2492 eucratio,
336 2420 371 2478 et
385 2426 500 2475 novae
516 2404 704 2499 qualitates
720 2405 876 2479 existunt
892 2407 931 2477 in
953 2407 1070 2493 uobis,
1122 2403 1261 2475 firmam
1283 2405 1584 2490 consolationem,
1622 2429 1732 2499 quare
1755 2421 1790 2479 et
1813 2410 1928 2481 renati
1948 2412 2022 2484 sola
2043 2416 2112 2487 fide

130 2520 169 2581 te
186 2509 281 2576 enirn
299 2530 391 2578 nova
407 2507 480 2576 vita
495 2506 622 2578 existit.
1123 2519 1268 2601 propter
1282 2501 1466 2578 Christum
1477 2518 1691 2598 reputantur
1702 2507 1801 2582 iusti.

184 2607 242 2681 16.
277 2607 348 2679 Sed
372 2630 448 2678 non
469 2607 751 2701 pronunciamur
773 2608 878 2696 iusti,
911 2602 981 2681 huc
1006 2621 1070 2696 est,
1224 2607 1285 2679 81.
1317 2605 1467 2679 Necesse
1481 2620 1533 2679 est
1547 2620 1582 2679 et
1597 2621 1740 2679 renatos
1761 2611 1909 2700 sentire,
1933 2619 2030 2711 qnod
2050 2641 2114 2711 per

131 2709 212 2802 mpti
225 2724 373 2805 propter
387 2720 527 2781 nostras
541 2733 652 2781 novas
667 2712 856 2808 qualitates
869 2735 910 2783 sc
922 2711 1069 2784 mundi·
1123 2709 1402 2783 misericordiam
1418 2709 1503 2782 insti
1519 2722 1747 2804 reputentur,
1772 2736 1846 2786 non
1862 2733 2009 2812 propter
2032 2742 2113 2795 suas

131 2834 184 2897 m,
215 2814 278 2883 sed
308 2836 372 2906 per
399 2812 679 2887 misericordiam
703 2828 850 2908 propter
874 2809 1069 2901 Christum,
1122 2812 1321 2907 qualitates.
1780 2816 1785 2826 ’
1820 2878 1824 2889 .

131 2913 240 3007 psnlo
255 2929 337 3009 post
350 2916 519 2987 dicemus.
1224 2916 1286 2992 82.
1311 2909 1361 2987 Et
1375 2928 1493 2988 tamen
1507 2939 1632 2987 verum
1649 2928 1718 3006 est,
1742 2920 1838 3015 quod
1853 2921 1922 2993 lide
1936 2925 2043 2997 etiam
2055 2951 2113 2999 re·
2202 2982 2205 2988 .

185 3015 243 3090 17.
283 3017 444 3103 Deinde,
486 3040 568 3088 cnm
589 3018 634 3088 de
653 3016 902 3090 iustificatione
925 3015 1069 3105 dicitnr,
1122 3040 1317 3104 novemur,
1343 3041 1424 3089 cunr
1446 3018 1543 3090 enim
1566 3020 1693 3091 liberet
1717 3044 1759 3091 ex
1778 3025 1994 3116 terroribus,
2018 3030 2113 3124 parit

131 3120 233 3193 cerni
254 3121 384 3192 debent
403 3120 459 3189 lex
486 3132 523 3195 et
544 3120 753 3211 promissio,
778 3120 819 3191 in
833 3144 902 3216 qua
918 3121 1070 3194 offertur
1123 3119 1293 3210 gaudium
1311 3133 1346 3191 et
1361 3142 1492 3189 novam
1507 3121 1617 3192 vitam
1633 3122 1672 3191 in
1689 3124 1805 3195 corde.

131 3223 321 3297 nneiliatio
338 3246 402 3316 per
416 3214 614 3297 Christum.
659 3275 663 3281 -
1224 3222 1287 3295 88.
1325 3220 1497 3314 Sequitur
1511 3244 1587 3291 eam
1605 3237 1640 3294 et
1661 3224 1862 3297 obedientis
1884 3250 1966 3318 erga
1988 3229 2115 3322 legem,

182 3324 245 3398 18.
280 3321 500 3397 Obedientia
514 3345 596 3415 erga
611 3322 725 3412 legem
748 3335 839 3396 esset
858 3322 1015 3411 iusticia,
1038 3321 1069 3395 si
1122 3320 1206 3418 quia
1229 3335 1417 3417 postquam
1446 3337 1480 3394 et
1499 3324 1588 3392 iram
1604 3321 1672 3395 Dei
1694 3327 1862 3397 adversus
1887 3346 2045 3423 peccata,
2079 3350 2114 3407 et

131 3450 189 3501 eru
205 3427 409 3500 laceremus.
610 3508 613 3515 ¹
1123 3446 1245 3498 rursus
1266 3425 1335 3496 fide
1359 3422 1637 3496 misericordiam
1659 3429 1907 3519 cognovimus,
1948 3446 1983 3505 et
2004 3436 2114 3507 senti-

181 3528 245 3606 19.
289 3528 360 3603 Sed
393 3527 477 3626 quia
508 3527 579 3620 legi
608 3526 808 3624 nunqnam
825 3524 1071 3611 satisfacimus,
1123 3550 1203 3598 mus
1217 3523 1295 3598 Deo
1311 3549 1393 3597 vere
1415 3549 1482 3598 nos
1506 3549 1610 3599 curae
1633 3551 1728 3618 esse,
1751 3530 1932 3623 diligimus
1951 3548 1987 3607 et
2008 3537 2115 3610 invo-

131 3658 156 3707 n
171 3647 224 3707 est
235 3635 479 3719 sentiendum,
504 3654 571 3702 nos
584 3655 605 3702 a
618 3628 697 3703 Deo
712 3629 945 3725 pronunciari
959 3629 1070 3701 iustos
1123 3653 1243 3702 manus
1258 3651 1355 3700 eum.

131 3750 227 3833 apter
243 3736 482 3809 obedientiam
496 3757 577 3828 erga
591 3733 714 3824 legem.
739 3731 823 3804 Non
840 3734 949 3824 igitur
961 3755 1071 3827 qnae-
1226 3732 1289 3804 84.
1321 3729 1445 3803 Liberi
1468 3754 1634 3803 sumusa
1663 3733 1759 3824 lege,
1791 3744 1866 3808 ndu
1890 3738 1957 3825 ita,
1983 3764 2029 3812 ne
2053 3741 2114 3814 liat

131 3842 260 3913 maest
280 3840 318 3909 in
342 3841 418 3929 lege
436 3836 656 3922 iustificatio,
679 3837 742 3908 sed
761 3858 863 3906 mens
883 3859 903 3906 a
926 3833 1003 3924 lege
1025 3834 1070 3904 ad
1123 3836 1198 3918 les,
1243 3833 1304 3903 sed
1335 3835 1419 3928 quia
1444 3834 1616 3925 obligatio
1638 3848 1747 3906 cessat
1770 3838 2029 3913 iustificationis
2051 3868 2115 3936 per

131 3940 354 4015 omissionem
371 3938 636 4011 misericordiae
650 3938 810 4009 revocari
826 3938 944 4011 debet.
1124 3938 1236 4029 legem
1250 3937 1491 4030 quaerendae,
1515 3938 1672 4007 donatur
1692 3938 1787 4007 enim
1810 3942 2012 4015 iustificatio
2038 3970 2114 4016 non

181 4043 243 4117 20.
272 4041 499 4116 ldeoPaulus
513 4040 578 4113 ait:
604 4037 779 4111 Homines
795 4040 865 4111 lide
880 4037 1072 4125 iustificari,
1122 4051 1270 4135 propter
1283 4039 1415 4129 legem,
1440 4039 1501 4109 sed
1516 4053 1662 4131 propter
1676 4034 1870 4116 Christum.

131 4144 258 4220 issula
273 4148 359 4217 fides
374 4138 612 4238 apprehendit
624 4142 907 4235 promissionem.
1225 4135 1287 4213 35.
1317 4136 1367 4212 Et
1380 4137 1467 4211 haec
1482 4164 1590 4231 opera
1610 4139 1713 4230 legis,
1737 4156 1822 4213 sunt
1843 4143 1999 4234 iusticia,
2024 4172 2114 4244 qua·

182 4252 247 4324 21.
286 4248 379 4321 Νιιιι
408 4248 488 4317 ideo
520 4245 589 4318 lide
617 4244 864 4327 iustificamur,
907 4244 991 4339 qnia
1021 4255 1073 4314 est
1124 4259 1230 4316 tenus
1253 4256 1337 4315 sont
1359 4241 1561 4313 obedientia
1587 4264 1667 4331 erga
1691 4242 1823 4333 legem,
1855 4269 1971 4342 neque
1994 4264 2114 4323 tamen

131 4351 211 4427 ucis
225 4352 333 4421 alieni
350 4347 535 4431 beneficii,
557 4371 634 4419 non
649 4359 790 4419 nostrae
805 4347 996 4442 qualitatis.
1125 4359 1320 4441 propterea
1335 4358 1545 4439 reputamur
1565 4342 1669 4430 iusti,
1694 4345 1778 4438 quia
1802 4371 1877 4419 non
1898 4350 2117 4426 satislscinnt

184 4455 247 4528 22.
281 4452 377 4523 Haec
392 4464 475 4523 sunt
496 4450 657 4544 opposita
683 4448 777 4520 inter
799 4473 851 4519 se:
879 4448 948 4518 tide
969 4448 1074 4518 iusti·
1125 4448 1213 4539 legi,
1238 4462 1273 4520 et
1290 4461 1383 4518 certe
1398 4468 1549 4540 persona
1564 4458 1616 4517 est
1639 4446 1841 4538 immunda,
1873 4450 1944 4523 nisi
1965 4455 2033 4527 lide
2057 4480 2115 4528 re-

131 4578 244 4641 nnur,
267 4569 318 4628 et:
345 4555 413 4625 lide
429 4553 663 4625 iustificamur
677 4563 822 4642 propter
837 4573 956 4642 opera.
982 4549 1071 4619 Nam
1126 4548 1331 4623 missionem
1347 4551 1522 4642 impetret.

131 4657 358 4735 siustiiicari
380 4669 432 4728 est
454 4654 636 4729 iustificari
654 4653 783 4724 fiducia
798 4652 1075 4744 misericordiae,
1228 4652 1293 4723 88.
1326 4652 1421 4724 Sunt
1441 4650 1551 4742 igitur
1573 4652 1666 4723 bona
1689 4677 1797 4746 opera
1814 4657 2015 4745 meritoria,
2040 4684 2115 4731 non

131 4786 160 4833 n
174 4776 323 4857 propter
339 4781 456 4850 opera.
1126 4753 1346 4827 remissionis
1373 4767 1614 4848 peccatorum,
1656 4769 1718 4827 aut
1747 4756 2022 4842 iustificationis,
2056 4777 2118 4835 aut

187 4864 253 4937 28.
283 4861 369 4935 Ideo
385 4859 537 4932 ridicula
556 4872 609 4931 est
629 4857 874 4950 interpretatio
890 4853 1076 4950 Sophiste·
1127 4859 1223 4930 vitae
1248 4870 1432 4941 aeternae,
1463 4857 1547 4949 quia
1580 4870 1666 4927 tunc
1694 4858 1837 4929 demum
1868 4858 2009 4952 placent
2029 4861 2118 4950 Deo,

131 4989 168 5037 m
191 4965 254 5061 qni
275 4964 453 5054 affingunt
474 4962 519 5032 ad
539 4961 649 5034 verba
664 4959 787 5048 Pauli,
818 4959 888 5031 fide
909 4959 1078 5032 iustihca-
1129 4984 1210 5033 cum
1241 4959 1333 5029 liunt
1359 4958 1399 5028 in
1428 4956 1643 5044 iustificatis,
1677 4957 1776 5051 prius
1796 4959 1908 5051 igitur
1929 4984 2119 5056 personam

131 5090 171 5145 ur
189 5080 336 5163 propter
349 5061 588 5136 dilectionem.
1128 5062 1197 5134 fide
1212 5059 1395 5132 iustificari
1408 5072 1561 5154 oportet.

189 5168 254 5246 24.
285 5167 358 5239 Nec
381 5178 497 5260 potest
520 5163 593 5236 diei
615 5158 851 5262 synecdoche:
884 5160 953 5235 lide
975 5163 1080 5236 insti·
1232 5161 1295 5238 87.
1321 5160 1404 5234 Vita
1419 5175 1562 5233 aeterna
1578 5177 1630 5235 est
1645 5185 1798 5250 merces,
1824 5187 1899 5236 non
1914 5166 1997 5261 quis
2012 5192 2118 5261 opera

131 5292 254 5358 mur,
277 5270 378 5356 ideo,
402 5268 486 5364 quia
510 5266 628 5339 incoet
649 5268 936 5353 renovationem,
965 5278 1081 5337 caete-
1131 5264 1203 5336 sint
1221 5263 1378 5356 precium
1394 5263 1545 5353 dignum
1562 5264 1635 5336 vita
1659 5279 1820 5352 aeterna,
1847 5268 1907 5337 scd
1932 5282 2119 5366 postquam

131 5368 353 5447 mhomines
366 5373 484 5467 reipsa
497 5368 609 5444 iustos
624 5390 699 5442 esse
714 5386 859 5467 propter
874 5381 1081 5465 sequentem
1131 5369 1237 5438 detur
1260 5365 1362 5438 iustis
1387 5365 1462 5437 vito
1493 5378 1636 5439 seterna
1665 5380 1811 5459 propter
1836 5368 1943 5471 aliam
1970 5396 2123 5464 causam,

131 5473 331 5551 lectionem.
683 5532 689 5540 .
1133 5467 1241 5543 simul
1256 5479 1475 5641 eornpeusszt⁹
1470 5477 1592 5605 tqmen
1607 5469 1703 5541 bona
1719 5490 1838 5573 opera.
