4680 6038
595 194 759 276 nucu.
801 197 876 276 nu
914 184 1222 447 ιψιιοο
1258 198 1517 299 sarano.
1989 172 2107 293 ιιι
2199 226 2204 236 ·

131 370 256 444 ludens
274 392 351 442 eam
375 381 511 463 partem
527 370 643 444 addit:
668 371 751 446 Nou
771 364 984 451 cantemu'eu
1026 372 1033 381 '
1064 370 1161 461 ¹llor'
1173 350 1264 451 167.ΙΙ
1682 426 1686 431 .
1880 414 1930 457 aa.
1952 392 2049 469 1533·

131 473 277 546 loctrina
299 473 558 557 liberalioreo,
583 478 678 570 quod
696 477 876 572 aliquibus
892 471 960 548 hoc
977 477 1031 549 ia-
1080 469 1258 561 {³⁹⁰⁴
1863 472 2068 527 *⁰2⁴⁴-

131 577 207 649 lum
228 578 388 657 videtur,
414 578 475 646 sed
496 577 616 668 potius
638 574 759 652 σκαιοὶ
772 574 836 653 καὶ
851 575 1031 689 ainaldsvj
1124 660 1127 665 ,
1270 598 1369 687 De
1392 599 1623 690 ludovico
1651 603 1850 695 Bmw·

132 678 282 750 ensendi
297 691 381 750 sunt
394 678 469 764 illi,
494 679 557 773 qui
574 680 612 749 in
624 705 663 752 ea
679 695 764 753 suut
779 683 970 775 opinione,¹
987 695 1032 754 nt

131 781 198 853 rint
210 804 334 851 omnes
350 781 405 852 sui
421 781 554 851 similes
568 804 653 870 esse,
678 799 719 856 ut
733 785 772 853 in
787 780 842 856 sui
855 784 1027 856 similium
1088 788 1107 817 ²·
1147 773 1180 830 ¹⁰
1192 773 1319 833 onus..
1330 776 1363 863 T·
1378 779 1412 836 V.
1429 798 1458 852 p.
1471 779 1591 854 tseqq,
1610 781 1639 839 io
1650 781 1831 843 Orationibus
1841 792 1975 858 porum.
1987 784 2067 859 pas.

131 883 238 954 sentia
261 884 387 969 latere,
413 895 448 953 et
469 883 597 954 iustam
613 887 779 959 ruditatis
798 901 904 983 atque
917 884 1028 957 insci.
1178 852 1206 901 ‘⁸
1224 846 1302 918 'W'
1311 845 1441 906 ΒΜ·
1457 848 1490 909 T·
1501 849 1535 906 ¹¹·
1554 870 1582 922 r·
1594 850 1655 909 ⁷9⁰.

131 1008 208 1058 ⁸⁰³²
224 980 534 1106 ξθιζῑθῦῗῦθῑθῃθξῐῑ
556 986 709 1109 effuget?
726 989 874 1081 P⁰⁸⁸5¹¹¹0
925 986 1029 1059 3³⁸5·
1061 980 1209 1079 '‘brm‘a
1229 1004 1278 1078 de
1298 1011 1532 1101 Imperatore
1552 1009 1737 1088 Ιιιᾰοιισο
1755 1018 1931 1112 Buearog
1967 1019 2068 1088 rect·

131 1088 290 1207 aeeulrarr
307 1102 435 1182 scripto
451 1090 560 1208 edrtq,
586 1114 675 1184 quae
691 1116 761 1162 1am
776 1093 918 1185 explosa
928 1104 1028 1163 erant
1076 1114 1163 1180 eata
1198 1128 1224 1180 a
1256 1113 1452 1207 (pem-950
1484 1106 1715 1189 cracovgo
1758 1115 1924 1192 pompe
1951 1118 2065 1207 gum,

131 1184 235 1262 botis
252 1191 369 1261 studia
384 1204 578 1278 revocavit,
603 1194 761 1266 excitatis
782 1197 829 1265 ad
850 1218 889 1265 ea
907 1193 1027 1264 colen·
1078 1230 1166 1282 om„
1187 1208 1451 1286 decerneretur
1467 1215 1609 1310 made„
1622 1219 1813 1294 Matthiae
1828 1224 1975 1308 colera,
2002 1218 2066 1292 At-

131 1292 395 1412 ¹⁰¹²⁸⁶²¹¹1³b¹1⁸5
692 1396 702 1414 ο
1126 1311 1374 1414 deturpasset,
1400 1318 1558 1390 Ductori
1566 1319 1689 1411 jura,
1714 1323 1791 1400 (lul.
1808 1319 2011 1397 Decembr.

137 1390 192 1465 De
208 1395 408 1488 eloqueutra
425 1396 550 1468 Basrlu
567 1411 601 1469 et
615 1395 831 1468 Nazianzem
847 1399 917 1472 furt
931 1399 1026 1468 rudr-

154 1497 355 1583 vetustatis,
386 1497 562 1572 Basilinm
586 1491 848 1595 λαμπρᾶιατον
869 1494 963 1574 εἶναι
986 1498 1026 1574 ἐν
1075 1486 1140 1573 Ne
1159 1480 1238 1571 beri
1259 1499 1405 1593 quidem
1428 1500 1469 1571 in
1489 1500 1676 1573 doloribus
1697 1502 1800 1575 aliter
1815 1518 1951 1597 potest,
1975 1504 2064 1600 quin

131 1593 376 1697 αγηγιιρίσαιε
405 1599 667 1674 Nazianzenum
688 1602 856 1674 excellere
869 1603 909 1675 in
925 1617 1025 1675 utro-
1075 1600 1233 1693 exempla
1260 1625 1489 1694 quaeramus,
1521 1627 1569 1673 an
1596 1604 1659 1675 alii
1678 1605 1807 1679 similia
1830 1607 1996 1694 tulerint,
2029 1618 2065 1678 et

131 1722 275 1791 genere,
301 1697 600 1803 ὑπομνηματικῷ
621 1721 656 1778 ct
676 1709 938 1806 πανηγυρικῷ,
963 1706 1025 1776 sed
1075 1725 1196 1776 causas
1210 1713 1244 1773 et
1259 1702 1372 1775 exitus
1388 1703 1560 1775 similium
1573 1706 1812 1778 calamitatum
1826 1709 1866 1778 in
1881 1708 1960 1779 aliis
1974 1731 2063 1779 eon·

131 1795 329 1899 'spaidepov
357 1828 430 1877 esse
460 1804 607 1885 Basilio.
678 1804 755 1880 Hos
783 1822 900 1880 tantos
929 1807 1026 1878 viros
1075 1808 1283 1877 sideramus.
1340 1799 1475 1877 Omnia
1500 1808 1594 1877 enim
1621 1808 1782 1881 iudicant
1809 1806 1974 1881 homines
2001 1821 2063 1881 aut

131 1928 227 1975 nrum
248 1900 514 2000 hypocritarum
536 1907 684 1996 cohors,
709 1934 799 2005 quac
815 1910 1025 1981 dominaba·
1075 1907 1207 1998 regulis
1226 1919 1289 1979 aut
1312 1908 1491 1999 exemplis.
1538 1907 1651 2002 Saepe
1664 1910 1774 2002 igitur
1785 1912 1824 1982 in
1840 1907 1907 1983 bac
1921 1911 2063 2005 publica

131 2030 153 2075 u
166 2008 255 2077 aulis
266 2007 524 2102 imperatorum
539 2026 571 2084 et
582 2011 802 2105 Principum,
826 2006 1026 2107 sycophan-
1075 2007 1255 2082 moesticia
1268 2008 1470 2080 universam
1485 2011 1730 2103 antiquitatem
1745 2015 1905 2100 intueor,
1929 2027 1965 2085 et
1981 2035 2062 2084 cunr

139 2108 342 2197 calumniis,
367 2114 600 2184 mendacibus
624 2113 936 2200 intentationibus,
961 2137 1026 2183 ue·
1074 2113 1164 2184 alios
1178 2109 1354 2202 terribiles
1368 2124 1485 2181 motus
1500 2111 1750 2203 imperiorum,
1776 2130 1853 2188 tum
1868 2139 1952 2186 vero
1967 2111 2062 2185 Ger'-

154 2226 190 2283 et
216 2213 364 2283 occultis
382 2215 631 2288 molitionibus
656 2206 744 2287 adeo
769 2217 943 2303 exercuit,
983 2229 1025 2288 ut
1073 2213 1229 2286 maniam
1251 2211 1402 2306 aspicio,
1429 2213 1560 2308 inqua
1583 2228 1624 2285 ut
1641 2215 1680 2284 in
1694 2215 1951 2307 aliisgentibus
1965 2215 2062 2285 mul-

131 2312 354 2403 tiscopatibus
366 2318 556 2390 excusserit
570 2320 754 2414 quosdam,
778 2332 813 2390 et
826 2318 865 2389 in
878 2319 1023 2390 exilium
1074 2331 1128 2388 tae
1143 2336 1265 2386 saevae
1278 2316 1491 2386 mutationes
1503 2317 1716 2390 acciderunt.
1768 2317 1839 2390 Sed
1853 2317 2061 2410 praecipuas

131 2437 151 2486 s
175 2417 341 2506 presserit
369 2418 592 2513 aliquandiu.
648 2419 720 2493 Sed
752 2420 836 2514 quia
869 2419 1024 2514 opprimi
1072 2431 1169 2490 ortae
1183 2430 1267 2488 sunt
1282 2440 1302 2485 a
1316 2413 1491 2488 Romanis
1508 2414 1759 2501 Pontificibus,
1785 2419 1949 2490 videlicet
1966 2417 2061 2489 bella

131 2539 161 2588 ιι
183 2530 218 2587 et
239 2517 444 2591 innocentia
466 2545 541 2592 non
562 2535 696 2616 potest,
728 2535 769 2594 ut
793 2523 947 2593 maxime
968 2522 1023 2592 la·
1072 2518 1222 2591 llenrici
1240 2515 1371 2607 Quarti
1389 2532 1423 2589 et
1441 2516 1588 2607 Quinti,
1612 2520 1742 2591 deinde
1757 2518 1930 2592 Friderici
1945 2517 2059 2590 Primi

131 2644 134 2689 ι
154 2616 432 2713 aliquantisper,
457 2624 538 2695 ideo
560 2627 668 2717 paulo
693 2639 792 2718 post,
817 2623 1022 2696 innocentia
1072 2634 1106 2693 et
1127 2619 1294 2695 Secundi.
1346 2614 1431 2693 Post
1452 2614 1519 2690 hos
1540 2620 1673 2692 bellum
1685 2619 1861 2693 Ludovici
1884 2635 1918 2692 et
1933 2618 2060 2691 Fride-

131 2734 220 2808 srta,
253 2725 409 2796 revocati
431 2737 514 2797 sunt
537 2728 583 2799 ab
599 2728 706 2800 exilio
724 2751 763 2798 ac
782 2727 937 2799 restituti
954 2722 1022 2797 ho-
1072 2724 1137 2795 rici
1158 2720 1348 2796 Austriaci.
1398 2718 1453 2792 Ar
1474 2722 1514 2792 in
1536 2719 1593 2793 bis
1613 2723 1825 2796 tumultibus
1847 2749 1921 2795 non
1941 2723 2058 2793 solum

131 2830 187 2895 loe.
244 2820 340 2894 llaec
362 2850 404 2897 eo
425 2852 682 2916 commemoro,
716 2841 757 2901 ut
783 2830 1021 2901 adolescentes
1071 2825 1171 2917 regni
1194 2821 1397 2921 dilaceratio
1421 2824 1512 2895 facta
1533 2839 1602 2910 est,
1627 2837 1662 2897 et
1682 2826 1864 2898 debilitata
1886 2823 2057 2919 potentia,

131 2925 191 3018 plo
223 2939 255 2996 et
277 2928 420 2998 iudiciis
440 2943 620 3002 tantorum
651 2933 831 3019 virorum,
867 2955 1020 3026 quorum
1070 2942 1105 3001 et
1126 2926 1267 3018 cognati
1280 2923 1481 3017 Principes,
1505 2941 1547 2998 ut
1561 2925 1706 2999 Cadmei
1727 2929 1853 2999 fratres
1874 2929 1969 3000 inter
1984 2948 2058 2996 sese

131 3027 230 3100 aonia
252 3044 400 3122 usurpat
427 3027 587 3104 Ecclesia
611 3049 781 3129 tanquam
813 3029 1018 3118 ἀξιόπιστα,
1070 3030 1300 3101 dimicarunt:
1330 3030 1389 3097 sed
1414 3027 1519 3099 ctiam
1536 3026 1716 3099 Ecclesiae
1737 3029 1871 3102 deletae
1892 3043 1994 3113 sunt,
2020 3038 2057 3097 et

131 3130 245 3216 emoti,
287 3145 516 3206 contemnant
550 3137 682 3208 insulsa
718 3136 849 3206 iudicia
881 3135 1020 3227 aliquo·
1068 3133 1201 3203 multae
1221 3130 1301 3220 piae
1320 3144 1454 3201 mentes
1470 3129 1508 3199 in
1527 3130 1785 3200 dubitationem
1804 3146 1838 3201 et
1854 3131 1892 3201 in
1909 3129 2056 3200 exitium

165 3233 227 3326 qui
245 3233 421 3306 similibus
436 3239 574 3308 artibus
594 3252 629 3310 et
643 3238 782 3332 scriptis
797 3237 914 3308 studia
936 3232 1020 3328 phi·
1069 3231 1325 3325 praecipitatae.
1380 3229 1615 3302 Utilissimum
1640 3245 1691 3300 est
1712 3245 1827 3302 autem
1850 3253 1970 3303 causas
1988 3224 2056 3299 ho·

131 3328 209 3405 lsica
241 3359 337 3409 nunc
368 3353 594 3432 oppugnant,
630 3353 667 3410 et
692 3364 766 3413 sese
796 3341 840 3408 ad
862 3339 1018 3410 studium
1068 3358 1147 3406 rum
1163 3331 1340 3404 bellorum
1355 3331 1596 3411 considerare,
1623 3332 1912 3404 videlicetiurias
1928 3329 2056 3402 Ponti·

131 3436 209 3510 ttius
230 3438 433 3512 exuscitent.
483 3441 583 3532 Quid
608 3442 703 3512 enim
726 3444 765 3513 fit
788 3436 856 3512 hoe
880 3454 1018 3531 tempo-
1068 3437 1189 3522 ficum,
1214 3433 1276 3527 qui
1294 3446 1333 3503 ut
1350 3454 1448 3502 suam
1466 3432 1745 3503 dominationem
1762 3448 1950 3525 augerent,
1976 3434 2054 3503 iue-

131 3540 367 3611 sdissimile?
415 3539 508 3615 Cum
538 3544 658 3639 itaque
678 3544 718 3617 in
746 3566 829 3614 vera
852 3537 1018 3613 Philoso-
1067 3549 1153 3608 runt
1169 3548 1203 3607 et
1215 3531 1381 3624 Europae
1398 3550 1432 3605 et
1447 3530 1624 3605 Ecclesiae
1642 3528 1859 3632 ἀλάστορες,
1886 3558 1970 3606 nam
1988 3536 2052 3603 de-

133 3655 169 3714 et
192 3644 353 3713 doctrina
373 3640 553 3718 Ecclesiae
573 3647 746 3739 egregiam
769 3667 914 3716 navasse
930 3666 1017 3735 ope·
1066 3639 1165 3711 tectis
1188 3635 1372 3715 fraudibus
1395 3633 1760 3715 Pontificumulue
1782 3652 1899 3730 partes
1921 3635 2054 3709 doetri-

131 3746 394 3837 sognoverimus
423 3742 489 3820 hos
510 3751 698 3822 doctos·et
720 3744 888 3820 honestos
910 3745 1017 3831 viros,
1067 3764 1133 3813 noe
1160 3739 1400 3824 illustrantur,
1431 3752 1466 3809 et
1491 3737 1791 3830 praemuniuntur
1812 3741 1928 3811 bonae
1951 3759 2053 3811 men·

131 3868 167 3919 es
185 3849 248 3931 sit,
281 3872 424 3939 operam
447 3873 569 3921 eorum
591 3850 813 3943 profuturam
840 3872 914 3919 esse
945 3843 1016 3917 Ec·
1065 3856 1135 3931 tes,
1158 3866 1203 3912 ne
1218 3840 1395 3911 similibus
1410 3839 1590 3929 erroribus
1604 3840 1792 3911 fascinatae
1806 3855 1963 3934 pereant.

131 3970 155 4019 e
182 3962 217 4020 et
238 3947 491 4041 Reipublicae,
528 3953 596 4024 tibi
625 3977 684 4024 eos
713 3953 942 4034 commendo,
976 3973 1017 4018 ac
1167 3939 1215 4014 Ut
1233 3954 1350 4012 autem
1366 3935 1432 4011 bae
1445 3935 1613 4012 historiae
1626 3941 1829 4013 iunioribus
1839 3942 2053 4024 notaefiant,¹

131 4052 271 4141 collegii
294 4053 405 4123 nostri
423 4068 457 4125 et
479 4054 637 4145 ipsorum
656 4056 819 4140 nomine,
842 4066 883 4124 ut
897 4050 1016 4143 publi·
1064 4045 1209 4137 prodest
1227 4043 1314 4113 alias
1335 4042 1441 4112 aliam
1454 4056 1590 4134 partem
1606 4042 1773 4125 recitare,
1797 4067 1878 4115 eum
1893 4044 2052 4132 integrae

131 4154 285 4226 sturitate
314 4154 557 4227 testimonium
585 4157 635 4228 eis
661 4158 844 4229 doctrinae
871 4154 1016 4225 tribuas.
1038 4198 1041 4275 ,
1064 4171 1139 4218 non
1156 4145 1291 4239 possint
1308 4168 1381 4215 uno
1397 4157 1555 4261 tempore
1569 4144 1710 4235 exponi.
1759 4141 1865 4215 Nunc
1882 4144 1992 4264 igitur
2006 4143 2051 4213 de

138 4256 309 4327 beneficio
342 4258 437 4349 ipsos
473 4259 538 4330 tibi
569 4259 607 4328 in
645 4272 855 4350 perpetuum
888 4255 1015 4326 devia·
1064 4246 1248 4320 liudovico
1270 4242 1409 4316 Basaro
1436 4244 1571 4329 dream,
1603 4246 1648 4315 de
1670 4268 1742 4340 quo
1763 4238 1850 4316 baec
1873 4247 2051 4338 disputata

182 4354 260 4430 Oro
291 4373 408 4430 autem
438 4360 552 4432 filium
583 4357 672 4444 Dei,
711 4361 910 4431 Dominum
948 4380 1015 4426 no-
1064 4362 1159 4421 sunt.
1208 4345 1325 4419 Possit
1346 4369 1392 4415 ne
1412 4366 1486 4416 esse
1502 4343 1717 4436 Imperator,
1743 4347 1806 4440 qni
1827 4347 1895 4418 rite
1917 4347 2049 4421 electus

131 4487 137 4531 t
163 4457 280 4530 lesum
306 4456 507 4549 Christum,
537 4462 756 4534 conditorem
784 4460 922 4552 generis
944 4452 1013 4528 hu·
1064 4465 1115 4523 est
1135 4473 1155 4520 a
1177 4448 1311 4523 Senatu
1329 4445 1552 4549 Electorpm,
1572 4448 1648 4539 ,nisi
1669 4450 1809 4520 accedat
1829 4447 2050 4520 confirmatio

155 4575 192 4635 et
223 4558 420 4650 Ecclesiae,
458 4577 499 4636 ut
528 4587 666 4656 semper
697 4566 738 4634 in
770 4555 828 4634 his
858 4560 1014 4649 regioni·
1063 4552 1256 4646 pontificia.
1312 4548 1584 4622 contenderunt
1603 4556 1688 4621 tuuc·
1711 4547 1917 4637 Pontifices,
1942 4548 2049 4621 Petro

131 4676 158 4738 st
188 4665 282 4736 inter
313 4690 379 4736 nos
404 4679 583 4738 aeternam
615 4666 685 4737 sibi
716 4665 857 4755 colligat
888 4660 1013 4732 Eccle·
1063 4678 1138 4725 non
1159 4653 1275 4725 solum
1288 4650 1526 4724 ministerium
1540 4646 1728 4742 Evangelii
1742 4652 1949 4723 mandatum
1965 4672 2050 4736 esse,

140 4782 229 4838 voce
260 4780 295 4839 et
326 4766 529 4839 Ministerio
562 4764 750 4859 Evangelii
776 4766 849 4851 sui,
887 4779 922 4837 et
948 4785 1013 4832 nos
1063 4754 1246 4826 sedetiam
1261 4752 1427 4826 traditam
1442 4775 1615 4824 summam
1634 4764 1840 4845 potestatem
1856 4751 2049 4843 politicam,

130 4891 148 4939 ι
180 4869 285 4942 faciat
319 4894 399 4942 vasa
433 4869 695 4944 misericordiae
728 4883 763 4941 ct
794 4889 925 4958 organa
958 4889 1013 4937 sa·
1062 4882 1128 4928 uec
1143 4878 1345 4951 quenquam
1361 4853 1453 4926 iuste
1471 4869 1590 4926 tenere
1605 4853 1813 4946 imperium,
1836 4853 1906 4923 nisi
1921 4855 2049 4924 adseu-

131 4994 164 5045 ι.
1061 4960 1172 5031 tiente
1184 4953 1281 5031 Petri
1302 4977 1509 5029 successore.
1558 4951 1656 5027 Haec
1676 4967 1717 5025 ut
1731 4955 1884 5026 indoctis
1900 4978 2048 5046 persua-

1062 5063 1249 5147 derentur,
1269 5058 1388 5130 ramae
1402 5057 1608 5148 praestigiae
1621 5054 1801 5127 mentibus
1813 5069 1918 5150 atque
1933 5055 2047 5127 oculis

1061 5157 1251 5232 homiuum
1280 5159 1414 5231 offusae
1442 5172 1536 5233 sunt.
1595 5156 1842 5232 Reiutationes
1871 5181 2047 5250 opposue-

1062 5276 1148 5334 runt
1175 5261 1244 5334 riri
1267 5261 1381 5347 docti,
1413 5258 1565 5344 Dantes,
1595 5257 1779 5330 Morsilius
1800 5257 1991 5331 Patruinus
2012 5271 2047 5331 et

1063 5359 1197 5438 Occam
1212 5360 1369 5457 Anglus,
1393 5362 1457 5457 qui
1472 5359 1729 5454 Heidelbergae
1741 5361 1969 5435 concionatus
1983 5374 2046 5437 est.
