4680 6038
150 184 233 267 sst
796 175 1060 307 animast
1100 160 1553 259 uastaruoms.
1957 118 1961 125 ¹
2116 188 2195 269 sss

150 364 247 435 iusta
281 372 354 448 est,
386 368 531 453 propter
552 354 667 431 filium
686 355 774 447 Dei,
805 359 879 431 sola
902 360 989 441 fide,
1022 357 1146 445 idest,
1197 348 1286 427 haec
1307 380 1415 449 opera
1438 354 1568 429 mereri
1587 355 1832 429 remissionem
1856 373 2091 451 peccatorum.
2139 358 2189 437 Et
2308 380 2313 397 ¹

143 489 218 558 ¹per
241 462 519 535 misericordiam
537 462 667 534 donata
687 461 894 534 remissione
911 475 1146 552 peccatorum,
1196 460 1422 532 adduxerunt
1459 460 1719 531 abominandos
1744 484 1901 550 errores,
1941 459 2040 534 hunc
2069 465 2189 557 ignem

150 582 189 640 et
212 566 385 659 imputata
409 566 566 645 iusticia,
593 579 737 658 propter
757 565 870 635 filium
888 560 974 645 Dei,
998 568 1072 633 no'n
1093 574 1147 633 est
1169 620 1172 657 Ι
1195 574 1352 633 sumtum
1381 564 1427 633 ab
1450 562 1531 653 igne
1551 577 1692 654 patrum
1715 588 1861 635 accenso
1885 565 2081 654 divinitus,
2115 593 2188 640 csse

152 671 246 741 iusta
262 684 406 762 propter
421 669 545 759 legem,
570 682 632 740 aut
646 682 804 739 nostram
821 666 1041 756 dignitatem.
1085 662 1143 736 Si·
1169 660 1172 697 ¹
1195 687 1349 748 numen,
1374 688 1449 735 esse
1471 665 1585 736 Deum
1608 666 1736 757 ipsum.
1787 666 1926 739 Deinde
1950 664 2045 740 hunc
2068 671 2186 762 ignem

150 785 212 843 cut
226 768 389 841 Psalmus
412 770 545 864 inquit:
571 770 658 841 Non
673 771 922 841 iustificabitur
938 770 976 839 in
994 790 1144 857 conspe-
1197 766 1338 858 publice
1362 766 1649 840 circumferentes
1671 770 1924 842 adoraverunt.
1975 770 2101 844 Postea
2125 773 2187 845 alii

150 888 215 945 ctu
237 885 298 945 tuo
323 873 440 945 omnis
456 875 592 947 vivens.
644 869 697 943 Ac
714 874 757 943 de
772 874 903 943 talibus
917 871 1144 942 credentibus
1196 869 1267 940 alia
1283 869 1450 955 numina,
1475 884 1509 942 et
1525 871 1613 940 alios
1627 870 1743 942 cultus
1761 865 1941 944 horrenda
1956 876 2101 947 audacia
2116 877 2186 945 fm-

149 976 302 1049 dicitur:
329 975 412 1046 Non
428 977 510 1047 estis
526 979 593 1047 sub
607 976 702 1066 lege,
728 978 789 1047 sed
807 978 873 1047 sub
886 974 1007 1065 gratia.
1025 1062 1031 1071 ⁵
1168 984 1171 991 '
1195 986 1334 1044 xerunt.

255 1095 305 1166 st
354 1093 413 1166 Sic
436 1089 476 1164 hi
499 1093 640 1166 liberati
660 1108 761 1179 sunt,
785 1119 805 1164 a
827 1093 1077 1164 maledictione
1093 1092 1144 1162 le-
1298 1089 1365 1185 45.
1394 1090 1491 1161 Ηεεε
1510 1116 1590 1163 cum
1614 1093 1808 1165 acciderint
1830 1110 2028 1168 anteacum
2045 1097 2185 1190 sapien-

148 1200 217 1289 gia.
267 1193 315 1269 Et
340 1212 456 1268 tamen
478 1211 600 1271 rnartet
623 1191 709 1266 hacc
732 1198 826 1267 lucta
848 1197 1007 1278 assidua,
1033 1218 1144 1286 agno·
1196 1195 1262 1275 tia,
1290 1195 1498 1285 disciplina,
1524 1195 1707 1266 doctrinae
1720 1197 1855 1288 studia,
1881 1211 1916 1269 ει
1930 1199 2021 1269 aliae
2036 1201 2185 1271 virtutes

150 1299 265 1373 scitur
288 1294 438 1369 haerens
460 1299 499 1369 in
522 1301 628 1371 nobis
650 1313 852 1392 peccatum,
875 1312 909 1369 et
932 1299 1000 1367 lide
1016 1322 1143 1390 appre-
1196 1298 1345 1367 maiores
1368 1310 1501 1382 essent,
1526 1310 1558 1366 et
1582 1321 1664 1367 cum
1679 1295 1836 1369 Ecclesia
1858 1313 1976 1371 tantos
1992 1302 2186 1373 monitores

151 1398 326 1473 henditur
340 1402 505 1473 liberatio
521 1416 555 1474 et
572 1403 778 1473 consolatio.
972 1430 978 1439 ·
1196 1395 1360 1483 haberet,
1400 1398 1502 1486 Sem,
1536 1394 1738 1484 Abraham,
1772 1416 1808 1472 et
1840 1403 2006 1496 deinceps
2041 1405 2186 1488 multos,

255 1500 315 1575 86.
342 1502 419 1574 Hac
435 1506 503 1575 fade
516 1519 734 1577 sustentante
748 1506 853 1575 corda
867 1504 905 1574 in
922 1528 1006 1601 vcro
1021 1526 1144 1593 agone,
1196 1527 1270 1572 non
1291 1503 1484 1593 cogitemus
1506 1496 1600 1571 nihil
1618 1503 1800 1596 irrepsisse
1818 1500 1991 1577 viciorum
2010 1506 2047 1576 in
2061 1503 2186 1577 Eccle-

150 1606 309 1699 Spiritus
326 1622 487 1692 sanctus,
510 1631 593 1678 vere
610 1608 771 1679 accendit
785 1632 915 1678 novam
930 1609 1063 1693 lucem,
1089 1606 1142 1674 vi·
1194 1605 1307 1689 siam,
1332 1606 1371 1675 in
1394 1600 1461 1675 hac
1482 1605 1621 1675 infirma
1644 1619 1679 1674 et
1696 1607 1807 1675 delira
1823 1610 1949 1679 mundi
1966 1623 2126 1695 senecta,
2152 1623 2186 1680 et

152 1723 227 1779 tam
250 1722 284 1780 et
302 1709 561 1794 obedientiam,
587 1712 680 1781 sicut·
699 1710 834 1781 dictum
854 1724 921 1781 est:
947 1705 1142 1781 Effundam
1196 1707 1233 1776 in
1251 1708 1358 1777 tantis
1374 1707 1533 1798 gentium
1549 1707 1840 1799 dissipationibus
1857 1723 1892 1782 et
1907 1712 2187 1797 confusionibus,

152 1834 260 1903 super·
273 1811 420 1882 domum
438 1808 555 1887 David
572 1812 746 1905 Spiritum
762 1814 896 1905 gratiae
912 1827 945 1882 et
962 1836 1117 1905 precum.
1195 1824 1231 1882 et
1245 1811 1464 1900 neglectione
1482 1809 1664 1879 doctrinae
1680 1824 1714 1881 et
1729 1812 1949 1905 disciplinae.

159 1996 168 2007 ,
255 1929 316 2005 86.
350 1928 586 2003 Condonatur
606 1955 689 2021 ergo
713 1954 878 2023 praesens
899 1929 1144 2000 immundities
1297 1926 1361 2003 44.
1393 1927 1471 1998 lmo
1495 1930 1565 1999 cito
1587 1928 1773 2001 obscurata
1795 1945 1846 2002 est
1860 1931 2042 2012 doctrina,
2069 1933 2113 2001 ds
2129 1932 2186 2003 iu-

154 2056 236 2103 cum
261 2033 372 2102 vincit
396 2033 500 2118 fides,
531 2057 605 2103 non
630 2058 709 2102 cum
734 2048 859 2121 regnat
880 2046 1079 2121 peccatum,
1107 2029 1144 2099 id
1195 2031 1294 2102 sticia
1310 2030 1411 2112 fidei,
1436 2044 1477 2100 ut
1489 2033 1684 2101 ostendunt
1696 2025 1867 2122 Origenis
1881 2046 1917 2104 et
1931 2034 2084 2104 aliorum
2100 2036 2187 2105 scri-

156 2149 223 2221 est,
257 2158 330 2205 non
359 2158 439 2205 cum
467 2136 560 2203 cedit
590 2135 676 2204 fides
698 2134 886 2205 tentationi
911 2148 1033 2203 contra
1057 2157 1143 2203 con·
1196 2148 1274 2225 pta,
1297 2147 1331 2203 et
1351 2132 1427 2203 nati
1442 2127 1719 2217 suntmonachi,
1745 2158 1898 2227 quorum
1916 2136 2086 2226 exemplis
2101 2161 2188 2207 con-

152 2237 355 2322 scientiam,
378 2250 419 2306 ut
441 2259 521 2305 cum
543 2232 621 2305 Eva
643 2237 698 2306 vel
715 2233 837 2306 Aaron
862 2247 1041 2307 cesserunt
1064 2250 1144 2306 ten·
1197 2235 1333 2307 firmata
1361 2248 1414 2306 est
1438 2236 1638 2327 persuasio,
1672 2236 1799 2305 mereri
1823 2232 1987 2306 homines
2007 2238 2187 2310 remissio-

151 2338 283 2409 tationi
298 2349 442 2408 ruentes
457 2350 580 2408 contra
595 2339 859 2410 conscientiam.
1197 2362 1280 2407 nem
1305 2350 1526 2429 peccatorum
1550 2337 1738 2431 operibus,
1763 2351 1797 2408 ει
1820 2338 1964 2432 quidem
1989 2363 2064 2409 non
2088 2364 2190 2412 man-

257 2454 317 2526 37.
351 2455 456 2526 Tales
479 2456 660 2527 excutiunt
683 2470 716 2528 et
737 2458 948 2527 contristant
969 2457 1144 2548 Spiritum
1197 2441 1290 2510 (44448
1305 2464 1325 2510 ὃ
1338 2438 1427 2512 De0·

150 2570 333 2639 sanctum,
361 2572 395 2628 et
416 2559 541 2642 fidem,
562 2582 653 2652 quae
669 2573 720 2629 est
736 2558 865 2635 fiducia
882 2559 1145 2630 misericordiae
1301 2557 1362 2632 45.
1404 2555 1529 2629 Postea
1561 2558 1798 2629 ministerium
1821 2554 2010 2650 Evangelii
2034 2560 2080 2631 ab
2101 2554 2191 2651 Epi-

152 2657 330 2730 amittunt.
1197 2660 1312 2755 scopis
1333 2682 1543 2731 conversum
1568 2676 1619 2733 est
1640 2661 1678 2731 in
1695 2686 1864 2753 regnum,
1890 2675 1925 2733 et
1940 2685 2072 2733 nervus
2088 2662 2191 2731 addi·
2269 2702 2274 2713 ·

255 2760 316 2831 58.
351 2760 583 2835 Manifestum
604 2779 655 2835 est
679 2764 774 2834 enim
796 2765 950 2836 discerni
975 2765 1012 2834 in
1029 2763 1144 2836 Paulo
1198 2779 1272 2851 tus,
1297 2762 1409 2833 Missa
1423 2762 1611 2855 papistica,
1636 2776 1669 2834 et
1690 2763 1876 2855 multiplex
1890 2764 2097 2857 depravatio
2111 2786 2191 2835 coe-

153 2884 305 2953 regnam
320 2880 520 2956 peccatum,
547 2879 581 2936 et
595 2890 670 2936 non
686 2890 848 2957 regnans.
1198 2892 1264 2938 nae
1280 2863 1428 2936 Domini
1442 2866 1605 2937 omnium
1619 2867 1762 2959 piorum
1778 2866 1944 2962 lacrymis
1960 2867 2191 2960 deploranda.

255 2980 317 3055 ⁸9.
352 2980 433 3053 Non
456 2982 564 3074 igitur
587 2984 817 3076 intelligenda
838 2999 890 3057 est
909 2986 1073 3072 libertas,
1100 2986 1144 3057 li·
1299 2980 1361 3057 46.
1395 2978 1443 3053 Et
1466 2983 1579 3073 caligo
1602 2977 1743 3055 ethnica
1767 2997 1884 3055 secuta
1908 2997 1978 3065 est,
2005 2984 2191 3075 fuitigno-

153 3083 267 3156 centia
284 3084 445 3155 violandi
463 3086 574 3176 legem
589 3081 657 3158 Dei
678 3102 800 3159 contra
819 3088 1083 3163 conscientiam.
1198 3102 1275 3160 tum
1298 3087 1487 3156 discrimen
1509 3086 1596 3175 legis
1617 3099 1651 3156 et
1673 3082 1881 3177 Evangelii,
1914 3086 2120 3163 confirmata
2142 3099 2193 3157 est

255 3202 317 3279 40.
358 3202 427 3275 Sed
453 3200 602 3276 libertas
633 3219 683 3276 est
709 3206 746 3275 in
773 3206 946 3278 retinente
969 3204 1143 3298 Spiritum
1199 3188 1398 3280 persuasio,
1423 3186 1553 3256 44444444
1576 3181 2008 3307 44044444454444444540444444
2031 3195 2191 3281 picem·

152 3320 335 3393 sanctum,
369 3322 402 3377 et
436 3307 504 3378 fide
533 3308 696 3378 vincente
727 3309 972 3382 tentationem.
1047 3307 1146 3381 llaec
1199 3315 1298 3376 ¹⁰¹⁰,
1332 3290 1984 3383 444445404445441)44)Ι)444404)4444)444·
2050 3287 2191 3361 44444444

150 3421 237 3480 sunt
258 3410 448 3481 certamina
471 3434 596 3500 magna
620 3411 781 3501 piorum,
809 3411 846 3481 in
870 3412 1001 3507 quibus
1021 3413 1146 3483 crescit
1191 3394 1359 3463 ’4444444444
1385 3405 1451 3462 4444
1478 3389 1570 3462 cum
1593 3415 1699 3462 ”⁰¹⁰⁰
1724 3392 1809 3463 44444
1832 3393 1976 3487 4144444440
2001 3391 2085 3511 44444
2108 3416 2194 3485 ⁰1³⁰·

105 3526 108 3537 '
149 3512 241 3583 fides
271 3511 397 3581 victrix
420 3510 578 3587 Diaboli.
632 3509 679 3585 Et
707 3514 802 3584 filius
822 3514 888 3586 Dei
918 3514 968 3583 sic
991 3515 1146 3589 declarat
1200 3520 1280 3567 ‘⁰¹¹¹
1303 3489 1452 3580 44444444,
1478 3497 1694 3565 manendum
1717 3496 2101 3582 ²⁸⁵ssl¹¹d¹¹bl¹³l¹⁰¹¹⁸2
2128 3517 2194 3564 ¹¹0⁶

151 3638 253 3685 suam
271 3614 486 3704 potentiam,
512 3614 685 3684 adiuvans
701 3640 785 3701 nos,
811 3631 848 3687 ut
866 3618 1022 3688 destruat
1039 3642 1146 3711 opera
1199 3601 1267 3670 fide
1285 3597 1497 3667 444444444444
1515 3620 1589 3670 ²⁸⁸⁰
1605 3598 1878 3671 44444444040444·

150 3716 309 3789 Diaboli.
362 3714 422 3788 Sic
453 3717 562 3786 vincit
592 3718 631 3787 in
657 3714 784 3811 loscplr
816 3734 1036 3812 repugnante
1068 3720 1147 3790 ille·
1302 3716 1360 3790 47.
1396 3715 1493 3787 Haec
1514 3716 1690 3789 dubitatio
1715 3712 1883 3809 prohibet
1903 3718 2059 3813 conspici
2083 3718 2194 3815 bene·

154 3818 269 3890 cebris
301 3821 497 3905 adulterae,
531 3820 568 3889 in
593 3818 657 3891 lob
684 3837 902 3914 repugnante
929 3822 1147 3916 desperatio·
1200 3824 1278 3893 ficia
1311 3820 1535 3906 mediatoris,
1569 3834 1604 3891 ct
1633 3822 1914 3892 consolationem
1941 3821 2080 3891 firmam
2107 3844 2194 3893 con-

153 3921 193 3991 ni
210 3933 274 3993 etc.
1200 3925 1356 3997 scientiis
1379 3923 1502 4015 cripit,
1525 3936 1559 3993 et
1577 3946 1721 4014 prorsus
1738 3923 1936 4015 corrumpit
1951 3946 2070 3994 veram
2088 3923 2194 3996 invo-

259 4021 319 4095 41.
352 4018 417 4093 Est
431 4038 547 4093 autem
562 4024 691 4094 deinde
708 4040 744 4098 ει
759 4020 819 4096 hic
836 4047 921 4097 usus
935 4029 1023 4121 legis
1037 4029 1076 4098 in
1090 4053 1148 4098 re-
1201 4028 1387 4102 cationem.
1438 4025 1520 4097 Non
1554 4026 1650 4094 enim
1680 4038 1795 4117 potest
1823 4047 1922 4094 mens
1951 4027 2116 4096 accedere
2148 4028 2192 4095 sd

152 4125 355 4200 conciliato.
408 4124 531 4197 Manet
550 4130 640 4197 ordo
659 4128 906 4219 sempiternus,
932 4142 973 4205 ut
989 4145 1147 4203 creatura
1200 4129 1335 4211 Deum,
1361 4141 1480 4223 petere
1503 4142 1538 4199 et
1560 4140 1741 4219 expectare
1761 4128 1876 4214 hona,
1902 4126 1972 4197 nisi
1989 4125 2057 4197 fide
2071 4126 2193 4221 aliquo

151 4228 297 4300 obediat
321 4229 481 4299 creatori.
533 4223 581 4299 Et
602 4232 757 4301 ostendit
780 4232 857 4314 lex,
881 4257 971 4326 quae
990 4258 1098 4327 opera
1114 4248 1148 4305 et
1201 4235 1308 4304 modo
1333 4232 1551 4326 acquiescere
1575 4229 1766 4321 inceperit,
1793 4242 1826 4299 et
1847 4251 1884 4299 se
1906 4229 2008 4324 quasi
2023 4229 2107 4301 duci
2123 4243 2193 4301 sta-

152 4332 218 4429 qui
239 4331 356 4403 cultus
369 4328 446 4402 Deo
464 4332 635 4423 placeant.
689 4328 843 4425 Oportet
859 4348 976 4405 autem
993 4350 1026 4407 et
1042 4361 1148 4427 opera
1201 4351 1277 4408 tuat
1305 4360 1325 4406 a
1353 4333 1549 4405 mediatore
1571 4332 1645 4401 filio
1669 4329 1755 4419 Dei,
1789 4332 1880 4405 sicut
1900 4330 2020 4426 inquit
2040 4329 2192 4405 Paulus:

151 4447 358 4505 sanctorum
388 4432 461 4524 regi
485 4459 648 4527 expresso
671 4436 781 4505 verbo
806 4432 893 4524 Dei,
924 4439 1020 4509 iuxta
1041 4439 1147 4509 illud:
1200 4437 1270 4510 Per
1287 4432 1383 4509 hunc
1408 4431 1579 4506 habemus
1599 4456 1776 4506 accessum
1800 4435 1869 4505 fide
1885 4447 1951 4523 etc.

151 4534 317 4609 Lucerna
336 4536 485 4629 Ptdlbm
499 4538 587 4607 “¹²5⁸
603 4539 751 4609 verbum
767 4553 880 4614 inum·
1303 4555 1366 4633 48.
1405 4554 1455 4629 Ει
1469 4571 1588 4627 tamen
1604 4556 1787 4627 decretum
1801 4552 1940 4649 Synodi
1957 4550 2193 4627 Tridentinae

259 4654 320 4731 tt.
351 4653 425 4727 Nec
447 4655 528 4728 licet
548 4656 615 4727 ulli
632 4671 811 4729 creaturae
828 4658 1015 4732 instituere
1032 4663 1148 4733 cultus
1202 4663 1300 4735 iubet
1314 4684 1458 4731 manere
1472 4660 1509 4729 in
1523 4656 1760 4733 dubitatione.
1799 4652 1849 4729 Et
1862 4669 1982 4749 postca
1998 4654 2192 4751 inSynodo

153 4755 246 4845 Dei,
272 4760 363 4830 sicut
384 4758 553 4849 scriptum
574 4773 643 4851 est:
669 4758 815 4831 Frustra
831 4764 954 4835 colunt
971 4788 1028 4835 me
1045 4790 1149 4835 man·
1199 4762 1421 4839 Bononiensi
1448 4765 1591 4833 decreta
1614 4760 1704 4831 facta
1728 4771 1832 4843 sunt,
1864 4780 2019 4851 quorum
2042 4758 2206 4831 manile·

155 4863 250 4935 datis
272 4855 472 4935 homirnum.
523 4855 572 4933 Et
591 4856 631 4932 bi
653 4864 789 4949 cultus,
813 4889 903 4961 quos
918 4862 1017 4937 Deus
1036 4869 1148 4939 tradi·
1201 4869 1290 4940 stior
1313 4881 1364 4938 est
1389 4865 1572 4957 impietas,
1602 4854 1693 4955 quae
1715 4862 1905 4933 adfirmant
1929 4856 2194 4945 satisfactiones,

156 4964 231 5051 dit,
255 4963 333 5039 sine
356 4963 587 5055 corruptelis,
611 4964 819 5055 vigilanter,
842 4982 878 5041 ct
896 4970 952 5061 pie
970 4970 1148 5043 retinendi
1200 4985 1241 5043 ut
1255 4970 1323 5064 ipsi
1339 4979 1486 5053 vocant,
1508 4962 1709 5037 Canonicas
1725 4962 1938 5034 necessarias
1953 4985 2039 5035 csse.
2092 4960 2193 5046 ltem,

155 5080 259 5149 ⁸⁰⁰2.
290 5089 431 5157 semper
454 5065 491 5135 in
514 5069 669 5149 mundo,
702 5070 870 5162 exemplis
894 5085 1034 5164 patrum
1057 5074 1149 5143 male
1203 5074 1240 5143 in
1270 5070 1598 5162 circumgestatione
1621 5067 1722 5160 panis
1748 5066 1947 5137 faciendam
1971 5088 2046 5136 esse
2067 5067 2193 5136 adora·

157 5168 367 5253 intellectis,
391 5168 492 5260 impii
509 5170 609 5239 abusi
626 5186 727 5255 sunt,
753 5186 788 5243 ει
803 5175 972 5266 paulatim
988 5170 1147 5269 κακοζη-
1200 5177 1334 5250 tionem
1351 5192 1415 5248 etc.
2170 5186 2175 5197 ·

155 5268 220 5345 tta
240 5270 381 5369 addidit
397 5272 497 5362 plura
513 5272 629 5357 idola,
655 5288 695 5343 ut
708 5298 788 5357 cum
805 5278 909 5368 primi
928 5291 1149 5368 patresrecte
1302 5274 1365 5352 49.
1402 5273 1453 5349 Ει
1475 5275 1566 5345 sicut
1587 5274 1683 5368 apud
1708 5266 1885 5343 Ethnicos
1910 5272 2020 5341 nauita
2045 5270 2193 5341 numina

156 5374 433 5473 sacrificassent,
468 5387 586 5469 postea
614 5368 786 5449 Chaldaei
814 5392 849 5451 et
879 5378 941 5450 alii
970 5380 1148 5455 linxerunt
1201 5381 1395 5473 excogitata
1416 5391 1518 5462 sunt,
1543 5372 1766 5552 iuspepvssit
1782 5373 1820 5444 in
1837 5369 2031 5446 Ecclesiam
2050 5372 2193 5443 invoca-
