4680 6038
136 196 220 271 ..οι
600 190 605 205 ·
690 178 1623 375 nacunncupqontouaamna,
1695 184 1721 265 .·
1878 216 1881 221 ·
2092 210 2170 287 sss

143 362 340 441 Ecclesiam
355 364 394 436 in
407 365 561 460 publicis
572 364 814 443 concionibus.
865 365 922 439 lbi
937 370 1050 440 donec
1071 380 1135 463 pa'·
1184 368 1332 453 stentini
1348 368 1534 465 Synodum
1556 370 1703 460 indixit,
1727 396 1818 470 quae
1834 374 1989 453 secunda
2003 381 2170 454 nomina·

143 482 200 541 ter
215 469 326 555 iirit,
351 481 386 541 ct
404 469 627 562 deindepost
647 482 797 542 mortem
814 470 925 561 patris
939 467 1135 543 Ecclesiam
1184 482 1260 552 tur,
1284 472 1344 543 ad
1370 494 1477 566 quam
1503 489 1746 548 convenerunt
1771 475 1941 575 Episcopi
1966 496 2107 555 eentum
2133 496 2170 556 et

143 570 297 642 feliciter
310 571 412 645 rexit.
688 646 692 651 ,
1090 618 1093 623 -
1184 572 1442 666 quinquaginta
1479 571 1806 673 Constantinopoli,
1856 606 1952 654 anno
1990 610 2011 656 a
2056 584 2168 657 natali
2255 654 2261 665 ,

246 669 324 742 Etsi
337 685 455 743 autem
472 670 634 744 Valentis
651 670 877 767 lmperatoris
892 672 1035 746 saevitia
1051 699 1135 767 pas·
1181 667 1317 745 Christi
1347 676 1590 749 trecentesimo
1625 681 1837 771 octogesimo
1874 686 1990 756 tertio.
2061 682 2168 758 Extat
2256 678 2262 687 ’

142 775 209 847 sim
224 799 266 845 er
282 771 449 845 Ecclesiis
470 775 522 866 pii
547 772 719 847 Doctores
739 775 982 867 pellebantur,
1009 790 1132 849 tamen
1182 770 1372 846 Decretum
1400 777 1440 846 in
1467 803 1538 872 quo
1567 782 1777 872 pmfitentur
1797 783 1919 857 Patres
1937 811 1974 859 se
2003 787 2167 878 amplecti

143 872 340 967 Gregorius
364 901 439 947 non
459 889 511 947 est
528 878 665 968 pulsus.
723 873 773 948 Et
792 879 1046 949 fortassiseum
1065 878 1133 948 ali·
1182 873 1392 970 Symbolum
1421 876 1617 964 Nicenum,
1658 897 1692 954 et
1717 886 1763 956 ab
1790 911 1830 957 eo
1857 912 1932 958 non
1954 890 2167 961 discessuros

141 1002 214 1075 quq
239 977 347 1048 modo
371 979 457 1051 texit
478 973 642 1074 Olympii
659 980 831 1072 praesidis
850 980 978 1073 pietas,
1000 982 1131 1073 dequo
1181 1000 1276 1065 esse,
1308 980 1343 1051 ¹ct
1363 981 1599 1070 damnantur,
1632 986 1696 1078 qui
1720 1001 1851 1082 negant
1871 987 1939 1063 τὸν
1961 984 2074 1090 λόγον
2091 1013 2166 1063 esse

131 1076 266 1265 ffiibit
290 1080 385 1171 ipse,
416 1080 596 1151 discedere
618 1105 700 1152 eum
732 1081 991 1177 relinquentem
1016 1083 1131 1178 lacry-
1180 1073 1456 1175 ὑφιστάμενον,
1495 1087 1614 1177 etqui
1639 1103 1769 1178 negant
1795 1088 1971 1182 Spiritum
2003 1105 2165 1164 sanctum

200 1181 414 1275 sciyibuset
431 1183 637 1252 memoriam
659 1183 910 1254 beneficiorum
923 1208 999 1254 non
1013 1184 1052 1255 in
1070 1209 1129 1255 co·
1181 1203 1255 1253 esse
1273 1176 1541 1278 ὑφιστάμενον.
1906 1218 1909 1223 ·

140 1280 295 1369 lumnis,
328 1285 388 1352 sed
418 1285 457 1354 in
478 1285 658 1355 mentibus
684 1288 884 1372 bonorum,
917 1298 951 1356 et
973 1287 1127 1357 reditum
1188 1282 1191 1289 ’
1277 1280 1333 1356 De
1353 1280 1409 1356 his
1431 1288 1539 1359 tantis
1561 1289 1666 1360 rebus
1682 1315 1762 1361 cum
1777 1294 1914 1365 decreta
1930 1295 2020 1367 iacta
2039 1307 2165 1382 essent,

139 1384 217 1454 cius
239 1398 349 1475 optat.
402 1385 575 1474 Magnum
598 1388 736 1475 bonum
758 1401 830 1475 est,
855 1389 1041 1459 concordia
1058 1386 1130 1460 Pa·
1179 1382 1330 1455 Maximi
1357 1388 1504 1460 ambitio
1538 1414 1672 1463 novum
1706 1407 1881 1466 certamen
1907 1397 2031 1469 movit.
2094 1395 2165 1467 Hic

139 1486 246 1559 storis
268 1500 304 1557 et
324 1487 514 1578 praesidis,
547 1486 619 1561 Sed
641 1483 728 1561 baec
749 1512 822 1559 esse
849 1513 925 1560 non
945 1491 1129 1582 potuisset,
1178 1487 1330 1560 factione
1344 1484 1587 1564 Alexandrina
1601 1493 1750 1586 stipatus
1768 1520 1804 1568 se
1818 1499 1933 1569 voluit
1947 1493 2164 1590 Episcopum

138 1586 249 1659 siam
271 1582 463 1682 Olympius
484 1592 530 1661 ad
554 1604 745 1685 tyranuum
771 1615 807 1662 sc
828 1591 1039 1679 inflexisset,
1068 1607 1128 1664 aut
1178 1587 1488 1685 Constantinopoli
1521 1594 1644 1669 creari.
1706 1594 1900 1689 Gregorius
1927 1599 2164 1692 placidissime

139 1684 336 1780 Gregorius
357 1692 507 1763 altemm
523 1695 649 1784 pedem
672 1694 711 1764 in
723 1690 899 1780 Ecclesia,
924 1695 1074 1766 alterum
1089 1695 1127 1765 in
1177 1691 1312 1784 inquit:
1337 1690 1384 1765 Se
1402 1694 1433 1777 si
1450 1696 1494 1764 de
1509 1696 1669 1767 doctrina
1684 1713 1885 1789 accusetur,
1910 1723 2164 1792 responsurum

136 1786 247 1863 Curia
264 1786 393 1864 habere
409 1795 589 1870 voluisset.
638 1794 833 1868 Laudanda
848 1809 899 1867 est
919 1797 1029 1887 igitur
1041 1820 1129 1888 pru·
1177 1815 1267 1878 esse,
1309 1808 1344 1867 et
1367 1794 1538 1867 iudicium
1562 1799 1667 1890 ipsis,
1706 1801 1769 1894 qui
1804 1816 1888 1874 tunc
1914 1813 2165 1886 convenerant,

136 1893 261 1965 dentis
270 1891 453 1984 Gregorii,
474 1898 571 1989 quod
587 1896 746 1968 animum
762 1898 935 1989 praesidis
948 1923 1024 1969 non
1040 1899 1126 1970 alie-
1176 1918 1314 1965 summa
1346 1897 1530 1968 voluntate
1559 1901 1771 1990 permittere.
1839 1901 1889 1976 At
1922 1905 1968 1974 de
1993 1899 2163 1995 Episcopi

136 1995 243 2066 navit
262 1990 615 2096 πολυπραγμοσύνῃ.
674 1996 724 2070 Et
743 2000 935 2070 ostendunt
959 2000 1127 2090 epistolae
1176 1996 1348 2089 dignitate
1372 2021 1408 2068 se
1430 2021 1574 2089 prorsus
1598 2001 1690 2072 nihil
1714 2008 1937 2078 contendere.
1987 2004 2060 2079 Sed
2083 2025 2162 2076 mn·

137 2094 305 2187 Gregorii
318 2113 479 2170 mutuam
502 2101 596 2171 inter
610 2101 706 2193 ipsos
722 2100 1005 2175 benevolentiam
1019 2103 1126 2173 luisse
1176 2098 1229 2188 gis
1241 2112 1376 2190 petere,
1403 2114 1443 2171 ut
1456 2124 1560 2171 senex
1576 2102 1648 2172 iam
1667 2104 1837 2177 liberetur
1851 2106 2014 2179 maximis
2028 2104 2163 2176 labori·

133 2197 315 2271 eximiam.
1176 2200 1260 2285 bus,
1285 2201 1398 2281 curis,
1423 2202 1727 2293 contentionibus,
1752 2231 1839 2299 quas
1854 2206 2028 2278 sustinere
2040 2207 2080 2276 in
2095 2201 2162 2279 bac
2273 2238 2276 2243 ·

237 2298 366 2372 Postea
388 2324 468 2371 cum
482 2298 611 2373 Ariani
634 2303 905 2375 dominarentur
920 2300 1126 2377 Constanti·
1175 2301 1299 2372 aetatis
1319 2302 1558 2374 imbecillitate
1584 2330 1659 2375 non
1680 2322 1808 2398 posset.
1864 2305 1978 2378 Addit
2002 2308 2107 2377 etiam
2125 2329 2162 2377 se

134 2402 279 2494 nopoli,
312 2416 456 2472 vocatus
481 2418 533 2475 est
563 2428 605 2474 eo
634 2378 849 2496 Gregobius,
883 2419 924 2476 ut
955 2403 1125 2499 Episcopi
1176 2403 1281 2471 malle
1305 2416 1345 2473 ut
1362 2401 1485 2473 lonam
1507 2430 1527 2475 e
1548 2406 1631 2475 navi
1652 2408 1751 2493 eiici,
1776 2432 1881 2501 qnam
1907 2408 2161 2478 dissensionem

132 2527 283 2576 munere
314 2505 538 2593 fungeretur,
579 2517 614 2575 et
642 2504 796 2577 Arianos
833 2508 1013 2579 refutaret.
1070 2507 1125 2578 lbi
1175 2504 1219 2572 de
1233 2503 1403 2592 dignitate
1415 2507 1551 2577 diutius
1566 2508 1705 2583 durare.
1746 2507 1922 2581 Hortatur
1933 2521 1976 2580 ut
1991 2509 2161 2579 idoneum

132 2606 267 2677 mansit
298 2630 409 2674 annos
434 2606 622 2677 duodecim
653 2607 748 2678 inter
776 2631 904 2698 magna
934 2610 1124 2681 certamina
1174 2604 1326 2695 eligant,
1353 2620 1387 2677 et
1404 2607 1473 2678 sint
1487 2632 1661 2680 memores
1676 2611 1762 2682 dicti
1783 2606 1998 2703 pmphetici:
2030 2608 2162 2700 Diligi-

131 2730 320 2800 nunquam
344 2709 463 2777 animo
483 2697 632 2794 stactus,
665 2710 802 2779 etiamsi
830 2712 967 2799 magnis
997 2727 1134 2792 contu·¹
1174 2720 1207 2776 te
1229 2707 1414 2779 veritatem
1437 2721 1471 2780 et
1493 2733 1624 2801 pacem.
1681 2709 1782 2797 Nam,
1797 2706 1883 2783 haec
1900 2712 1974 2804 ipsa
1993 2712 2100 2783 verba
2119 2713 2160 2780 iu

131 2809 252 2881 meliis
267 2809 424 2880 adlectus
440 2786 539 2880 csta·
549 2808 709 2881 Primum
730 2811 769 2881 in
786 2812 917 2903 templo
933 2814 1121 2904 praecipuo
1174 2808 1249 2878 eius
1284 2810 1446 2880 oratione
1476 2826 1715 2884 recensentur.
1773 2810 1855 2884 Non
1891 2814 1975 2885 vicit
2010 2812 2158 2884 ambitio

131 2906 388 3002 utEpiscopus
403 2911 539 2997 docuit,
564 2910 649 2982 inde
670 2913 793 3005 pulsus
817 2913 863 2983 ab
878 2909 1042 3004 Arianis,
1068 2916 1122 2984 lo·
1176 2908 1341 2997 Maximi,
1381 2925 1415 2982 et
1443 2914 1586 2983 tandem
1618 2915 1800 2987 severitate
1830 2909 2024 2985 Theodosii
2057 2938 2159 3009 syco-

131 3036 233 3098 cum,
266 3036 340 3082 non
363 3013 514 3083 docendi
535 3037 667 3085 munus
688 3015 849 3109 reliquit,
875 3040 954 3085 cum
978 3017 1121 3109 quidem
1173 3006 1305 3103 phanta
1321 3010 1498 3084 Maximus
1516 3030 1777 3106 repressusest,
1804 3031 1839 3086 et
1858 3017 2001 3108 piorum
2016 3031 2160 3088 senten-

131 3112 314 3207 lrpidibus
330 3114 435 3184 etiam
452 3115 602 3186 obrutus
617 3129 724 3198 esset,
759 3118 821 3186 sed
843 3118 882 3197 in
899 3119 1037 3207 privata
1054 3120 1121 3187 do·
1173 3113 1231 3181 tiis
1246 3128 1381 3184 creatus
1390 3110 1586 3206 Episcopus
1595 3116 1777 3190 Nectarius
1786 3117 1982 3204 Tarsensis,
2006 3119 2063 3187 vir
2078 3140 2160 3188 em·

131 3238 191 3287 mo
214 3237 329 3286 annos
350 3216 485 3309 aliquot
507 3216 645 3304 docuit,
670 3219 785 3288 donec
807 3213 1032 3288 Theodosius
1050 3216 1122 3287 lm·
1173 3213 1269 3283 ditus
1286 3230 1320 3285 et
1335 3228 1428 3283 recte
1448 3218 1613 3289 sentiens.
2036 3266 2040 3273 -

131 3331 274 3413 perator
293 3316 630 3410 Constantinopolin
654 3319 763 3390 venit.
821 3316 891 3389 Hic
914 3320 1015 3390 duxit
1039 3344 1120 3390 eum
1272 3313 1384 3387 Redit
1398 3315 1505 3404 igitur
1520 3318 1557 3385 iu
1574 3318 1722 3408 patriam
1734 3315 1944 3409 Gregorius,
1971 3333 2005 3390 et
2019 3316 2071 3391 ibi
2085 3318 2159 3389 dis·

131 3420 170 3491 in
191 3421 365 3512 templum
390 3422 557 3512 repressis
583 3418 748 3507 Arianis,
777 3421 843 3492 ubi
866 3421 1032 3513 deinceps
1055 3423 1121 3491 do-
1171 3417 1302 3486 cordiis
1327 3416 1454 3486 sedatis
1476 3440 1709 3489 successorem
1732 3421 1813 3510 eligi
1843 3435 1944 3492 curat
1964 3417 2159 3494 Eulalium.

131 3520 221 3608 urit,
245 3523 359 3592 donec
374 3522 425 3591 ibi
441 3522 584 3597 mansit.
1172 3516 1250 3609 lpse
1271 3518 1401 3588 secedit
1423 3519 1461 3586 in
1484 3521 1667 3610 praedium
1688 3535 1876 3612 paternum
1895 3518 2068 3608 Arianae,
2093 3520 2158 3593 ubi

229 3620 323 3696 Cum
345 3638 461 3694 autem
487 3621 617 3694 Ariani
639 3649 713 3696 non
729 3625 927 3716 potuissent
948 3647 1028 3693 eum
1045 3624 1121 3715 pel·
1172 3619 1330 3690 consiliis
1350 3634 1388 3711 et
1405 3619 1517 3690 literis
1539 3622 1671 3693 multos
1695 3624 1796 3697 rexit.
1847 3622 1919 3694 Sed
1941 3637 2086 3695 vocatus
2111 3625 2158 3694 ad

131 3726 223 3811 lere,
265 3728 423 3797 exoritur
451 3727 521 3797 alia
550 3728 659 3820 pestis
692 3728 738 3797 ad
773 3751 852 3797 eum
886 3727 1120 3818 perdendum.
1171 3719 1334 3814 Synodos
1357 3744 1432 3791 non
1451 3722 1593 3794 accessit
1617 3725 1662 3793 ad
1686 3748 1743 3794 eas
1757 3747 1842 3795 usus
1857 3726 2081 3796 excusatione
2094 3747 2159 3795 va-

131 3824 328 3917 Gregorius
351 3825 486 3922 Cynico
517 3829 657 3900 cuidam
679 3828 826 3899 nomine
848 3826 1007 3898 Maximo
1039 3852 1120 3917 per·
1170 3823 1357 3907 letudinis,
1381 3836 1421 3893 ut
1436 3825 1590 3895 ostendit
1605 3825 1681 3895 eius
1702 3825 1867 3918 epistola,
1892 3850 1998 3921 quam
2014 3826 2158 3919 prodest

131 3942 304 4015 smserat,
335 3943 374 3999 ut
403 3930 601 4000 doctrinam
629 3926 808 4001 Ecclesiae
839 3931 1120 4020 amplecteretur,
1170 3936 1293 3995 notam
1317 3946 1410 4009 esse,
1443 3939 1484 3996 ut
1505 3926 1763 4013 consideretur,
1789 3947 1895 4020 quam
1920 3928 2159 4019 periculosum

131 4052 283 4125 eumque
304 4033 348 4099 ad
373 4027 574 4125 Presbyteri
596 4045 630 4102 et
650 4029 810 4103 Lectoris
830 4055 961 4100 munus
990 4025 1118 4102 evehit.
1170 4025 1216 4097 sit
1229 4024 1393 4119 Synodos
1409 4049 1621 4109 convocare,
1654 4028 1775 4099 autad
1793 4051 1852 4097 eas
1871 4029 2046 4098 accedere.
2097 4023 2158 4096 Ad

131 4128 199 4203 tlte
213 4146 255 4203 ut
270 4128 424 4225 Cynicus
446 4147 481 4202 et
500 4128 655 4203 bumana
682 4147 716 4202 et
735 4133 858 4203 divina
880 4132 959 4202 iura
974 4132 1119 4223 oblitus,
1171 4125 1382 4218 Procopium
1406 4128 1456 4197 sic
1479 4128 1619 4199 scribit:
1652 4128 1712 4200 Sic
1732 4129 1890 4199 adfectus
1910 4151 2010 4214 sum,
2042 4128 2073 4198 si
2094 4152 2157 4197 ve-

131 4235 260 4307 rrdens
273 4234 468 4305 ambitione
483 4235 646 4324 adiungit
662 4257 697 4303 se
720 4234 887 4319 sectioni,
912 4257 1002 4327 quae
1023 4230 1117 4303 Gce·
1170 4252 1249 4298 rum
1261 4228 1486 4299 scribendum
1501 4242 1563 4310 est,
1583 4243 1624 4300 ut
1637 4252 1759 4300 omnes
1768 4226 2025 4322 Episcopomm
2037 4228 2157 4326 Syno-

131 4336 231 4427 gorio
254 4349 327 4406 erat
349 4334 513 4421 inimica,
544 4348 579 4407 et
598 4349 758 4407 excutere
773 4357 910 4420 senem,
936 4351 970 4406 et
991 4336 1030 4403 in
1045 4357 1118 4404 sese
1169 4333 1232 4399 dos
1247 4330 1367 4420 fugere
1382 4331 1507 4413 velim,
1531 4331 1613 4424 quia
1629 4331 1764 4401 nullius
1776 4330 1914 4426 Synodi
1931 4333 2063 4402 exitum
2079 4329 2156 4401 vidi

131 4433 511 4529 transferreEpiscopi
542 4437 749 4528 dignitatem
777 4449 943 4521 conatur,
984 4450 1118 4527 pugnat
1168 4432 1322 4516 bonurn,
1356 4445 1417 4502 ant
1439 4431 1550 4521 magis
1572 4432 1673 4502 linire
1694 4456 1750 4503 eas
1770 4433 1935 4519 dissidia,
1965 4456 2072 4528 mam
2097 4455 2157 4503 ac-

131 4540 304 4622 lactione,
339 4550 375 4608 et
403 4539 568 4630 pecunia,
600 4554 634 4611 et
659 4541 836 4630 profectus
851 4534 1117 4608 'Alexandriam
1168 4534 1329 4603 cendere.
1380 4530 1471 4602 Nam
1492 4532 1666 4625 cupiditas
1686 4535 1924 4607 contentionis
1942 4548 1976 4605 et
1991 4534 2156 4605 domina-

131 4640 316 4715 celumuiis
338 4641 499 4711 accendit
510 4637 728 4732 Episcopum
751 4636 1117 4730 contraGregorium.
1168 4634 1275 4704 tionis
1301 4635 1451 4705 vincunt
1482 4635 1668 4710 rationem.
1726 4634 1799 4705 Nec
1829 4649 1949 4706 tamen
1979 4635 2155 4705 existimes

131 4742 198 4816 Sed
211 4763 351 4834 praeses
367 4743 423 4811 cui
439 4755 524 4815 nota
538 4757 612 4814 erat
628 4743 809 4832 integritas
824 4738 1010 4829 Gregorii,
1036 4765 1115 4810 eum
1167 4731 1252 4806 haec
1266 4760 1323 4805 me
1340 4736 1423 4806 odio
1439 4736 1604 4809 scribere.
1655 4733 1709 4807 Ac
1723 4736 1827 4807 citius
1840 4736 1971 4829 aliquis
1984 4736 2155 4817 iudicans,

131 4844 212 4915 inde
230 4843 344 4935 pellit.
395 4841 505 4915 Redit
527 4857 646 4914 tamen
668 4858 823 4915 armatus
843 4843 889 4912 ab
903 4836 1116 4911 Alexandri·
1167 4839 1388 4909 accusabitur
1402 4838 1494 4928 ipse,
1519 4861 1625 4932 quam
1641 4838 1793 4907 aliorum
1809 4850 1987 4907 certamen
2001 4834 2156 4907 dirimet.

131 4970 191 5031 uo,
217 4963 253 5016 et
274 4966 422 5033 magnos
443 4945 615 5016 tumultus
646 4943 726 5018 ciet.
786 4944 924 5015 Interea
948 4938 1117 5013 Theodo-
1166 4938 1250 5009 ldeo
1274 4962 1331 5009 me
1353 4940 1393 5009 in
1413 4933 1482 5009 hoc
1503 4962 1638 5009 secessu
1661 4939 1844 5022 contineo,
1877 4953 1971 5009 etne
1992 4940 2156 5011 turbetur

131 5048 198 5119 dus
220 5044 377 5137 optimus
400 5043 596 5141 Imperator
617 5070 697 5117 cum
727 5047 912 5117 seditiosos
935 5059 968 5115 et
993 5057 1116 5138 tyran·
1165 5041 1339 5133 precatio,
1366 5041 1661 5133 tranquillitatem
1679 5039 1769 5111 tueri
1785 5041 1919 5110 studeo.
1971 5038 2076 5110 Nunc
2090 5056 2155 5135 auf

131 5170 190 5220 nos
205 5148 246 5217 in
261 5145 406 5238 Europa
423 5147 562 5237 magnis
575 5147 717 5239 praeliis
732 5147 930 5228 delevisset,
956 5158 988 5215 et
1001 5147 1116 5215 victor
1165 5156 1234 5214 tem
1249 5142 1449 5233 etcorporis
1463 5142 1649 5211 infirmitas
1662 5166 1720 5212 me
1735 5156 1887 5228 excusat,
1905 5140 2044 5213 assidue
2057 5140 2153 5211 enim

131 5253 196 5321 iarn
211 5262 375 5341 pacatum
398 5249 586 5339 imperium
600 5261 751 5336 teneret,
777 5248 903 5320 tollere
917 5247 1022 5317 ctiam
1040 5248 1115 5316 dis-
1164 5243 1262 5327 solut
1276 5258 1470 5315 extremum
1488 5238 1639 5314 halitum
1654 5243 1770 5335 spiro,
1795 5256 1830 5314 et
1843 5266 1922 5313 meo
1937 5266 2086 5334 corpore
2099 5242 2154 5314 uti
2201 5289 2206 5301 ι

131 5352 214 5423 sidia
239 5349 468 5423 ecclesiastica
488 5363 634 5425 conatus
654 5365 716 5429 est.
765 5347 815 5426 Et
837 5349 996 5441 exemplo
1017 5345 1114 5422 Con-
1163 5368 1238 5419 non
1251 5367 1409 5440 possum.
1460 5341 1547 5415 Ideo
1560 5353 1595 5417 te
1606 5368 1691 5433 oro,
1713 5359 1753 5420 ut
1769 5358 1804 5418 ct
1815 5358 1855 5418 tu
1872 5339 1962 5419 mibi
1983 5345 2157 5436 ignoscas,
