4680 6038
658 118 818 195 DECL.
850 119 927 194 DE
960 116 1099 194 VITA
1142 116 1533 198 BUGENHAGll.
2026 137 2102 214 300

175 294 371 368 Hanevero
380 295 621 367 narrationem
637 296 719 367 volo
736 295 976 367 testimonium
993 317 1066 364 esse
1087 308 1093 388 1
1115 293 1302 380 facundia,
1332 311 1365 367 et
1387 298 1531 369 dotibus
1551 300 1649 386 aliis,
1680 304 1744 398 qni
1767 308 1864 379 velut
1893 309 1929 378 in
1956 302 2100 402 vestigia

69 403 114 470 de
140 413 263 470 nostra
285 422 366 490 erga
392 399 507 490 ipsum
532 398 748 479 reverentia,
782 413 817 469 et
837 395 914 468 Deo
938 398 1065 486 gratias
1088 409 1091 481 ,t
1115 399 1361 468 decedentium
1391 406 1634 487 succedentes,
1671 409 1768 496 usui,
1802 429 2032 496 ornamento,
2067 431 2101 486 et

69 502 228 592 agimus,
254 506 350 596 quod
367 498 451 571 huic
467 498 646 570 Ecclesiae
662 514 734 569 tam
751 500 861 569 lidum
884 500 1063 570 Pastorem
1115 502 1290 588 praesidio
1313 498 1489 572 Ecclesiae
1514 508 1643 586 futmi,
1678 525 1710 580 et
1733 537 1796 600 pro
1815 516 1961 585 veritate
1978 531 2100 588 contra

68 599 125 675 ltis
141 605 358 676 turbulentis
372 605 591 693 temporibus
606 604 742 689 tribuit,
764 603 938 674 iuventuti
957 603 1062 675 etiam
1113 597 1358 691 sophisticen,
1392 621 1430 676 ut
1452 607 1512 674 lidi
1537 622 1572 679 et
1594 625 1791 684 constantes
1814 619 1925 689 sancti
1949 621 2101 710 depositi

69 707 145 776 eius
166 706 376 776 memoriam
396 707 589 791 tradimus,
616 721 656 778 ut
679 706 716 774 in
741 706 817 774 eius
838 729 1062 795 cursuprae-
1113 707 1275 774 custodes
1305 726 1418 778 essent
1451 715 1720 800 propugnaturi.
1783 718 1957 791 Miscebat
1994 723 2100 792 etiam

68 810 220 880 sentiam
248 807 316 878 Dei
349 810 562 892 consideret,
594 823 628 878 et
657 810 919 900 agnoscat'pios
944 834 962 876 a
986 805 1062 878 Deo
1113 822 1214 891 vota,
1248 833 1437 903 precesque
1459 813 1501 880 ad
1527 810 1660 899 Deum,
1693 832 1728 887 et
1750 822 1900 912 suspiria
1924 825 2044 894 crebra
2062 850 2102 895 ac

68 912 202 983 iuvari:
228 912 386 981 imitetur
401 913 505 981 etiam
520 911 741 1000 diligentiam
757 912 868 1001 ipsius
885 912 921 981 in
938 935 1061 1000 regen·
1086 896 1090 939 ¹
1113 910 1276 997 gemitus,
1300 917 1394 1003 quod
1411 909 1477 982 hoc
1493 916 1570 1005 ipso
1587 918 1663 986 loco
1677 913 1876 994 honoribus
1889 942 2010 995 auctos
2026 952 2102 997 me-

68 1014 123 1085 dis
137 1014 312 1085 moribus.
365 1013 568 1085 Proderunt
582 1028 616 1085 et
630 1013 712 1082 libri
729 1015 839 1103 ipsius
854 1015 1062 1104 legentibus,
1114 1012 1263 1083 niioerat
1280 1015 1427 1100 multos,
1452 1042 1603 1108 quorum
1620 1014 1730 1116 aliqui
1744 1026 1919 1096 rabiosius
1936 1029 2100 1122 aliquan·

68 1140 222 1210 quonam
257 1117 362 1186 lectio
397 1118 499 1186 bonis
533 1142 607 1185 non
635 1140 675 1186 eo
702 1130 839 1186 tanturn
865 1130 962 1206 grata
986 1119 1063 1200 erit,
1113 1126 1148 1181 to
1175 1130 1208 1185 et
1230 1117 1458 1201 virulentius,
1492 1118 1664 1191 adhibitis
1695 1129 1863 1198 omnihus
1897 1133 2101 1202 mendacio—

69 1219 154 1312 quia'
169 1220 281 1290 multa
297 1221 445 1289 obscura
462 1218 554 1289 dicta
570 1235 753 1304 enarrant,
780 1221 838 1288 sed
857 1221 962 1291 etiam
979 1219 1061 1312 quia
1113 1240 1191 1285 rum
1208 1232 1242 1286 et
1257 1219 1514 1290 calumniarum
1531 1221 1723 1312 machinis,
1750 1231 1938 1301 incurrunt
1956 1234 1995 1301 io
2009 1229 2101 1304 hanc

69 1323 254 1416 diligentia
280 1322 316 1390 in
340 1324 541 1415 quaerenda
567 1321 686 1391 nativa
715 1324 885 1393 sententia
906 1323 1061 1392 ostendit
1112 1314 1286 1403 scholam,
1314 1347 1419 1415 quam
1438 1320 1554 1394 hostes
1577 1328 1642 1417 ipsi
1666 1343 1699 1398 et
1720 1333 1903 1426 aliquanto
1929 1337 2008 1422 plus
2034 1362 2100 1407 no-

76 119 152 198 ⁸05

69 1448 224 1495 amorem
242 1425 399 1496 veritatis
418 1425 456 1494 in
474 1449 516 1493 eo
532 1425 639 1495 luisse
655 1425 834 1498 eximium.
886 1421 981 1497 Dixi.

282 1669 464 1738 Potitio
501 1664 561 1736 od
593 1668 844 1737 Deooaura.

170 1837 382 1930 Spectabilis
398 1836 552 1908 Domine
566 1834 720 1922 llecane,
737 1855 769 1908 et
789 1838 898 1908 Viee·
911 1835 1059 1908 Cancel-

10 1968 12 2009 :
66 1941 159 2011 larie
174 1941 396 2031 dignissime,
421 1941 655 2011 Meminimus
674 1965 795 2009 onmes
810 1938 1059 2027 Reverenvl‘n

66 2044 117 2114 D.
140 2041 338 2123 Pastorem,
374 2045 562 2115 Ductorem
592 2043 759 2129 loannem
790 2039 1058 2132 Bngenbagium

65 2142 325 2229 Pomeranum,
359 2158 498 2214 sanctae
522 2145 729 2228 memoriae,
756 2168 857 2236 saepe
874 2146 986 2215 solere
1004 2146 1059 2213 di-

66 2271 171 2333 cere,
196 2250 239 2314 ad
266 2248 386 2316 nullos
409 2270 445 2317 se
468 2246 630 2337 publicos
652 2272 692 2316 ac
714 2248 877 2339 solennes
899 2246 1059 2337 Collega-

67 2372 144 2417 rum
171 2373 212 2417 ac
233 2347 506 2432 Scolasticorum
525 2371 730 2437 congressus
751 2352 913 2420 accedere
942 2352 1060 2419 libeu-

66 2451 155 2534 tius,
183 2464 217 2520 et
242 2451 375 2519 maiore
398 2475 478 2519 cnm
503 2446 700 2535 hilaritate,
727 2477 831 2544 quam
849 2455 893 2521 ad
912 2447 977 2522 hos
995 2479 1060 2520 uo·

66 2567 176 2637 atros,
210 2553 403 2644 inquibus
435 2553 474 2621 ht
499 2554 722 2623 renunciatio
752 2579 896 2639 eornm,
931 2556 1060 2646 quihus

67 2655 250 2727 ooniertur
271 2656 395 2725 titulus
413 2654 611 2743 Magisterii
636 2653 891 2748 philosophici.
944 2657 1059 2727 Multa

64 2757 235 2829 seuiebat
257 2759 574 2828 commonefactum
596 2754 664 2828 hoc
680 2760 893 2850 collegarum
919 2783 1060 2828 conses-

64 2883 105 2932 su
113 2910 127 2946 ,
151 2874 411 2954 conspectuque
427 2861 623 2954 frequentis
638 2875 673 2932 et
689 2874 841 2933 attentae
855 2862 1059 2931 adolescen-

63 2963 147 3046 tiae,
170 2985 296 3052 magna
311 2987 390 3032 cum
406 2965 577 3034 suavitate
593 2964 745 3053 cogitare
760 2966 803 3033 de
817 2965 952 3055 primae
966 2979 1061 3034 aeta-

64 3067 110 3137 tis
128 3088 214 3137 suae
229 3065 375 3151 studiis,
393 3067 437 3134 de
453 3067 700 3135 emendatione
717 3082 794 3155 post
809 3081 946 3150 secuta,
972 3092 1061 3159 quae

64 3167 178 3239 aeteri
209 3180 244 3239 et
272 3163 474 3237 horridiore
501 3168 666 3237 barbarie
702 3171 862 3260 explosa,
906 3170 1063 3239 reddidit

64 3265 199 3341 scholis
215 3270 329 3339 fontes
345 3271 506 3363 puriores
525 3271 794 3361 disciplinarum
811 3272 991 3361 omnium,
1019 3274 1062 3340 de

65 3373 182 3445 initiis
204 3397 246 3443 ec
269 3374 480 3443 rudimentis
505 3373 638 3442 solidae
670 3375 905 3458 eruditiones,
936 3376 980 3443 de
1004 3398 1062 3443 ar-

64 3477 156 3545 tium
199 3471 527 3567 philosophicarum
566 3476 756 3564 dignitate,
795 3479 839 3545 de
872 3476 1062 3568 multiplici

63 3580 203 3663 fructu,
228 3579 289 3669 qui
308 3603 349 3647 ex
364 3579 436 3646 illis
454 3576 585 3648 rediret
603 3581 790 3670 praecipue
804 3581 846 3648 ad
857 3576 1063 3659 Ecclesiam,
1134 3645 1142 3660 ,

64 3705 177 3774 quam
201 3674 328 3750 barum
351 3682 480 3751 artium
509 3682 684 3772 praesidio
708 3707 825 3751 carere
851 3705 922 3751 non
948 3705 1061 3773 posse,
1086 3717 1089 3762 t

67 3806 106 3850 se
130 3795 185 3853 tot
202 3782 306 3852 anrsis
322 3809 388 3853 usu
410 3783 594 3867 didicisse,
620 3798 725 3877 atque
738 3786 965 3876 experientia.
1016 3780 1064 3852 Et
1087 3788 1090 3829 ³

67 3890 275 3972 argumenta
291 3888 514 3969 orationum,
537 3910 628 3980 quae
644 3887 896 3966 recitarentur,
924 3888 1064 3967 dicebat
1087 3883 1090 3943 l

64 3989 180 4058 multa
195 3988 263 4058 sibi
280 4011 445 4058 revocare
464 3989 500 4056 in
521 3990 750 4073 memoriam,
774 4015 928 4082 quornm
945 4012 1061 4058 recor-

64 4091 213 4161 datione
227 4091 265 4160 in
280 4085 346 4161 hac
361 4105 497 4162 senecta
515 4092 595 4182 plus
609 4092 827 4172 reficeretur,
855 4116 961 4189 quam
979 4090 1062 4161 ullis

64 4194 146 4263 aliis
169 4193 287 4266 rebus.
348 4192 600 4264 Delectabatur
631 4208 663 4264 et
688 4194 902 4284 collegarum
928 4194 1063 4263 sincera

63 4320 103 4366 ae
119 4296 221 4367 dulci
234 4297 435 4380 concordia,
462 4321 551 4389 quos
566 4310 600 4366 et
616 4322 696 4393 vera
714 4298 961 4366 benevolentia
979 4320 1064 4366 con-

64 4399 209 4469 iunctos
233 4423 323 4484 esse,
349 4415 382 4470 et
406 4400 607 4470 consentire
623 4400 762 4469 iudiciis
785 4403 829 4467 de
845 4414 917 4470 tota
932 4398 1064 4467 doctri-

64 4526 111 4572 na
131 4516 334 4574 nostrarum
353 4499 591 4572 Ecclesiarum
611 4504 797 4587 cernebat,
826 4498 963 4595 hocque
980 4527 1066 4570 con-

64 4628 172 4675 sensu
197 4605 480 4675 incolumitatem
504 4601 663 4692 scholae,
693 4620 726 4674 et
750 4605 976 4675 confirmatae
1005 4628 1064 4671 ve·

65 4708 181 4778 ritatis
198 4709 450 4792 stabilitatem,
476 4709 512 4777 in
531 4703 596 4776 hac
611 4703 730 4777 schola
751 4709 816 4776 niti
835 4708 1064 4795 intelligebat.

172 4810 343 4901 lnprimis
367 4823 483 4878 autem
500 4811 687 4880 videbatur
702 4811 794 4878 serio
819 4835 858 4877 ac
875 4805 1064 4879 vehemen-

63 4928 120 4983 ter
141 4914 264 4982 animo
290 4913 506 4982 commoveri
530 4916 572 4982 ad
598 4938 721 4982 verum
747 4926 781 4983 et
802 4914 957 4981 solidum
978 4936 1062 4998 gau-

62 5018 187 5099 dium,
225 5039 384 5108 peneque
414 5016 629 5104 exploratam
654 5041 694 5085 ac
723 5031 852 5085 certam
881 5016 1066 5105 concipere

63 5142 165 5210 spem
191 5120 237 5189 de
259 5120 414 5210 puritate
436 5117 636 5199 doctrinae,
671 5123 840 5188 denatura
872 5119 909 5186 in
934 5114 990 5186 his
1010 5140 1066 5185 re-

65 5351 108 5393 ex
125 5319 195 5393 hoc
211 5338 312 5395 coetu
327 5324 467 5415 aliquos
484 5324 675 5393 instructos
695 5324 866 5412 ingeniis,
892 5323 1066 5402 doctrina,

119 5425 305 5495 Merme.
334 5431 436 5493 Orsa.
465 5429 548 5492 Vos.
578 5427 652 5493 Xll.

1090 5187 1094 5219 l

1089 5225 1094 5252 Ι

63 5221 236 5309 gionihus
251 5225 294 5290 ad
314 5234 484 5312 posteros,
506 5243 585 5287 cum
602 5221 738 5291 videret
754 5223 906 5291 subinde
923 5220 1066 5311 prodire
1090 5262 1094 5361 Ι

1091 5378 1094 5385 s

1113 1435 1189 1490 cent
1207 1419 1374 1494 Ecclesiis
1388 1429 1528 1500 nostris.
1581 1426 1634 1498 De
1650 1429 1840 1528 Staphylo,
1863 1431 2102 1526 Paphlagone,

1112 1538 1145 1591 et
1169 1538 1242 1593 toto
1268 1521 1373 1596 lulius
1396 1531 1581 1610 satellitio,
1615 1537 1738 1606 crebro
1763 1562 1933 1628 usurpare
1956 1540 2102 1626 solebat,

1112 1629 1207 1716 quod
1232 1632 1323 1716 apud
1352 1628 1521 1701 loannem
1544 1634 1688 1725 legitur:
1716 1635 1857 1729 Egressi
1879 1655 1962 1712 sunt
1977 1665 2018 1711 ex
2034 1667 2102 1713 no·

1112 1729 1185 1813 bis,
1210 1733 1268 1799 sed
1288 1756 1328 1801 ex
1346 1735 1450 1803 nobis
1465 1760 1539 1804 non
1555 1738 1713 1811 suerunt.

1215 1867 1253 1936 ld
1273 1893 1356 1937 vero
1382 1886 1501 1962 aperte
1515 1877 1668 1945 ostendit
1683 1901 1723 1946 ac
1738 1879 1925 1969 profitetur
1946 1883 2103 1952 transsu-

1112 1991 1152 2059 ga
1171 1967 1374 2064 Staphylus.
1931 1998 1934 2003 '

1214 2107 1297 2177 Non
1320 2109 1519 2180 dissimulat
1544 2105 1564 2182 vi
1593 2106 1691 2205 βλάξ
1714 2111 1917 2207 Paphlago,
1951 2122 2012 2212 qui
2036 2118 2103 2192 hoc

1112 2234 1244 2295 tinum,
1272 2227 1403 2305 quanta
1427 2214 1572 2294 astutia,
1602 2229 1635 2286 et
1653 2219 1797 2309 quantis
1821 2234 1934 2309 potest
1955 2239 2104 2295 conatur

1113 2312 1268 2398 viribus,
1297 2328 1335 2383 ut
1350 2315 1554 2407 explicatam
1567 2312 1804 2390 Ecclesiarum
1821 2336 2022 2394 nostrarum
2038 2329 2105 2396 do·

1111 2415 1261 2484 ctrinam
1295 2416 1464 2506 paulatim
1495 2418 1575 2486 aliis
1607 2433 1712 2513 atque
1742 2423 1822 2491 aliis
1853 2422 2104 2518 sycophantice

1111 2516 1302 2598 convulsis,
1327 2542 1390 2589 ceu
1404 2520 1558 2589 rationes
1573 2523 1762 2614 explicatas
1776 2526 1954 2617 dissipatis
1966 2518 2003 2598 et
2019 2554 2105 2607 con·

1112 2619 1199 2687 lusis
1216 2619 1370 2705 calculis,
1398 2637 1529 2694 evertat
1544 2638 1603 2693 aut
1620 2625 1814 2697 labefactet.
1849 2624 1960 2700 Eruta
1976 2655 2104 2721 magno

1114 2723 1234 2791 labore
1247 2737 1352 2815 atque
1370 2726 1509 2794 evoluta
1535 2751 1575 2794 ex
1592 2724 1806 2821 labyrinthis
1827 2732 2010 2803 doctrinae
2025 2760 2104 2804 mo-

1114 2826 1268 2895 nasticae
1305 2842 1339 2897 et
1370 2852 1451 2897 vere
1484 2825 1794 2924 ὀρθοτμηθέντα,
1843 2834 2036 2925 confringit
2065 2861 2104 2905 ac

1113 2927 1313 3017 convincit,
1340 2955 1413 2999 non
1432 2936 1551 3003 κακοῦ
1566 2927 1749 3030 μαγείρου
1763 2927 1890 3030 τρόπῳ
1902 2935 1999 3008 κατὰ
2013 2931 2106 3009 πλά-

1112 3055 1232 3114 τωιά,
1274 3032 1310 3099 id
1343 3048 1412 3116 est,
1453 3035 1611 3117 inscitia,
1651 3039 1710 3104 sed
1748 3034 1996 3136 aevovpya‘e,
2042 3037 2106 3111 καὶ

1112 3125 1265 3224 θράσει,
1298 3131 1361 3203 καὶ
1386 3128 1678 3226 κοβαλικεύμασι
1698 3132 1909 3231 χρώμενος,
1946 3154 1985 3209 ut
2009 3145 2103 3233 apud

1113 3229 1391 3325 Aristophanem
1415 3250 1477 3305 est.
1534 3235 1583 3308 Et
1615 3240 1700 3307 dum
1726 3243 1823 3311 velut
1844 3240 1996 3311 Balaena
2021 3242 2105 3313 Ari-

1114 3332 1320 3427 stophanica
1339 3341 1570 3410 concionatur
1587 3341 1682 3431 gregi
1698 3343 1841 3427 ovium,
1867 3339 1935 3413 hoc
1949 3360 2020 3428 est,
2041 3371 2105 3415 scio

1115 3434 1253 3509 theatro
1270 3443 1440 3528 grunnitu
1460 3443 1591 3512 rabiosi
1607 3469 1645 3512 ac
1660 3447 1833 3514 mordacis
1849 3447 1964 3535 porci,
1992 3473 2107 3517 arma·
2174 3473 2176 3477 ’

1115 3555 1171 3609 tus
1195 3543 1366 3628 tridente,
1398 3568 1470 3614 non
1496 3547 1577 3615 ferit
1599 3548 1818 3617 adversarios
1843 3543 1960 3619 hostes
1983 3546 2107 3619 Eccle-

1115 3667 1246 3713 srarum
1264 3661 1484 3731 nostrarum,
1510 3652 1568 3716 sed
1595 3649 1689 3718 velut
1714 3651 1920 3740 conspirans
1939 3653 2108 3722 cumillis

1115 3746 1240 3838 lupino
1271 3748 1427 3835 loedere,
1467 3750 1503 3817 in
1537 3752 1755 3819 eversionem
1790 3754 1921 3836 nostri,
1962 3755 2107 3844 spiculis

1115 3844 1426 3943 sycophantiarum
1451 3854 1577 3942 pungit
1602 3853 1781 3944 foditque,
1807 3880 1871 3944 ceu
1890 3857 1927 3922 in
1954 3856 2025 3923 acie
2042 3883 2106 3946 op-

1116 3952 1249 4044 positos
1271 3953 1396 4022 iisdem
1427 3957 1472 4025 ab
1496 3951 1664 4023 Ecclesiis
1695 3955 1826 4023 nostris
1856 3958 2108 4043 antagonistas,

1115 4069 1154 4123 ut
1171 4048 1237 4122 hos
1253 4056 1459 4126 dimicantes
1475 4057 1581 4125 simul
1595 4081 1673 4124 cum
1691 4057 1875 4148 utriusque
1893 4075 1926 4127 et
1937 4059 2107 4146 paullatim

1115 4158 1372 4245 languelactos,
1397 4159 1580 4249 geminatis
1597 4158 1725 4227 ictibus
1740 4159 1892 4249 iugulet,
1918 4173 1952 4229 et
1975 4161 2107 4254 siquid

1116 4263 1241 4351 probet
1264 4259 1300 4327 in
1328 4262 1489 4330 doctrina
1513 4274 1748 4354 utrorumque
1771 4278 1909 4342 nostra,
1934 4277 1967 4334 et
1983 4267 2109 4333 adver·

1116 4361 1290 4432 sariorum
1308 4387 1379 4431 non
1396 4377 1551 4447 constat,
1578 4379 1609 4433 et
1635 4359 1729 4434 haud
1748 4365 1840 4447 scio,
1867 4388 1910 4433 an
1938 4390 2009 4432 non
2028 4366 2108 4434 irri-

1117 4466 1197 4533 deat
1210 4479 1398 4557 utramque
1412 4467 1554 4557 pariter.
1608 4464 1735 4553 Quam·
1747 4481 1925 4557 oppugnet
1942 4469 2036 4535 enim
2054 4493 2109 4537 rc-

1117 4567 1305 4655 ligionem,
1329 4583 1365 4637 et
1391 4591 1480 4661 qnos
1503 4585 1700 4662 oppugnet,
1727 4568 1796 4638 Dei
1820 4570 2009 4652 beneficio,
2036 4593 2108 4636 ma-

1117 4671 1284 4739 nifestum
1306 4684 1369 4744 est.
1412 4670 1528 4759 Quam
1554 4674 1678 4762 probet
1702 4685 1735 4742 et
1760 4671 1869 4751 colat,
1904 4695 1976 4738 non
2010 4671 2111 4741 facile

1117 4774 1196 4866 qttis
1212 4773 1351 4842 dixerit.

1218 4907 1364 4998 llorum¹
1376 4935 1458 5001 ergo
1474 4911 1682 5004 exquisitam
1701 4909 1873 4978 malitiam
1889 4934 1967 4979 curn
1986 4910 2109 4978 lremi·
2229 4963 2233 4969 .

1118 5028 1156 5083 tu
1188 5014 1342 5105 quodam
1369 5016 1608 5083 detestabatur
1636 5010 1868 5083 Reverendus
1900 5014 1946 5084 D.
1976 5010 2110 5090 Pastor,

1118 5128 1151 5185 et
1168 5117 1314 5185 vulnera
1341 5118 1547 5207 deplorabat
1563 5138 1724 5205 gemens,
1749 5137 1840 5208 quae
1863 5110 2038 5183 Ecclesiae
2055 5115 2111 5184 in-

1117 5219 1278 5307 fligerent
1288 5270 1300 5302 ,
1328 5234 1520 5311 contraque
1537 5218 1696 5288 crudeles
1713 5231 1747 5286 et
1767 5229 1898 5285 astutas
1917 5219 2112 5285 eorundem
2131 5240 2137 5250 ·

1119 5321 1323 5391 molitiones
1353 5319 1530 5392 Ecclesiae
1555 5318 1681 5390 hanam
1712 5319 1918 5408 regionum,
1959 5333 1991 5390 et
2023 5315 2132 5390 hanc‘

1419 5424 1469 5497 20
