4680 6038
167 205 264 284 coss
408 186 620 271 senum
643 186 724 263 en.
752 184 870 262 utun.
898 183 965 259 an
993 124 1953 261 tltST.PROF.E1'PH1LOS.SPECTANT1a.
2092 183 2181 260 soso

165 367 467 472 inexpugnabilis,
491 378 525 436 et
539 361 617 434 Deo
641 355 734 432 hanc
754 360 903 453 gratiam
924 358 1148 430 referendam
1200 373 1278 431 tom
1293 357 1416 445 evasit,
1440 381 1512 451 quo
1528 354 1631 429 Gotti
1648 379 1729 428 cnm
1744 356 1816 427 iam
1828 382 1899 428 nox
1915 356 2087 440 instaret,
2112 374 2185 447 pro·-

135 453 142 472 .
167 503 261 566 esse,
286 498 332 551 ne
351 471 438 568 quid
454 465 645 539 crudeliter
657 476 718 534 aut
733 462 923 536 libidinose
944 461 1064 545 fieret,
1089 483 1153 551 pe·
1204 461 1304 553 gredi
1319 483 1393 531 non
1411 473 1495 531 sunt
1509 459 1598 530 ausi.
1648 456 1702 529 lta
1719 459 1892 530 divinitus
1906 471 2073 529 servatus
2089 459 2185 531 rediit

169 581 282 679 percit
296 590 330 648 et
347 572 491 645 Gottico
507 565 703 660 praesidio,
731 565 789 635 cui
804 562 994 649 concessit,
1020 575 1061 633 ut
1084 561 1154 631 lide
1204 564 1298 634 intra
1312 561 1413 632 urbis
1427 559 1565 633 Romae
1587 560 1749 646 moenia,
1774 585 1856 631 cum
1879 561 1951 630 iam
1973 559 2124 652 periisse
2136 561 2187 628 di·

171 682 404 779 publicatuto
422 672 628 743 discederet.
667 664 805 737 Interea
821 663 959 738 Romae
972 678 1047 735 erat
1064 661 1157 734 Got-
1206 678 1361 750 ceretur,
1386 687 1427 734 ac
1439 663 1580 734 rediens
1597 662 1729 736 multos
1752 664 1958 736 dubitantes
1971 663 2021 733 ad
2036 661 2185 731 officium

174 801 295 860 torum
315 802 376 848 rex
399 769 626 857 Theodotus,
656 768 719 863 qui
735 792 797 840 seu
818 781 915 839 metu
936 789 997 837 seu
1020 777 1159 856 spretus
1207 765 1397 840 revocavit.

176 912 199 960 a
230 883 301 955 suis
335 902 411 949 non
447 875 594 969 parabat
622 894 660 941 se
692 872 861 942 adversus
904 867 1159 962 peritissimum
1310 866 1435 938 Postea
1451 863 1603 937 durante
1618 865 1824 952 obsidione,
1846 889 1930 938 cum
1951 887 2060 959 saepe
2085 877 2190 936 tenta-

178 985 331 1060 bostem.
389 978 511 1072 ltaque
536 973 700 1045 Gotticus
723 973 895 1044 exercitus
915 970 1054 1040 vicinus
1079 965 1162 1039 urbi
1211 984 1310 1042 retur
1336 968 1573 1060 oppugnatio,
1607 982 1640 1040 et
1668 969 1706 1037 in
1740 967 1827 1062 ipsis
1856 968 2053 1039 moenibus
2079 969 2192 1039 crebra

178 1088 316 1164 Romae
334 1085 443 1152 iratus
460 1073 647 1148 Theodoto
662 1088 755 1145 creat
781 1096 900 1163 regem
918 1066 962 1144 V
958 1069 1082 1167 itigcm
1107 1068 1163 1140 vi·
1212 1071 1345 1167 praelia
1360 1071 1504 1156 fierent,
1525 1095 1598 1141 uno
1620 1070 1678 1140 die
1698 1071 1842 1159 triginta
1863 1066 2065 1140 Gottornm
2087 1070 2193 1141 millia

159 1164 263 1260 ‘rum
279 1184 507 1261 bellicosum,
532 1177 594 1270 qui
610 1177 783 1247 foeliciter
804 1179 951 1247 duxerat
974 1173 1163 1244 exercitum
1214 1175 1406 1268 perierunt.
1455 1168 1510 1242 Ea
1525 1173 1622 1242 clade
1638 1196 1718 1242 cum
1733 1172 1837 1242 fracti
1861 1184 1982 1242 essent
2005 1169 2195 1242 Gottorum

183 1284 586 1372 Theodoricitempore.
622 1278 769 1366 Cognita
786 1277 867 1348 vovi
884 1275 975 1366 regis
996 1274 1165 1346 electione
1216 1277 1349 1361 animi,
1373 1276 1470 1344 lenta
1494 1273 1703 1344 deindefuit
1725 1273 1877 1344 obsidio.
1938 1271 2035 1344 Cum
2058 1274 2195 1342 veroin

185 1414 227 1462 ex
252 1388 342 1459 urbe
363 1382 481 1457 Roma
504 1381 594 1468 lugit
616 1375 822 1450 Theodotus
845 1376 1057 1450 Ravennam
1079 1397 1167 1447 cou-
1216 1379 1305 1450 urbe
1320 1377 1365 1447 ad
1380 1389 1531 1446 caeteras
1550 1375 1708 1444 miserias
1721 1376 1831 1445 sames
1846 1375 2074 1459 accessisset,
2098 1398 2197 1444 vene·

184 1511 365 1571 cessurus,
397 1508 501 1579 quem
527 1478 681 1573 Optares
702 1482 800 1552 iussu
821 1476 953 1569 Vitigis
974 1478 1166 1570 fugientem
1217 1492 1305 1551 runt
1327 1479 1365 1546 in
1389 1477 1623 1567 suspicionem
1644 1474 1832 1548 Senatores
1861 1476 2016 1569 quidam
2037 1473 2200 1561 Romani,
2242 1541 2244 1548 .

185 1589 371 1662 interfecit.
422 1582 598 1676 Cupidius
621 1582 718 1651 enim
741 1576 969 1675 hicOptares
991 1577 1169 1651 mandatis
1220 1595 1254 1652 et
1267 1604 1348 1651 cum
1370 1575 1425 1650 his
1439 1576 1602 1649 Pontifex
1618 1577 1818 1671 Sylverius,
1843 1579 1941 1670 quod
1963 1578 2015 1645 de
2029 1578 2119 1647 urbe
2133 1592 2199 1647 tra-

120 1700 123 1705 ’
185 1692 316 1783 Vitigis
338 1687 474 1781 paruit,
499 1684 582 1781 quja
602 1682 787 1773 coniugem
802 1683 836 1754 ei
855 1684 1049 1768 ademerat,
1074 1702 1171 1750 eam·
1221 1684 1337 1755 denda
1357 1705 1438 1752 cum
1455 1678 1575 1751 Gottis
1594 1694 1749 1770 agerent.
1797 1678 1920 1768 Quare
1944 1676 2143 1749 Belisarius
2169 1693 2201 1750 et

187 1817 256 1890 que
271 1790 372 1862 alteri
390 1787 540 1878 pecunia
556 1798 742 1878 corruptus
758 1785 964 1857 tradiderat.
1015 1783 1068 1856 Ita
1085 1805 1171 1874 poo-
1221 1783 1428 1855 Pontificem
1451 1795 1485 1852 et
1509 1781 1597 1852 alios
1621 1781 1683 1875 qui
1706 1782 1858 1852 accusati
1876 1781 2048 1862 fuerant,
2071 1781 2107 1848 in
2129 1781 2200 1850 exi·

186 1917 251 1964 nas
264 1892 363 1964 dedit
378 1884 585 1960 Theodatus
602 1910 682 1957 cum
697 1887 848 1957 aliorum
874 1886 1068 1972 scelerum,
1093 1898 1169 1955 tum
1222 1888 1311 1958 lium
1333 1884 1452 1965 misit,
1478 1898 1513 1957 et
1537 1905 1770 1954 successorem
1792 1882 1892 1953 dedit
1914 1880 2084 1977 Sylverio
2102 1881 2198 1972 l'igi-

188 1991 457 2085 ingratitudinis
484 2012 565 2079 erga
592 1984 902 2060 Amalosuntham.
962 1986 1072 2059 Venit
1094 1982 1173 2056 Ro·
1222 1989 1331 2073 lium‚
1356 1986 1419 2081 qui
1439 1985 1553 2057 luerat
1568 1982 1757 2060 Diaconos.
1808 1982 1974 2055 Haecin
2000 1982 2096 2053 libro
2119 2009 2201 2076 qoo-

173 2144 174 2147 =
190 2121 284 2167 mam
299 2092 511 2180 Belisarius,
536 2104 570 2162 et
586 2112 663 2160 eam
679 2090 817 2182 magnis
832 2089 1001 2184 operibus
1016 2088 1157 2160 muniit.
1224 2089 1542 2184 queDecretorum,
1566 2100 1607 2157 ut
1621 2088 1843 2171 nominatur,
1867 2085 2084 2170 recitantur,
2109 2109 2204 2156 causa

1224 2193 1284 2266 23.
1301 2203 1433 2286 quaest.
1451 2187 1488 2264 4.
1517 2188 1579 2259 ubi
1601 2187 1782 2284 Sylverius
1815 2201 1940 2259 narrat
1964 2210 2005 2256 se
2028 2201 2205 2278 propterea

298 2291 443 2388 Vittges
465 2306 612 2388 quartus
635 2317 696 2364 rex
712 2290 905 2365 Gottorum
927 2291 1087 2384 regnavit
1109 2314 1175 2361 an·
1226 2307 1349 2366 contra
1379 2290 1591 2362 Belisarium
1619 2304 1655 2362 et
1678 2289 1850 2382 Vigilium
1885 2288 2048 2360 edidisse
2078 2289 2204 2360 tulmen

192 2423 259 2470 nos
281 2399 451 2492 quinque.
503 2393 557 2466 Ac
580 2395 666 2466 belli
685 2392 820 2466 Gottici
844 2396 983 2487 epitasis
1008 2394 1047 2464 in
1068 2389 1176 2465 huius
1226 2393 1611 2468 excommunicationis.
1906 2389 1908 2392 ’

192 2499 344 2590 Vitigis,
366 2513 401 2568 et
417 2499 547 2566 deinde
562 2495 702 2568 Totilae
717 2510 874 2590 tempora
892 2496 1030 2583 incidit,
1053 2495 1091 2564 io
1106 2517 1176 2589 qua
1327 2495 1463 2586 Vitiges
1478 2496 1620 2566 tandem
1635 2493 1763 2565 omissa
1777 2492 1972 2566 obsidione
1980 2490 2124 2566 Romae
2136 2517 2205 2563 cum

195 2605 321 2691 ingens
336 2597 458 2669 ltaliae
470 2598 620 2668 vastatio
635 2598 725 2667 lacta
741 2612 804 2672 est.
828 2595 946 2670 Roma
961 2621 1062 2690 saepe
1076 2611 1176 2689 capta
1228 2599 1381 2691 sexagies
1396 2597 1522 2690 septies
1543 2597 1597 2667 ibi
1617 2597 1823 2667 dimicatum
1846 2609 1964 2687 esset,
1993 2596 2095 2667 ducit
2119 2619 2207 2665 exer·

195 2717 261 2774 est.
311 2698 559 2769 Mediolanum
575 2699 735 2769 funditus
752 2698 906 2768 deletum
921 2722 941 2768 a
959 2696 1089 2784 Gottis,
1113 2695 1178 2791 qui
1228 2703 1337 2774 citum
1357 2701 1402 2771 ad
1425 2698 1725 2792 oppugnationem
1744 2696 1914 2774 Arimini.
1971 2695 2103 2768 Postea
2122 2698 2208 2767 obsi-

198 2800 345 2891 triginta
365 2799 478 2868 millia
502 2798 633 2869 civium
656 2797 709 2868 ibi
730 2798 1001 2887 interfecerunt,
1025 2798 1119 2872 Sunt
1144 2811 1178 2870 et
1229 2803 1378 2875 dionum
1395 2813 1429 2872 et
1444 2801 1668 2873 deditionum
1685 2799 1804 2869 variae
1818 2799 1913 2869 vices
1928 2799 2093 2872 fuerunt.
2135 2797 2208 2868 Me·

197 2901 287 2974 aliae
303 2901 435 2972 multae
450 2901 555 2971 urbes
567 2899 737 2994 utrinque
753 2914 885 2992 captae,
910 2900 1029 2988 magni
1045 2901 1178 2971 exerci·
1228 2905 1413 2976 diolanum
1430 2903 1570 2975 etiams
1589 2899 1709 2974 Gottis
1724 2900 1880 2972 deletum
1905 2914 1987 2988 est,
2012 2923 2132 2988 magur
2156 2898 2205 2969 ibi

197 3017 255 3075 tus
278 3002 465 3103 trucidati,
494 3024 621 3091 magna
645 3002 839 3074 multitudo
863 2997 1050 3072 hominum
1067 3003 1177 3093 pesti·
1228 3009 1334 3078 caede
1361 3008 1465 3079 facta.
1521 3002 1682 3074 'l'andem
1707 3003 1751 3072 ad
1777 2999 1998 3074 Ravennam
2024 3001 2207 3072 Belisarius

196 3104 306 3175 lentia
322 3115 356 3173 et
372 3103 463 3173 lame
478 3102 663 3194 absumpta
680 3115 750 3188 est,
775 3116 903 3174 matres
925 3102 1085 3174 filiorum
1100 3128 1178 3175 car-
1229 3107 1392 3193 accessit,
1416 3105 1481 3178 ubi
1494 3106 1659 3195 granaria
1681 3105 2005 3193 conflagraverunt.
2059 3102 2112 3174 lbi
2137 3128 2208 3173 cum

197 3206 305 3278 nibus
320 3206 358 3272 in
374 3203 517 3293 Liguria
533 3218 651 3297 pastae
665 3204 879 3279 scribuntur.
1229 3212 1273 3281 de
1289 3209 1383 3300 pacis
1397 3207 1662 3279 conditionibus
1676 3229 1777 3299 saepe
1790 3206 1976 3300 colloquia
1990 3200 2209 3289 haberentur,

171 3336 180 3349 ·
299 3304 447 3377 Initium
462 3320 578 3375 autem
593 3306 772 3375 bellicum
790 3303 908 3397 Vltige
933 3305 1021 3397 gesti
1040 3304 1178 3379 Romae
1229 3306 1371 3385 tandem
1401 3322 1514 3381 astute
1542 3307 1736 3379 Belisarius
1764 3307 1945 3396 obtinuit,
1981 3321 2025 3380 ut
2047 3305 2208 3380 Ravenna

198 3409 330 3480 factum
345 3421 416 3491 est,
442 3430 548 3499 quam
565 3405 703 3496 Vitiges
725 3431 820 3478 anno
844 3406 981 3498 integro
998 3423 1032 3478 et
1053 3410 1179 3480 diebus
1229 3416 1435 3493 dederetur,
1458 3411 1498 3480 in
1512 3435 1582 3505 qua
1599 3424 1674 3483 erat
1685 3408 1834 3501 Vitiges,
1859 3434 1974 3503 quem
1988 3423 2136 3505 captum
2150 3406 2207 3480 bo·

196 3533 326 3579 novem
355 3509 503 3578 obsedit.
570 3506 687 3580 Multa
710 3509 760 3577 ibi
782 3531 908 3599 magna
935 3510 1068 3600 praelia
1088 3511 1179 3583 lacta
1229 3516 1373 3585 norilice
1387 3513 1552 3587 custodit.

199 3624 295 3681 sunt.
346 3608 389 3679 ln
414 3610 528 3701 primo
561 3623 677 3679 autem
702 3610 852 3680 maxime
880 3611 992 3682 virtus
1014 3609 1180 3683 Belisarii
1330 3611 1410 3686 Etsi
1429 3626 1547 3685 autem
1570 3612 1732 3683 nondum
1758 3624 1831 3684 tota
1855 3609 1964 3685 ltalia
1988 3628 2206 3705 pacauerat,

198 3725 383 3802 conspecta
408 3724 472 3780 est.
521 3705 849 3802 EnercitusVitigis
874 3725 950 3783 erat
978 3727 1121 3784 centum
1144 3727 1180 3786 et
1230 3732 1266 3791 et
1278 3713 1394 3787 adbuc
1408 3716 1537 3788 multas
1557 3715 1663 3786 urbes
1677 3714 1722 3783 ad
1740 3711 1876 3784 Padurn
1891 3730 1929 3786 et
1944 3713 2103 3789 Athesin
2118 3715 2206 3788 Go‘ti

198 3811 456 3904 quinquaginta
473 3810 626 3879 millium
648 3808 841 3882 Gottorum
862 3814 990 3884 robore
1005 3828 1040 3886 et
1053 3814 1179 3906 peritia
1230 3821 1415 3894 tenebant:
1441 3830 1558 3888 tamen
1572 3815 1655 3909 quia
1670 3813 1855 3886 inclinatio
1870 3840 2032 3908 magnae
2048 3818 2207 3913 potentias

200 3912 253 3983 rei
267 3913 429 3981 militaris
446 3911 704 3982 excellentium.
752 3909 803 3980 Hi
821 3937 900 3983 cum
923 3915 1095 3986 vidissent
1109 3914 1181 3986 Be·
1232 3919 1395 3992 Gotticae
1424 3917 1589 3989 Belisarii
1619 3916 1777 3987 consiliis
1798 3930 1834 3989 et
1855 3917 1995 3991 virtute
2016 3923 2110 3993 facta
2136 3933 2206 4004 erat,

198 4014 310 4084 lisarii
324 4014 533 4099 exercitum,
558 4013 622 4107 qui
636 4035 792 4104 egressus
806 4028 881 4086 erat
895 4016 941 4086 ad
966 4017 1180 4110 speculanda
1230 4024 1306 4116 ipse
1318 4019 1654 4112 Constantinopolin
1667 4017 1771 4100 redit,
1792 4033 1824 4090 et
1840 4042 1883 4088 eo
1897 4017 2069 4113 Vitigem
2083 4037 2205 4115 esptuu

197 4109 354 4185 hostium
387 4127 519 4200 eastra,
558 4127 760 4206 contempta
795 4116 977 4209 paucitate
1005 4118 1180 4210 praelium
1230 4123 1389 4196 abduxit
1438 4119 1657 4194 Revocatnm
1671 4134 1787 4193 autem
1802 4121 2009 4196 scribunta
2025 4124 2207 4198 lastiniam

198 4216 304 4288 cient.
350 4211 399 4287 Et
417 4215 499 4309 quia
522 4216 776 4306 agnoscebatur
798 4241 908 4312 equus
929 4215 1093 4291 Belisarii
1112 4222 1181 4312 gil·
1230 4238 1377 4319 propter
1397 4224 1531 4294 bellum
1550 4219 1734 4293 Persicum
1749 4245 1769 4293 a
1782 4219 1919 4294 Cosroe
1941 4240 2102 4303 motum,
2146 4224 2208 4301 Sed

199 4340 266 4385 vus
280 4330 315 4385 et
331 4316 411 4386 albo
432 4316 563 4406 capite,
589 4314 691 4389 Gotti
709 4330 803 4388 recte
827 4319 1065 4393 existimantes
1089 4325 1180 4394 duce
1232 4327 1394 4399 existimo
1408 4324 1549 4396 facilius
1563 4346 1605 4393 ex
1620 4321 1721 4395 ltalia
1741 4324 1822 4394 essm
1844 4324 2058 4399 discessisse
2079 4341 2208 4421 propter

200 4414 387 4487 interfecto
403 4416 542 4484 facilem
561 4417 638 4487 lore
661 4417 867 4504 victoriam,
892 4443 966 4491 sese
988 4417 1181 4495 cohortan·
1230 4426 1420 4501 Iustiniani
1447 4425 1684 4517 suspicionem
1706 4438 1742 4497 et
1762 4439 1988 4499 caeterorum
2012 4431 2143 4501 ducum
2158 4426 2207 4499 lo·

198 4528 279 4634 tur,
303 4528 345 4587 ut
365 4539 471 4633 quam
493 4516 640 4606 plurimi
663 4520 866 4609 conglobati
889 4521 928 4590 in
949 4547 1064 4594 unum
1083 4520 1180 4597 hunc
1230 4525 1361 4601 bannis
1374 4525 1574 4609 etNarsetls
1588 4526 1890 4611 malevolentiam,
1914 4553 2078 4623 quorum
2093 4530 2210 4602 volun·

200 4632 372 4710 impetum
394 4617 546 4701 sacrant,
577 4620 746 4690 continuo
769 4621 926 4692 clamore
943 4619 1036 4695 hanc
1056 4651 1181 4698 vocem
1231 4645 1320 4705 tates
1333 4631 1379 4702 ab
1395 4654 1437 4699 eo
1452 4629 1626 4708 alienatae
1639 4640 1761 4710 erant,
1786 4628 1878 4702 sicut
1891 4631 2130 4706 excellentem
2143 4633 2208 4702 vir·

201 4732 383 4789 sonantes:
435 4716 478 4787 ln
494 4715 636 4804 Falam,
659 4719 697 4788 id
718 4735 789 4806 est,
810 4723 946 4813 gilvum
963 4748 1106 4819 equum.
1230 4748 1341 4807 tutem
1357 4728 1492 4810 invidia
1509 4730 1709 4801 comitatur.

301 4819 448 4911 Semper
471 4832 588 4888 autern
611 4819 722 4890 veteri
739 4819 916 4895 Laconico
938 4850 1038 4899 more
1058 4831 1179 4921 proxi·
1331 4831 1376 4903 ln
1391 4828 1488 4902 bunc
1502 4829 1654 4922 vitigem
1670 4830 1863 4902 adductum
1874 4827 2206 4929 Constantinopoli

200 4942 277 4990 mos
301 4921 395 5011 apud
424 4942 460 4988 se
483 4919 635 4992 delectos
664 4921 800 5014 equites
825 4919 952 4997 babuit
975 4924 1179 5022 Belisarius,
1228 4931 1446 5008 Iustinianus
1468 4927 1562 5003 nihil
1586 4955 1707 5024 aspere
1727 4931 1935 5020 constituit,
1959 4935 2052 5030 quis
2071 4936 2206 5029 perfidis

201 5021 406 5090 excellentes
418 5020 649 5107 fortitudine,
675 5021 819 5092 scientia
845 5026 895 5096 rei
911 5027 1095 5124 militaris,
1120 5036 1179 5107 iu·
1229 5059 1375 5110 suorum
1399 5046 1521 5125 captus
1543 5045 1629 5108 erat.
1693 5030 1779 5106 ldeo
1801 5047 1951 5125 propter
1977 5039 2207 5110 reverentis·

201 5120 298 5191 sticia
315 5122 436 5191 etlide.
487 5117 615 5238 Abbir
630 5139 713 5195 tunc
730 5148 869 5217 quoque
886 5129 1037 5201 fideliter
1054 5140 1178 5208 delen·
1227 5138 1314 5229 regii
1330 5136 1484 5208 nominis
1497 5135 1582 5207 iecit
1604 5158 1686 5207 eum
1712 5134 1914 5227 patricium.
1965 5136 2076 5210 Gotti
2102 5160 2206 5231 regen

202 5243 260 5290 sus
275 5237 345 5338 est,
371 5236 405 5293 et
423 5238 592 5338 pugnant
608 5225 681 5313 ipse
696 5250 760 5294 suo
775 5225 852 5295 loco
875 5229 1085 5322 fortissime,
1105 5242 1176 5309 'do-
1226 5254 1390 5310 crearunt
1403 5230 1653 5319 Ildobodum,
1679 5236 1743 5330 qui
1766 5259 1847 5307 cnm
1863 5233 2002 5326 Vitigis
2024 5257 2206 5334 cognatu·

199 5343 317 5392 necm
334 5323 458 5394 collem
479 5326 667 5397 mtervallo
691 5326 900 5400 mediocria
923 5333 1045 5412 castris
1069 5339 1174 5415 dissi-
1223 5338 1473 5427 interfecisset,
1502 5360 1577 5410 non
1600 5338 1737 5415 diutius
1758 5361 1854 5411 auno
1884 5343 2070 5431 regnavit.
2127 5341 2205 5417 tta·
