4680 6038
66 260 146 339 cea
393 334 397 342 ,
503 348 507 355 f
837 251 1350 337 rnorostrrouus
2034 236 2114 355 'tas

169 429 336 505 Lxxtx.
368 430 478 523 Quod
492 443 527 505 et
542 429 608 503 ubi
623 424 855 518 sitEcclesia,
879 454 922 502 ex
936 430 1065 502 defini·
1115 433 1335 509 sensionum.
1387 432 1514 511 Manet
1529 438 1626 510 enim
1648 442 1784 539 aliquid
1810 444 1972 539 caliginis
1994 462 2029 521 ει
2050 450 2109 521 in·

65 537 167 609 tione
183 536 336 627 intelligi
351 549 477 630 potest.
516 531 761 607 certissimam
788 546 841 608 est
862 534 960 606 enim
980 536 1063 607 illos
1115 536 1291 609 firmitatis
1306 539 1347 610 in
1362 541 1510 627 sanctia,
1535 540 1711 618 etPaulus
1727 549 1862 643 inquit:
1887 550 2052 624 infirmos
2067 555 2108 625 in

65 636 234 713 homines
254 654 289 711 et
312 640 397 711 illos
423 652 542 711 coetus
564 652 639 708 non
663 658 737 707 esse
760 633 956 709 Ecclesiam
982 637 1062 721 Dei,
1114 639 1182 710 lide
1196 642 1383 730 assumite,
1403 641 1558 716 Roman.
1572 648 1850 744 decimoquarto.

64 744 130 839 qui
144 757 207 816 aut
218 767 363 836 prorsus
378 743 544 834 ignorant
554 737 804 832 Evangelium‚
830 755 892 814 aut
905 741 1062 836 aliquem
1213 740 1381 824 Lxxxt.
1423 744 1480 819 Ad
1500 750 1670 823 unitatem
1687 748 1866 826 Ecclesiae
1882 781 2107 853 nequaqnam

64 847 259 919 articulum
290 846 532 927 fundamenti,
567 844 605 914 id
637 857 710 931 εει,
745 844 902 940 aliquem
930 845 1062 917 articu—
1112 847 1308 918 necessaria
1327 863 1381 922 εει
1402 849 1601 923 similitudo
1625 859 1907 929 ceremoniarum
1928 855 2106 932 bumana-

64 950 142 1021 lum
159 949 262 1032 lidei,
288 963 350 1023 aut
366 944 739 1038 doctrinamDecalogi
755 962 975 1040 oppugnant,
999 960 1061 1019 aut
1113 973 1215 1031 rum,
1240 950 1321 1024 ideo
1341 952 1558 1027 dictumest:
1590 953 1705 1027 Nemo
1726 983 1790 1031 vos
1811 974 1936 1053 arguat
1960 962 1998 1032 in
2022 964 2103 1036 cibo

63 1052 252 1123 manifesta
277 1052 372 1126 idola
396 1053 606 1125 defendunt.
664 1048 736 1122 llic
758 1064 844 1124 nota
868 1052 940 1122 sint
962 1051 1062 1135 testi·
1113 1064 1147 1123 et
1167 1065 1275 1145 potu,
1303 1054 1344 1125 in
1364 1055 1494 1128 ritibus
1515 1058 1656 1128 dierum
1678 1061 1864 1135 festorum.
1914 1063 2017 1137 Hanc
2037 1068 2105 1141 do-

63 1154 189 1231 monia
204 1150 376 1228 lobannis
391 1156 538 1252 quinto:
573 1152 646 1242 Qui
662 1178 736 1226 non
760 1149 914 1226 honorat
935 1154 1061 1241 lilium,
1112 1157 1262 1228 ctriuam
1277 1157 1361 1228 sciri
1379 1183 1520 1231 necesse
1534 1173 1598 1248 est,
1623 1164 1744 1234 ne'alii
1758 1167 1997 1238 condemnent
2013 1170 2104 1241 alios

63 1278 141 1331 non
179 1252 336 1331 honorat
362 1272 511 1354 patrem.
573 1255 685 1346 Item,
718 1261 751 1330 1.
775 1253 984 1331 Corinthios
1007 1258 1059 1333 &a
1111 1272 1259 1352 propter
1279 1260 1589 1335 dissimilitudines
1618 1264 1658 1334 in
1687 1266 1817 1338 ritibus
1836 1262 2022 1356 humanis,
2061 1285 2105 1345 ιιι

64 1356 358 1437 Fundamentum
371 1362 471 1435 aliud
485 1360 571 1456 poni
589 1385 663 1431 non
682 1375 813 1454 potest,
837 1385 945 1455 quam
961 1363 1059 1455 qpod
1112 1375 1194 1435 sunt
1208 1365 1452 1437 contentiones
1467 1367 1511 1436 de
1529 1390 1621 1459 pane
1639 1391 1783 1462 azymo,
1814 1371 1858 1440 de
1880 1372 2105 1460 fermentato,

65 1466 226 1559 positum
256 1479 330 1553 εει,
368 1467 466 1560 quod
493 1477 545 1537 εει
570 1461 678 1535 Iesus
700 1454 887 1537 Christus.
956 1463 1058 1550 Item,
1110 1467 1156 1535 de.
1177 1466 1340 1552 ieiuniis,
1366 1469 1411 1539 de
1425 1468 1631 1540 discrimine
1650 1471 1825 1546 ciborum.
1875 1471 1966 1545 Vult
1983 1487 2103 1546 autem
2199 1516 2223 1535 -·

67 1564 189 1643 Galat.
209 1571 260 1640 1.:
294 1567 431 1664 Siquis
451 1569 549 1640 aliud
567 1564 803 1659 Evangelium
825 1571 947 1654 docet,
973 1591 1060 1637 ana·
1111 1569 1269 1659 conspici
1293 1567 1389 1641 Deus
1414 1572 1616 1645 libertatem
1634 1572 1674 1642 in
1694 1568 1751 1644 his
1772 1574 1901 1647 ritibus
1924 1571 2104 1659 humanis,

66 1666 187 1743 thema
200 1671 257 1745 sit.
306 1670 465 1745 Tantum
481 1671 590 1762 igitur
606 1670 661 1742 illi
677 1666 840 1744 bomines
858 1686 892 1743 et
908 1672 963 1743 illi
979 1694 1060 1742 coe·
1112 1695 1158 1741 ne
1173 1673 1385 1744 delabantur
1399 1669 1563 1746 homines
1586 1675 1626 1744 iu
1647 1700 1784 1748 errores
1804 1672 2042 1768 pharisaicos‚
2068 1693 2104 1752 et

66 1788 123 1845 tus
146 1788 233 1847 suut
255 1776 415 1847 membra
430 1770 625 1861 Ecclesiae,
648 1776 856 1870 ubicunque
871 1791 971 1861 sunt,
997 1773 1061 1866 qui
1112 1787 1238 1868 putent
1252 1776 1339 1846 tales
1358 1791 1517 1848 externas
1540 1779 1804 1849 observationes
1828 1803 1903 1851 esse
1925 1781 2103 1853 iusticiam

65 1876 330 1968 amplectuntur
356 1874 545 1969 Evangelii
574 1878 773 1951 doctrinam
806 1879 1061 1970 incorruptam,
1112 1873 1317 1969 Evangelii,
1356 1879 1441 1949 item
1463 1902 1537 1950 esse
1559 1880 1682 1952 merita
1703 1881 1921 1955 remissionis
1943 1898 2104 1978 pcccato-

66 1992 103 2051 at
118 1992 324 2078 quanquam
341 1981 402 2053 alii
419 1982 500 2074 plus
513 1981 576 2051 alii
593 1982 712 2052 minus
727 1980 818 2052 lucis
831 1976 983 2067 bahent,
1008 1994 1064 2051 ta·
1112 2004 1205 2050 rum.
1255 1978 1414 2053 lustinus
1428 1984 1618 2076 respondet
1633 1980 1764 2055 Iudaeo
1781 1987 1954 2078 pugnanti
1969 1988 2013 2058 de
2028 2010 2104 2059 ser·

67 2104 161 2151 meu
184 2106 323 2156 necesse
350 2098 403 2157 est
430 2108 490 2155 eos
520 2084 675 2155 'retinere
704 2084 997 2168 fundamentum,
1027 2092 1063 2152 ει
1113 2083 1240 2154 randis
1263 2084 1490 2170 ceremoniis,
1524 2080 1688 2156 Christus
1719 2098 1771 2157 cst
1801 2101 1922 2158 nostra
1950 2088 2022 2160 lex:
2063 2088 2103 2159 id

10 2184 14 2195 '
67 2207 192 2256 omnes
205 2187 374 2259 articulos
389 2186 491 2271 fidei,
515 2182 910 2275 doctrinamDecalogi,
936 2199 970 2257 et
987 2207 1062 2256 nou
1113 2184 1247 2257 dictum
1263 2187 1385 2258 dextre
1401 2186 1621 2259 intellectum
1636 2188 1876 2259 dulcissimam
1901 2191 2103 2261 doctrinam

64 2285 297 2378 pertinaciter
313 2289 502 2359 defendere
516 2287 624 2359 idola.
657 2286 739 2358 Huc
752 2288 930 2381 pertinent
949 2288 1060 2359 dict'a:
1115 2289 1291 2375 continet,
1316 2291 1376 2361 sed
1393 2287 1468 2382 ipse
1481 2290 1525 2359 de
1549 2291 1758 2362 ceremoniis
1773 2293 1943 2384 loquitur.
1994 2287 2103 2364 Chri-

10 2400 13 2453 ζ
64 2381 165 2459 Oves
187 2415 286 2463 meae
305 2404 428 2462 vocem
447 2414 564 2461 meam
578 2392 741 2466 audiunt.
792 2387 898 2462 ltemr
924 2389 1062 2483 Siquis
1113 2403 1188 2461 stus
1224 2404 1276 2463 est
1307 2393 1381 2479 lex,
1417 2392 1552 2463 scilicet
1580 2393 1743 2484 impleta,
1784 2394 1858 2485 ipse
1885 2394 2103 2485 significatur

64 2488 186 2581 diligit
205 2518 282 2579 mc,
315 2515 519 2565 sermonem·
543 2516 665 2563 meum
691 2492 864 2579 servabit,
904 2505 940 2564 et
961 2505 1062 2587 pater
1112 2516 1204 2583 agno
1224 2507 1396 2580 mactato,
1427 2509 1461 2566 et
1482 2494 1597 2586 ipsum
1621 2490 1790 2565 habentes
1810 2490 1981 2568 habemus
2004 2496 2103 2590 quod

64 2614 167 2665 meus
180 2595 304 2685 diliget
319 2619 419 2678 eum,
445 2594 678 2667 etveniemus
701 2598 872 2683 adeum,
896 2609 933 2667 et
954 2618 1061 2666 man-
1114 2596 1170 2665 lex
1202 2595 1431 2687 significavit,
1464 2596 1554 2667 sicut
1585 2610 1619 2667 et
1641 2594 1774 2669 Paulus
1798 2598 1931 2693 inquit:
1971 2596 2103 2691 Legem

65 2694 205 2769 sionem
218 2698 314 2788 apud
328 2721 410 2769 eum
423 2698 607 2770 iaciemus.
1113 2698 1221 2768 luisse
1248 2700 1430 2782 umbram,
1476 2696 1614 2791 Corpus
1642 2713 1758 2771 autem
1790 2723 1863 2771 csse
1895 2690 2103 2775 Christum.

169 2798 318 2874 LXXX.
360 2799 433 2872 llic
463 2800 533 2871 iam
561 2800 646 2873 sciri
668 2813 828 2892 oportet,
867 2799 984 2895 qualia
1015 2800 1061 2871 sit
1112 2800 1244 2872 Dentre
1259 2813 1376 2872 autem
1392 2802 1651 2873 accommodari
1665 2804 1709 2873 ad
1722 2816 1830 2875 totam
1849 2805 1961 2896 legem
1977 2819 2102 2896 potest.

64 2924 155 2973 vera
167 2896 337 2978 Ecclesia.
379 2902 552 2975 Libenter
568 2905 664 2974 enim
688 2918 875 2975 cernerent
898 2900 1061 2975 homines
1113 2898 1277 2976 Christus
1301 2917 1423 2976 nostra
1447 2904 1503 2974 lex
1520 2918 1588 2991 est,
1614 2905 1746 2977 scilicet
1766 2906 1927 2998 impleta,
1962 2907 2046 3002 quia
2067 2923 2103 2983 ει

66 3006 296 3079 coniunctam
311 3009 425 3077 forma
447 3007 549 3098 regni
563 3007 718 3100 politici,
742 3008 930 3079 florentem
947 3007 1061 3098 impe-
1113 3008 1268 3095 merito„'
1292 3030 1355 3078 scu
1381 3006 1617 3099 imputatione
1644 3021 1678 3079 ει
1703 3009 2023 3081 communicatione
2045 3011 2102 3083 sui

65 3111 145 3199 rio,
194 3110 285 3181 sicut
313 3106 485 3203 Episcopi
512 3112 767 3181 transformant
791 3106 986 3181 Ecclesiam
1021 3109 1061 3179 in
1113 3132 1175 3180 scu
1190 3110 1374 3181 effectione
1391 3110 1568 3186 iustificat.
1618 3106 1774 3182 Exhibet
1790 3112 1899 3202 igitur
1926 3115 2024 3207 quod
2045 3114 2102 3185 lex

65 3236 220 3311 regnum
241 3212 448 3304 politicum,
488 3216 549 3283 sed
574 3209 683 3284 habet
703 3208 861 3283 Ecclesia
887 3213 1059 3304 quaedam
1112 3212 1351 3301 significabat,
1383 3212 1467 3304 quia
1489 3236 1610 3282 sumus
1630 3212 1733 3297 iusti,
1765 3213 1802 3282 id
1827 3226 1897 3299 est,
1931 3209 2103 3287 habentes

65 3340 152 3387 vera
176 3316 295 3409 signa,
321 3315 452 3411 quibus
473 3317 614 3407 agnosci
633 3328 765 3409 potest:
791 3313 925 3384 Vocem
937 3309 1061 3383 Evan-
1112 3314 1355 3384 remissionem
1375 3327 1598 3406 peccatorum
1620 3327 1654 3386 ct
1672 3313 1995 3387 reconciliationem
2019 3340 2104 3410 pro-

66 3419 153 3512 gelii
189 3420 453 3512 incorruptam,
490 3419 667 3509 legitimos
693 3441 779 3489 usus
811 3415 1060 3489 Sacramenta·
1111 3430 1191 3509 pter
1218 3416 1468 3500 mediatorem,
1509 3414 1626 3488 Deum
1659 3429 1694 3487 et
1719 3412 1901 3487 bominem
1934 3418 2025 3499 fide,
2066 3430 2104 3490 ει

66 3546 172 3609 rum,
196 3535 233 3593 et
255 3522 495 3592 obedientiam
520 3522 676 3591 debitam
699 3519 912 3591 ministerio.
963 3516 1061 3588 Haec
1112 3519 1220 3589 simul
1235 3513 1406 3589 habentes
1420 3519 1535 3612 ipsum
1557 3519 1618 3613 qui
1641 3519 1680 3587 in
1705 3519 1809 3589 nobis
1829 3532 1881 3589 est
1903 3520 2042 3601 efficax,
2067 3533 2104 3593 et

66 3628 172 3717 signa
201 3625 348 3697 auribus
380 3636 414 3694 et
446 3623 557 3694 oculis
587 3623 739 3694 iudicari
762 3636 931 3717 possunt,
969 3644 1060 3715 quae
1113 3621 1269 3692 vivificat
1297 3645 1362 3691 nos
1390 3623 1435 3697 ad
1467 3621 1576 3690 vitam
1607 3635 1805 3708 aeternam,
1847 3622 1938 3695 sicut
1961 3622 2099 3717 inquit:
2192 3646 2196 3655 ·

66 3728 217 3823 quidem
231 3741 265 3799 et
280 3749 420 3797 necesse
434 3740 485 3797 est
500 3725 736 3812 considerari,
760 3740 802 3797 ut
814 3724 977 3809 sciamus,
1003 3722 1061 3793 cui
1113 3720 1190 3814 Ego
1207 3724 1317 3794 vitam
1334 3737 1511 3794 aeternam
1528 3724 1574 3793 do
1591 3723 1651 3799 cis.

68 3830 191 3903 coetui
206 3855 271 3902 nos
285 3830 478 3918 adiungere
493 3830 694 3903 debeamus.
744 3826 818 3901 Nec
831 3827 982 3898 dubium
999 3838 1063 3910 est,
1213 3823 1399 3901 Lxxxtt.
1432 3823 1474 3895 ln
1492 3825 1775 3898 consideratione
1790 3827 1904 3922 qualis
1920 3826 1966 3899 sit
1978 3822 2104 3898 Eccle-

70 3933 114 4001 in
131 3925 189 4003 bis
201 3932 288 4026 ipsis
303 3931 461 4003 coetibus
482 3933 621 4026 aliquos
645 3955 718 4001 esse
743 3932 891 4017 electos,
924 3927 1062 4000 etiamsi
1113 3929 1184 4014 sia,
1210 3951 1350 3998 necesse
1366 3943 1418 4000 est
1433 3929 1537 3999 etiam
1555 3928 1661 4013 scire,
1687 3929 1727 3997 in
1747 3924 1813 3998 hac
1833 3930 1906 4000 vita
1929 3928 2104 3999 admixtos
2127 3922 2130 3929 ’

67 4034 179 4105 multi
196 4036 344 4107 admixti
368 4048 472 4120 sunt,
512 4034 671 4130 quinon
694 4046 778 4105 sunt
802 4031 932 4116 sancti,
965 4032 1061 4100 iuxta
1114 4053 1189 4102 esse
1209 4030 1339 4101 sanctis
1360 4031 1491 4101 multos
1512 4054 1586 4099 non
1611 4042 1769 4114 sanctos,
1802 4031 1887 4101 item
1909 4030 2104 4101 subiectam

66 4137 207 4209 dictum
228 4134 354 4208 Esaiae
380 4136 514 4229 primo:
552 4136 631 4207 Nisi
653 4137 834 4207 Dominus
862 4133 1064 4228 reliquisset
1114 4157 1188 4204 esse
1211 4133 1307 4203 cruci
1334 4146 1369 4203 et
1395 4157 1550 4225 sparsam
1573 4131 1611 4199 in
1633 4131 1772 4202 diversa
1796 4131 1924 4200 mundi
1943 4131 2105 4223 imperia,

67 4238 179 4311 nobis
194 4263 335 4324 semen,
360 4241 451 4310 sicut
468 4239 622 4310 Sodoma
640 4262 806 4313 essemus.
855 4234 903 4308 Et
919 4239 964 4306 ad
979 4235 1064 4307 uni·
1115 4261 1179 4306 nec
1201 4231 1396 4326 Evangelio
1425 4234 1593 4305 constitui
1621 4257 1735 4304 unum
1765 4233 1913 4327 aliquod
1941 4254 2104 4322 regnum,

68 4356 181 4414 tatem
196 4338 375 4413 Ecclesiae
391 4363 584 4413 consensus
602 4342 640 4410 in
663 4336 720 4410 his
743 4341 857 4412 tribus
875 4340 980 4410 rebus
999 4362 1064 4407 ne·
1116 4339 1213 4430 qnod
1251 4336 1495 4429 corporalibus
1534 4335 1719 4429 praesidiis
1756 4336 1923 4406 defendat
1955 4348 2106 4407 sanctos.

69 4444 247 4516 cessarius
268 4460 338 4530 est,
371 4444 551 4529 videlicet,
585 4445 623 4512 in
646 4442 805 4513 doctrina
831 4440 1065 4524 fundamenti,
1114 4439 1211 4511 Haec
1227 4441 1315 4510 scire
1330 4461 1470 4510 necesse
1492 4452 1562 4523 est,
1587 4462 1633 4507 ne
1659 4438 1817 4509 offendat
1838 4460 1905 4509 uos
1930 4431 2017 4508 haec
2041 4440 2104 4509 de-

69 4547 111 4616 in
125 4571 196 4619 usu
214 4547 372 4637 legitimo
390 4546 716 4631 sacramentorum,
749 4559 783 4615 et
802 4546 839 4614 in
855 4534 1064 4637 praestanda
1114 4543 1296 4628 sormitas,
1320 4543 1415 4635 quod
1432 4541 1537 4612 multi
1553 4564 1628 4610 non
1644 4540 1756 4610 sancti
1772 4553 1854 4610 sunt
1873 4540 2018 4611 admixti
2034 4535 2106 4610 Ec·

69 4649 275 4722 obedientia
305 4650 422 4719 debita
451 4649 659 4720 ministerio.
727 4644 767 4716 ld
796 4660 866 4729 est,
905 4645 1064 4736 Populus
1116 4644 1251 4715 clasiae.
1304 4641 1413 4734 ltem,
1440 4645 1536 4737 quod
1552 4642 1629 4712 sine
1644 4655 1740 4714 certo
1756 4641 1904 4734 imperio
1923 4665 2042 4733 sparsa
2055 4654 2107 4712 εει

69 4753 197 4824 audiat
225 4752 446 4832 doctrinam,
486 4752 703 4842 obtemperet
734 4748 885 4822 iudiciis.
956 4745 1064 4818 Com·
1115 4748 1153 4817 in
1188 4748 1381 4826 mundum,
1421 4760 1455 4815 et
1490 4746 1694 4835 ingentibus
1727 4744 1907 4814 aerumnis
1937 4742 2106 4813 subiecta.

68 4855 207 4947 plector
228 4854 323 4923 enim
340 4853 565 4926 indiciarum
582 4852 732 4923 nomino
747 4850 984 4920 obedientiam
1002 4850 1066 4918 de·
1115 4846 1196 4919 Iluc
1212 4847 1393 4942 pertinent
1408 4848 1502 4919 dicta
1518 4843 1694 4918 Matthaei
1718 4845 1961 4915 decimotertio
1987 4846 2032 4913 de
2050 4866 2108 4913 sa-

71 4958 189 5029 bitam
203 4957 414 5026 ministerio.
466 4953 553 5025 ltcm
576 4978 622 5024 ne
647 4955 752 5025 iaciat
771 4952 1065 5023 distractionesa
1116 4974 1204 5041 gena
1221 4951 1324 5018 missa
1349 4949 1387 5019 in
1404 4974 1511 5020 mare.
1564 4946 1671 5033 ltem,
1703 4949 1799 5040 quod
1820 4971 1893 5016 non
1917 4946 2107 5017 constituat

73 5058 260 5130 communi
289 5058 452 5131 soc’utate
475 5053 664 5127 Ecclesiae.
727 5051 775 5127 Et
806 5078 887 5125 cum
916 5053 1065 5123 nomino
1116 5053 1283 5144 imperia,
1314 5047 1529 5126 acortnth.
1550 5052 1625 5124 10.:
1660 5045 1772 5119 Arma
1793 5048 1941 5118 militiae
1965 5060 2107 5117 nostrae

73 5183 288 5232 consensum
312 5161 350 5230 in
374 5161 627 5244 fundamento,
661 5157 855 5251 requiritur
874 5177 1066 5225 consensus
1117 5178 1193 5224 non
1216 5167 1300 5225 sunt
1322 5155 1487 5226 carnalia.
1540 5150 1629 5224 ltem
1652 5151 1697 5219 de
1720 5172 1839 5221 cruce:
1869 5148 1909 5222 si
1930 5150 2010 5244 quis
2029 5148 2109 5220 vult

75 5264 117 5334 in
139 5263 299 5335 articulis
321 5262 403 5331 lidei
426 5274 461 5333 et
485 5262 523 5329 in
545 5258 742 5350 Decalogo,
793 5258 929 5329 etiamsi
960 5280 1067 5350 supra
1117 5280 1174 5325 me
1191 5255 1304 5348 sequi,
1330 5255 1432 5325 tollat
1447 5278 1585 5325 crucem
1602 5275 1701 5324 suam
1716 5266 1751 5324 et
1764 5263 1931 5344 sequatur
1947 5274 2016 5323 me.
2038 5248 2109 5321 Hic

72 5368 350 5437 fundamentum
365 5363 426 5434 alii
445 5386 571 5432 astrum
588 5361 651 5430 alii
667 5361 815 5453 stipulas
832 5372 1012 5443 extruunt,
1034 5371 1069 5429 et
1118 5359 1263 5450 prodest
1286 5357 1390 5428 ctiam
1416 5380 1536 5427 causas
1558 5356 1729 5446 cogitare,
1762 5377 1871 5449 quare
1892 5349 2000 5425 Deus
2022 5352 2110 5426 velit
2196 5410 2201 5419 .

75 5468 216 5562 aliquid
239 5467 370 5537 erroris
391 5461 524 5535 habent
545 5464 669 5553 multi,
703 5475 739 5535 et
760 5462 974 5557 aliquidest
995 5462 1069 5531 dis-
1118 5456 1312 5532 Ecclesiam
1327 5458 1521 5530 subiectam
1539 5479 1613 5529 esse
1628 5456 1736 5531 cruci.

129 5567 316 5639 Mrasrrn·
342 5572 448 5638 Orrn.
472 5570 558 5635 Vos..
584 5568 663 5634 ΧΠ.
1415 5558 1465 5638 28
