4680 6038
155 200 234 277 sos
501 310 506 319 .
589 220 597 231 ·
851 178 1490 280 tcnnoutdoncnmonrs.
1701 278 1704 283 ,
1781 254 1784 259 .
2116 206 2192 285 sos

154 400 176 445 a
194 387 312 465 patre,
337 360 576 471 quodeunque
596 375 721 463 vellet,
748 376 856 471 idque
872 391 1008 470 patrem
1024 373 1147 465 largiri
1169 370 1174 515 J
1195 372 1351 447 ostendit
1376 366 1630 465 Tissapherni,
1663 374 1843 449 utiliorem
1865 379 1898 449 ei
1920 379 2066 453 classem
2088 375 2185 453 Atti-

155 491 351 569 oporteret,
383 477 479 549 filius
501 480 688 572 Aspasiam
711 480 847 572 petivit.
899 477 980 552 Etsi
1004 478 1147 551 dolebat
1195 500 1273 548 cam
1297 477 1389 563 lore,
1425 490 1460 546 et
1480 476 1631 567 superba
1655 491 1690 549 et
1712 502 1818 551 avara
1839 482 1989 576 imperia
2005 484 2183 555 Lacedae*

154 603 235 651 eam
256 592 355 672 pater
376 605 396 651 a
419 605 456 651 se
478 583 629 668 abduci,
654 582 754 652 dedit
775 595 913 664 tamen,
940 606 1007 653 nee
1030 580 1144 651 multo
1193 580 1399 677 munierum
1432 578 1472 648 in
1505 580 1628 649 odium
1656 582 1864 659 adducebat.
1917 583 1969 657 Ac
1994 587 2179 680 aliquanto

153 694 238 774 post
258 704 381 753 rursus
403 683 546 775 eripuit.
597 682 686 759 Inde
708 684 803 757 inter
822 700 959 778 patrem
981 682 1145 755 etfilium
1194 696 1271 774 post
1294 683 1339 752 ad
1369 682 1560 752 exercitum
1583 678 1762 770 Atticum,
1795 688 1925 780 quiin
1956 687 2181 771 Samoerat,

153 798 234 856 orta
255 785 451 868 simultate,
485 787 582 856 lilius
603 786 772 859 incitatus
796 801 831 858 et
850 783 1144 859 adiutusaTiri-
1192 784 1429 877 proficiscitur
1444 785 1519 875 ipse
1533 809 1695 879 quoque,
1720 788 1785 857 ubi
1806 784 2002 863 honorifice
2016 804 2181 884 exceptus

152 888 265 970 haze,
287 889 479 959 constituto
495 902 651 981 tempore
666 913 747 960 cum
765 893 909 962 armatis
922 890 1091 979 irrumpit
1105 888 1143 955 in
1193 902 1256 961 est.
1307 883 1397 959 Erat
1418 900 1535 957 autem
1552 882 1609 956 bic
1624 889 1795 961 exercitus
1811 888 1972 964 Athenas
1994 894 2181 985 navigatu-

154 989 359 1061 cuhiculum
379 992 507 1080 patris,
533 1007 574 1063 ut
598 1018 677 1062 eum
705 993 903 1066 interliciat.
956 991 1026 1064 Sed
1042 1012 1143 1082 prae-
1191 1015 1273 1077 rus,
1299 1002 1339 1060 ut
1359 1001 1490 1058 statum
1515 987 1885 1081 Quadringentorum,
1911 998 1972 1090 qui
1996 1021 2117 1066 recens
2141 997 2180 1064 in

152 1090 315 1161 monitus
328 1094 567 1185 patereffngit
580 1094 749 1180 insidias,
774 1108 808 1166 et
829 1096 882 1166 ibi
904 1095 1092 1165 Tiribazus
1110 1103 1143 1161 ct
1192 1091 1368 1164 discordia
1411 1091 1564 1191 civium·
1585 1096 1797 1165 constitutus
1832 1111 1924 1185 erat,
1971 1101 2177 1172 destrueret.

153 1193 285 1265 caeteri
299 1195 445 1266 comites
461 1197 587 1268 armati
603 1222 623 1268 a
645 1200 757 1289 patris
777 1199 989 1269 satellitibus
1007 1195 1143 1265 interli-
1187 1193 1282 1271 ,Eam
1301 1197 1343 1265 ad
1361 1216 1436 1263 rem
1451 1196 1575 1264 ducem
1594 1218 1665 1265 esse
1687 1194 1909 1269 Alcibiadem
1929 1200 2053 1275 voluit.
2105 1198 2178 1272 Sed

154 1296 320 1380 ciuntur,
347 1297 441 1368 lilius
463 1294 594 1370 Darius
614 1302 770 1391 eapitur,
796 1313 832 1370 et
854 1315 971 1392 postea
993 1322 1030 1370 re
1045 1297 1143 1367 iudi·
1192 1297 1397 1371 Alcibiades
1418 1297 1609 1389 imperium
1633 1299 1791 1389 accipere
1812 1302 1950 1382 noluit,
1977 1303 2102 1373 videns
2126 1303 2178 1372 ci·

153 1411 232 1469 cata
263 1397 301 1466 in
324 1395 531 1492 Principum
562 1403 711 1471 consilio
737 1403 837 1497 (quia
861 1417 960 1496 pater
982 1403 1078 1473 solus
1098 1400 1142 1467 de
1192 1425 1251 1473 ves
1274 1425 1356 1472 cum
1380 1397 1517 1469 civibus
1544 1399 1776 1475 dimicaturos
1798 1425 1883 1474 esse.
1937 1402 2178 1475 ltatnneser·

151 1499 229 1569 tilio
246 1523 327 1590 rege
343 1515 496 1573 statuere
511 1500 649 1598 noluit)
673 1505 894 1577 interficitur.
945 1504 1042 1577 Haec
1057 1525 1141 1594 poe·
1193 1505 1289 1576 vavit
1311 1501 1480 1596 patriam,
1515 1501 1600 1594 qnia
1627 1502 1816 1593 imperium
1842 1520 1964 1577 contra
1986 1504 2074 1580 400.
2101 1530 2178 1579 non

151 1625 201 1672 na
222 1615 370 1696 sequuta
395 1618 447 1676 est
476 1606 627 1677 incestas
648 1607 830 1682 libidines.
887 1609 1001 1681 Duxit
1023 1618 1141 1677 autem
1192 1607 1343 1698 accepit,
1369 1629 1409 1674 ac
1425 1604 1542 1694 potius
1558 1598 1734 1676 hortando
1750 1630 1790 1676 ae
1808 1611 1986 1698 precando
2009 1634 2177 1682 unacum

152 1708 541 1795 pateruxorembliam
559 1706 734 1782 Atossam.
774 1706 915 1781 Etcum
928 1712 1001 1781 iam
1016 1703 1141 1780 Ochus
1193 1707 1420 1802 Thrasybulo
1444 1705 1608 1795 perfecit,
1633 1731 1678 1776 ne
1701 1708 1813 1779 iratus
1831 1713 2003 1782 exercitus
2018 1707 2178 1783 Athenas

153 1806 249 1876 filius
279 1830 429 1897 regnum
459 1823 658 1902 appeteret,
699 1813 843 1882 fratrem
868 1811 1041 1883 Arsamen
1068 1812 1140 1900 ipse
1192 1813 1381 1882 accederet·
1421 1806 1547 1877 Postea
1561 1831 1684 1879 rursus
1698 1806 1853 1881 Athenis
1871 1816 2060 1885 concordia
2075 1816 2180 1898 laeta,

153 1908 344 1980 interfecit.
392 1912 508 1980 Alteri
523 1914 625 1984 fratri
642 1927 780 1985 tantum
797 1915 942 1987 incussit
959 1929 1142 1995 terrorem,
1192 1912 1336 2008 publico
1369 1913 1510 1981 decreto
1543 1909 1746 1982 Alcibiades
1777 1930 1960 1988 revocatus
1986 1932 2047 1988 est.
2106 1915 2180 1989 Sed

152 2022 195 2080 ut
216 2011 291 2101 ipse
311 2012 380 2082 sihi
404 2029 553 2086 mortem
576 2017 798 2089 consciverit.
851 2016 920 2087 Hie
940 2019 1057 2087 aditus
1074 2015 1141 2084 tuit
1193 2042 1267 2088 non
1282 2006 1671 2086 moxrediitAthenas.
1722 2012 1954 2102 l'iditcnim,
1980 2019 2179 2090 necessario

134 2107 260 2181 'Ocho
278 2114 322 2182 ad
345 2137 513 2203 regnum,
540 2119 600 2210 qui
616 2133 736 2209 postea
753 2134 834 2189 curn
858 2119 942 2189 filiis
957 2119 1081 2211 periit,
1108 2129 1140 2184 et
1193 2133 1277 2190 tnnc
1300 2116 1558 2187 occurrendum
1584 2137 1657 2183 esse
1681 2112 1988 2203 Lacedaemoniis,
2008 2122 2085 2214 .qui
2112 2121 2180 2191 ali·
2301 2146 2305 2161 ·

152 2209 241 2305 Cyri
257 2218 444 2305 posteritas
458 2242 604 2309 prorsus
619 2221 769 2292 extincta
786 2235 849 2293 est.
900 2219 950 2293 Et
964 2220 1142 2291 calamitas
1193 2235 1280 2317 quot
1302 2218 1447 2310 praeliis
1469 2217 1509 2285 in
1531 2217 1642 2302 mari,
1666 2241 1743 2286 non
1765 2218 2179 2317 proculaCizycovice-

153 2308 310 2387 liliorum
328 2316 551 2406 Mnemonis,
576 2323 708 2393 incesta
724 2325 979 2394 consuetudine
1002 2318 1144 2416 polluti,
1192 2339 1276 2396 rant
1298 2320 1452 2391 Atticam
1480 2320 1640 2416 classem.
1696 2314 1746 2390 Et
1769 2319 1979 2411 Mindarus,
2012 2326 2085 2396 dux
2107 2322 2180 2395 La-

154 2418 330 2503 ostendit,
356 2436 495 2510 peccata
519 2423 557 2493 in
578 2426 714 2495 semine
739 2439 858 2516 postea
881 2427 920 2494 in
936 2427 1058 2496 sobole
1076 2448 1143 2514 pu·
1194 2426 1354 2508 conisae,
1384 2421 1506 2492 classis
1528 2421 1580 2489 ibi
1605 2433 1680 2491 erat
1705 2444 1786 2492 eum
1812 2426 1990 2516 sexaginta
2012 2426 2182 2501 navibus.

152 2517 238 2588 niri.
291 2519 419 2591 Graeci
446 2525 609 2599 tribuunt
632 2522 718 2597 huie
742 2527 928 2598 Artaxerxi
953 2524 1143 2599 Mnemoni
1192 2526 1329 2599 Aderat
1348 2525 1399 2594 ibi
1422 2539 1456 2594 et
1479 2517 1749 2609 Pharnabazus,
1785 2526 1858 2595 dux
1884 2525 2066 2613 Persicus,
2098 2551 2182 2599 curn

153 2638 268 2688 annos
286 2626 531 2716 quadraginta.
1192 2629 1304 2720 copiis
1325 2625 1558 2719 pedestribus.
1615 2622 1682 2693 llis
1707 2628 1862 2698 occurrit
1889 2624 2114 2716 Alcibiades,
2129 2643 2183 2701 ,εἰ

1192 2729 1383 2805 consilium
1397 2727 1535 2797 viribus
1548 2727 1696 2810 addens,
1718 2739 1818 2818 parte
1831 2729 1951 2801 classis
1964 2754 2049 2803 suae
2062 2732 2182 2803 occul-

472 2801 570 2871 Μ
596 2802 821 2874 Graecae·
1191 2849 1281 2919 tata,
1313 2853 1441 2920 magno
1464 2828 1599 2919 praelio
1625 2829 1710 2899 vicit
1734 2827 1944 2903 Mindarum
1968 2828 2184 2907 ctPharns·

254 2923 347 2999 Cum
370 2926 511 3003 Atticus
534 2938 704 3007 exercitus
734 2939 771 3007 in
795 2936 956 3009 Siciliam
977 2939 1142 3024 venisset,
1192 2940 1336 3019 barum,
1362 2934 1402 3001 in
1426 2956 1498 3024 qno
1521 2928 1932 3006 Mindarusintersectus
1953 2948 2023 3021 est,
2049 2950 2082 3008 et
2098 2937 2185 3009 lite·¹
2242 2988 2250 2999 .

152 3052 229 3098 non
251 3033 365 3103 multo
389 3049 468 3126 post
486 3034 691 3108 Alcibiades
717 3054 899 3110 revocatus
916 3054 968 3112 est
981 3037 1142 3111 Athenas
1191 3060 1251 3110 rae
1279 3035 1443 3126 Spartam
1477 3032 1603 3123 plenae
1631 3033 1888 3123 desperationis
1925 3037 2052 3107 missae
2087 3053 2183 3109 sunt.

152 3131 197 3200 ad
214 3120 403 3220 iudicium,
429 3139 489 3230 qui
506 3142 843 3211 metuensiactionis
859 3143 1057 3219 contrariae
1078 3168 1142 3235 po-
1190 3139 1332 3213 Rursus
1355 3136 1464 3225 igitur
1482 3134 1668 3204 adiunctae
1689 3148 1773 3205 sunt
1795 3131 2076 3210 Atheniensibus
2096 3142 2184 3211 urbs

152 3224 318 3323 tentiam,
352 3261 424 3308 non
450 3241 556 3311 rediit
580 3242 619 3310 in
640 3242 812 3335 patriam,-
833 3246 895 3312 sed
917 3239 1079 3315 hostibus
1106 3268 1143 3313 se
1190 3241 1363 3337 Cyzicena
1387 3251 1423 3307 et
1442 3235 1532 3305 aliae
1555 3235 1705 3317 multae,
1737 3237 1832 3306 etin
1855 3238 1936 3308 aliis
1958 3239 2045 3310 locis
2069 3242 2183 3313 victae

150 3336 335 3420 adiunxit,
362 3365 409 3431 ac,
426 3339 589 3434 Spartam
613 3346 729 3429 venit,
760 3347 825 3416 ubi
847 3346 955 3418 trium
973 3348 1143 3417 consilio·
1192 3336 1466 3416 sunt'hostinm
1500 3360 1627 3422 naves,
1668 3350 1703 3408 et
1735 3336 2031 3421 Lacedaemoniis,
2057 3366 2182 3415 rursus

150 3462 235 3509 rum
256 3454 360 3511 autor
380 3443 466 3527 fuit,
498 3447 680 3532 videlicet,
713 3461 753 3519 ut
768 3450 950 3522 mitterent
966 3447 1143 3520 Lacedae·
1192 3459 1353 3539 ereptum
1376 3453 1429 3511 est
1450 3439 1639 3533 imperinm
1660 3440 1781 3514 maris.
1831 3440 1957 3514 Postea
1980 3459 2015 3517 ct
2038 3442 2183 3541 Byzan·

149 3543 267 3612 monii
289 3546 414 3615 ducem
439 3544 637 3641 Gylippum
661 3549 911 3646 Syracusanis,
944 3567 980 3623 et
1006 3553 1142 3622 bellarm
1192 3552 1282 3623 tium
1305 3543 1468 3629 secessit,
1500 3544 1598 3636 quod
1622 3541 1845 3636 aliquamdiu
1864 3539 2101 3619 Athenienses
2116 3548 2185 3620 oh-'

149 3643 192 3711 in
218 3643 335 3716 Attica
366 3648 622 3738 instaurarent,
656 3653 794 3724 munita
818 3655 971 3726 Decelen
999 3655 1143 3746 oppido,
1191 3654 1367 3724 sederant.
1420 3643 1480 3716 Ibi
1492 3670 1572 3715 cum
1588 3638 1781 3716 Clearchus
1804 3647 1877 3717 dux
1890 3644 2088 3721 Laconicus
2105 3665 2183 3721 tru-

150 3745 218 3815 nbi
249 3749 398 3820 adsidue
439 3754 612 3823 exercitus
649 3772 739 3826 esset
776 3757 960 3848 oppositus
993 3754 1143 3832 Atticae.
1191 3756 1366 3835 colentes,
1389 3748 1608 3818 frumentum
1625 3747 1803 3819 divideret
1814 3750 2002 3833 militibus,
2021 3766 2182 3844 ereptum

149 3846 298 3918 Deinde
318 3864 359 3921 nt
385 3847 486 3922 Chiis
509 3867 543 3926 et
562 3854 702 3927 Lesbiis
729 3871 763 3929 et
784 3859 882 3942 aliis,
916 3860 979 3954 qni
1006 3860 1143 3929 desece-
1191 3857 1348 3933 civibus,
1378 3873 1534 3944 numm
1557 3849 1712 3919 familiae
1727 3851 1819 3919 same
1837 3854 2019 3943 peribant,
2044 3851 2182 3926 Anali-

147 3958 236 4020 rant
250 3953 294 4020 ab
311 3949 610 4043 Atheniensibus,
636 3984 737 4050 opem
752 3961 896 4034 ferrent·
940 3961 1140 4054 lpsectiam
1190 3962 1268 4030 laus
1284 3955 1371 4028 civis
1392 3955 1436 4023 de
1459 3951 1594 4045 patriae
1611 3951 1791 4020 deditione
1815 3977 1895 4022 cnm
1916 3952 2102 4025 Alcibiade
2116 3979 2182 4048 ps-

147 4054 324 4142 navigans
339 4058 377 4125 in
392 4056 548 4145 leniam,
574 4062 732 4133 civitates
746 4061 1141 4136 sociasAtbeniensium
1191 4060 1353 4141 ciscitur,
1379 4055 1442 4149 qui
1465 4048 1610 4124 absente
1625 4048 1797 4124 Clearcho
1821 4070 1985 4146 acceptus
2008 4057 2102 4129 intra
2116 4082 2181 4129 ur-

148 4156 287 4243 co‘e'git,
318 4171 359 4229 ut
389 4160 620 4252 adiungerent
645 4188 682 4234 se
712 4163 1017 4240 Lacedaemoniis.
1075 4165 1143 4237 His
1192 4166 1292 4243 bem,
1316 4156 1499 4230 dimicavit
1522 4178 1602 4226 eum
1628 4156 1824 4247 praesidio,
1849 4170 1882 4226 et
1899 4157 2032 4229 milites
2046 4158 2181 4252 partim

148 4258 270 4328 causis
284 4259 386 4330 valde
402 4263 600 4335 diminutae
620 4280 704 4337 sunt
719 4268 813 4339 vires
826 4267 964 4342 Atticae
979 4269 1144 4356 civitatis,
1191 4263 1382 4347 interfecit,
1406 4259 1536 4352 partim
1550 4258 1675 4348 coepit.
1729 4254 1871 4329 Civium
1887 4282 1970 4331 vero
1985 4260 2108 4332 nullus
2121 4261 2182 4331 in-

148 4359 251 4428 unde
281 4373 315 4430 et
344 4386 492 4452 magnae
524 4368 722 4439 discordiae
751 4370 885 4442 civium
912 4373 1011 4444 domi
1045 4385 1144 4443 ortae
1191 4371 1440 4444 terleetusest‚
1466 4360 1589 4431 nullus
1605 4383 1645 4431 er
1659 4360 1773 4452 patria
1786 4359 1928 4452 pulsus,
1952 4362 2052 4437 nulla
2067 4362 2182 4434 sacul-

151 4473 252 4531 sunt.
311 4461 383 4534 Sed
406 4489 590 4561 nunquam
617 4471 788 4543 diuturna
817 4487 868 4545 est
894 4475 1143 4546 benevolentia
1191 4485 1305 4545 satum
1320 4463 1475 4557 direptio
1490 4464 1581 4534 facta
1596 4479 1657 4534 est.

149 4586 236 4652 erga
267 4567 487 4657 transfugas,
528 4574 734 4661 praesertim
762 4598 991 4649 cumeorum
1019 4577 1145 4649 crescit
1294 4567 1491 4643 Anaxilaus
1504 4576 1624 4659 postea
1640 4563 1788 4656 Spartae
1803 4577 1950 4658 propter
1960 4565 2181 4639 deditionem

148 4667 325 4759 potentia.
375 4665 424 4741 Et
439 4671 609 4745 videbant
622 4672 789 4769 Spartani
803 4675 1004 4772 Principes,
1029 4680 1145 4768 maio-
1191 4673 1293 4749 nrbis
1323 4681 1522 4754 accusatus,
1563 4691 1645 4739 cum
1680 4661 1930 4741 honestissima
1957 4665 2182 4742 excusatione

149 4791 231 4839 rem
258 4791 332 4840 esse
361 4772 456 4863 apud
492 4773 650 4846 civitates
679 4780 904 4853 autoritatem
932 4780 1144 4868 Alcibiadis,
1192 4791 1370 4860 uteretur,
1404 4772 1589 4842 absolutus
1612 4783 1682 4859 est,
1713 4794 1796 4842 cum
1820 4770 1973 4857 diceret,
2003 4768 2098 4842 bella
2119 4792 2181 4861 gc·

149 4892 263 4965 qnam
281 4895 399 4953 suam,
426 4874 506 4945 ideo
529 4876 739 4952 invidebant
762 4881 817 4966 ei,
842 4897 876 4954 et
901 4908 984 4955 eum
1007 4898 1145 4956 metne-
1191 4881 1304 4953 reuda
1320 4899 1394 4949 esse
1411 4897 1493 4945 cum
1507 4867 1687 4960 hostibus,
1711 4896 1787 4941 non
1808 4894 1888 4942 cnm
1906 4885 2033 4946 natura
2049 4892 2182 4944 rerum.

150 4972 255 5045 hant.
309 4972 430 5064 Quare
446 4972 590 5068 Ephori
612 4982 786 5057 miserunt
806 4984 926 5055 literas
950 4988 996 5057 ad
1027 4988 1145 5073 duces,
1192 4980 1243 5055 Et
1257 4981 1430 5052 iniustum
1445 4997 1519 5047 esse
1535 4974 1691 5046 tristiora
1708 4975 1823 5045 lacere
1836 4975 2040 5046 defensores
2052 4977 2180 5045 adver·

152 5087 199 5145 ut
214 5075 451 5148 interficerent
466 5078 711 5164 Alcibiadem,
737 5088 831 5179 quod
850 5088 925 5180 ipse
942 5090 1145 5176 resciscens,
1192 5108 1252 5156 sus
1277 5085 1389 5169 cives,
1418 5102 1526 5174 quam
1554 5077 1711 5148 facerent
1740 5070 1858 5147 hostes
1882 5068 1994 5169 ca'ptis
2015 5075 2181 5146 urbibus.
2289 5127 2293 5133 .

153 5176 318 5249 animum
331 5173 581 5271 Tissaphernis
590 5180 724 5274 Persici
746 5188 865 5275 ducis,
890 5191 954 5284 qui
967 5193 1143 5284 stipendia
1192 5185 1261 5258 Hic
1275 5178 1468 5257 Clearchus
1484 5191 1603 5271 postea
1622 5202 1642 5248 a
1657 5168 1775 5249 Persis
1791 5176 1995 5245 interfectus
2013 5188 2076 5250 est.
2113 5170 2182 5245 His

152 5278 281 5367 dabat,
309 5280 634 5369 aLacedaemoniis
650 5274 830 5360 alienavit.
880 5288 1032 5384 Cunqne
1051 5293 1143 5363 ami·
1165 5324 1170 5429 p
1192 5288 1301 5357 tantis
1316 5287 1423 5353 rebus
1438 5281 1561 5372 gestis,
1585 5274 1864 5393 liberatapatria
1880 5275 1919 5344 in
1936 5275 2103 5367 maximis
2118 5300 2182 5369 pe-

151 5404 279 5455 corum
295 5383 419 5459 literae
439 5406 540 5481 spem
554 5386 690 5461 reditus
708 5387 748 5459 in
760 5390 913 5487 patriam
928 5392 963 5463 ei
977 5395 1145 5484 lacerent,
1165 5436 1169 5464 t
1192 5386 1315 5462 riculis
1336 5380 1539 5457 domesticis
1561 5391 1596 5450 et
1612 5390 1784 5460 exterum,
1808 5389 2014 5471 recuperato
2028 5377 2179 5475 imperio
