4680 6038
147 238 223 311 coa
564 217 726 298 nucu.
759 215 840 293 uu·
863 209 1149 290 roruonn
1181 211 1257 285 ur
1287 205 1361 285 ou
1389 208 1650 287 ursorum
1674 234 1758 291 na
1920 268 1925 275 .
2103 224 2175 299 sos

150 407 218 481 No.
236 406 319 476 158.
964 414 1012 454 an.
1030 392 1125 455 1557.
1162 397 1166 444 t
1189 405 1277 475 quas
1300 378 1476 455 Ecclesiae
1499 384 1676 477 reliquias.
1736 384 1898 483 Cumque
1917 390 2074 464 sciamus
2094 416 2176 464 vote

157 500 329 535 Μ
962 480 1133 512 m
1188 482 1394 556 Reverendi
1420 485 1488 553 viri
1508 481 1659 558 Lutheri
1691 505 1914 581 repurgatam
1944 515 2020 563 esse
2043 495 2176 567 doctri.

106 678 110 683 .
231 641 281 723 D
397 638 421 719 ι
494 656 551 716 m
579 637 626 713 ep
655 626 712 711 de
743 624 931 710 ,pt-mim
974 631 1042 706 m.
1121 663 1126 674 ¹
1189 610 1272 655 nam
1286 583 1480 672 Ecclesiae,
1507 603 1541 659 et
1563 613 1617 659 res
1637 613 1797 681 magnas,
1823 595 2035 667 necessarias
2053 590 2174 669 Ecate-

283 664 398 751 epu
420 660 492 720 mo
933 684 944 708 ⁰
1045 681 1056 704 ⁹
1191 690 1261 758 siae
1285 712 1365 757 vere
1388 689 1578 759 illustratas
1601 714 1693 772 esse,
1720 695 1840 783 negari
1857 718 1931 765 uon
1945 697 2078 789 possit,
2098 722 2174 771 eum

220 817 255 870 1⁰
273 805 559 870 setacueetst'dv.
578 803 743 877 r·⁶⁷⁹⁸ss·
762 797 1021 881 ‘'S“t‘⁸¹·,T·¹V·
1039 797 1139 868 ΜΠ·
1192 792 1372 860 doctrinae
1401 791 1588 881 puritatem
1617 818 1886 882 conservemus,
1919 809 1995 868 tum
2026 821 2116 871 vero
2141 812 2173 873 et

255 885 343 938 Etiam
363 885 391 936 in
409 879 571 935 Orationum
591 876 623 928 T.
639 875 673 926 V.
693 891 719 945 p.
732 875 758 926 4.
776 881 802 924 et
821 868 895 942 apud
912 866 1041 945 lircbard.
1059 866 1091 921 T.
1105 866 1140 923 ll.
1479 893 1486 908 ·
1680 898 1715 936 ⁸.
1746 898 1754 912 .
1796 898 1804 913 .

1191 906 1324 982 gratam
1340 916 1544 962 memoriam
1560 909 1755 985 posteritati
1774 921 1849 969 esus
1864 912 2096 989 praestemus.

197 958 202 969 ·
256 973 284 1026 p.
298 955 358 1007 111.
1293 991 1464 1064 Hortator
1479 1007 1594 1065 autem
1613 991 1697 1067 huic
1712 999 1785 1068 lilio
1800 997 1912 1070 Paulo
1928 1003 1974 1071 ad
1992 1002 2082 1075 artis
2097 1000 2173 1075 Ma·

47 1154 49 1159 ·
155 1132 283 1201 Oratio
313 1125 360 1197 de
387 1125 558 1217 pulmone
589 1128 627 1190 et
655 1115 702 1187 de
731 1113 949 1185 discrimine
972 1115 1141 1181 arteriae
1191 1095 1290 1166 dicte
1312 1096 1469 1166 studium
1490 1109 1588 1187 l)ater
1612 1099 1686 1191 i12⁸⁸
1708 1101 1793 1186 fuit,
1818 1101 1900 1195 ‘1⁰5³
1917 1104 2173 1179 ἆθθῑῑῑωᾶθ

154 1229 334 1304 megene
356 1237 395 1300 et
414 1223 635 1317 oesoptapu
668 1224 832 1290 recisam
850 1237 874 1285 α
890 1209 943 1283 D;
969 1209 1138 1285 ,jacobo
1192 1211 1318 1314 natura
1340 1221 1459 1268 rerum
1485 1199 1587 1268 valde
1604 1203 1762 1288 amabat,
1788 1217 1822 1274 et
1841 1204 1985 1295 vestigia
2002 1204 2073 1276 Dei
2086 1206 2173 1277 inca

462 1322 699 1410 punctio,
730 1316 840 1393 1557,
1192 1299 1455 1383 considerabat,
1487 1314 1521 1371 ct
1549 1301 1725 1391 ignaviam
1757 1328 1796 1375 ac
1826 1304 2028 1375 barbariem
2057 1330 2172 1377 eorum

1193 1401 1283 1469 serio
1298 1403 1550 1486 detestabatur,
1576 1404 1637 1494 qui
1653 1405 1815 1475 miranda
1830 1405 2170 1479 testimoniaalellso

156 1509 257 1598 Cum
275 1518 319 1587 ad
344 1515 519 1588 tumulum
536 1507 739 1581 Reverendi
755 1505 822 1573 viri
840 1500 990 1572 Martini
1005 1496 1141 1571 Lothe-
1193 1503 1231 1570 in
1248 1501 1487 1586 fabricatione,
1512 1505 1638 1573 ordine
1652 1520 1687 1576 et
1701 1507 1854 1577 utilitate
1866 1531 2060 1598 corporum
2075 1533 2172 1583 mun-

156 1627 207 1707 ri,
232 1643 327 1691 anno
349 1631 428 1709 post
450 1629 597 1683 mortem
623 1611 697 1679 eius
715 1607 922 1689 undecimo,
947 1606 1141 1673 decernen-
1194 1604 1249 1688 di,
1281 1617 1315 1674 et
1336 1605 1375 1671 in
1399 1618 1525 1689 natura
1546 1601 1720 1692 hominis,
1754 1633 1828 1678 non
1850 1609 1995 1681 student
2018 1625 2171 1684 contem.

156 1730 223 1797 dus
252 1744 324 1792 esse
353 1720 480 1809 gradus
508 1713 701 1785 Doctorum
731 1710 769 1776 in
797 1722 871 1777 arte
902 1705 1036 1774 medica
1068 1704 1141 1772 filio
1192 1705 1301 1797 plari,
1336 1730 1400 1776 nec
1429 1729 1464 1775 se
1493 1709 1774 1779 consideratione
1804 1712 2026 1803 praesentiae
2048 1711 2170 1784 Deiiu

156 1827 285 1921 ipsius,
310 1822 387 1891 viro
411 1814 592 1888 excellenti
616 1812 814 1882 eruditione
830 1822 866 1877 et
883 1808 1012 1877 virtute
1029 1804 1141 1875 Paulo
1192 1807 1297 1876 nobis
1313 1809 1358 1877 ad
1376 1808 1542 1877 virtutem
1559 1810 1717 1883 excitant.
1768 1808 1816 1882 Et
1831 1827 1871 1883 ut
1887 1813 2023 1903 ingenii
2042 1814 2171 1906 magui·

155 1921 338 2008 Luthero,
371 1921 482 1990 multa
510 1919 555 1986 de
585 1916 694 2007 patris
717 1907 882 1991 historia,
918 1922 951 1978 et
973 1910 1017 1976 de
1039 1907 1142 1977 bellis
1193 1910 1279 1979 tudo
1304 1921 1378 1978 erat
1401 1910 1592 2001 excellens,
1618 1913 1729 1983 multa
1752 1915 1908 1984 remedia
1930 1928 2038 1988 „om
2060 1916 2171 1987 effi,

157 2027 384 2118 Principum,
411 2021 510 2092 etde
533 2017 688 2088 dissidiis
712 2013 933 2095 docentium,
958 2032 1048 2104 quae
1065 2023 1143 2101 post
1195 2011 1311 2102 parari
1331 2013 1494 2096 curabat,
1520 2036 1621 2107 saepe
1636 2016 1740 2085 etiam
1756 2016 1906 2106 aegrotis
1923 2016 2170 2109 opitulabatur,

156 2133 233 2201 eius
256 2139 405 2196 mortem
429 2134 545 2192 secuta
565 2134 667 2197 sunt,
701 2115 875 2203 cogitans,
909 2108 1002 2181 nihil
1026 2113 1140 2181 dicam
1193 2136 1294 2204 saepe
1324 2114 1491 2184 narrabat
1517 2139 1590 2186 non
1615 2117 1780 2187 dubitare
1804 2141 1859 2204 se,
1894 2119 1984 2211 quin
2006 2119 2170 2211 sapientia

157 2229 337 2302 (labellis.
376 2224 550 2295 Maiorem
569 2222 728 2290 dolorem
746 2213 841 2286 haud
856 2215 962 2286 dubie
977 2214 1141 2283 omnibus
1192 2213 1337 2284 Patrum
1376 2229 1409 2285 et
1446 2212 1706 2308 Prophetarum
1740 2214 1826 2288 haec
1863 2218 1992 2307 fuerit,
2046 2216 2171 2306 Nubae,

156 2329 395 2404 mediocribus
419 2321 626 2395 hominibus
646 2321 759 2389 adfert
776 2317 918 2386 illorum
938 2314 1141 2406 petulantia,
1192 2312 1376 2399 Abrahae,
1401 2317 1525 2404 Iacob,
1550 2315 1689 2412 loseph,
1713 2316 1838 2390 Esaiae
1855 2334 1889 2391 et
1903 2322 2071 2403 aliorum,
2094 2345 2170 2415 pro-

156 2435 219 2528 qui
254 2432 345 2501 sicut
376 2426 517 2520 Ulysses
551 2424 693 2493 comites
727 2444 767 2488 eo
800 2420 1014 2501 dormiente,
1061 2441 1140 2486 cum
1193 2419 1297 2488 fessio
1322 2420 1504 2491 doctrinae
1525 2421 1569 2490 de
1592 2419 1688 2505 Deo,
1719 2420 1823 2512 Legis
1845 2433 1879 2492 et
1900 2419 2106 2514 Evangelii,
2139 2436 2170 2494 et

157 2549 273 2607 utrem
304 2531 350 2600 ab
381 2524 514 2611 Aeolo,
545 2526 718 2594 donatum
749 2520 981 2608 aperuissent,
1018 2532 1142 2588 ventos
1194 2522 1395 2612 propagatio
1418 2516 1588 2615 Physicae
1610 2548 1649 2593 ac
1673 2521 1835 2594 Medicae
1856 2524 1953 2598 artis.
2017 2522 2170 2595 Vidimus

157 2638 360 2714 emiserunt,
387 2630 450 2722 qui
464 2629 558 2698 inter
571 2649 644 2694 sese
659 2622 829 2693 contrarii
844 2621 1037 2690 sevissimas
1051 2634 1142 2690 tem·
1194 2646 1273 2691 eum
1290 2622 1418 2713 pellere
1435 2623 1587 2695 calculos
1603 2625 1736 2695 succini
1755 2624 1955 2696 Borussiaci
1972 2624 2171 2719 pulsiuscu.

156 2748 307 2832 pestates
330 2732 540 2803 excitarunt:
568 2728 617 2797 ita
638 2725 706 2816 ipsi
726 2723 823 2795 velut
844 2724 957 2814 sopito
982 2717 1141 2792 Luthero
1193 2725 1248 2809 lo,
1274 2738 1309 2795 et
1325 2725 1363 2792 in
1381 2747 1444 2794 suo
1462 2749 1619 2817 corpore,
1648 2727 1733 2797 etin
1750 2728 1840 2800 aliis.
1893 2724 2170 2799 Vidimnshbo.

158 2837 334 2912 contraria
369 2835 534 2920 dogmata
568 2840 790 2921 sparserunt,
832 2839 867 2895 et
895 2825 1142 2895 moestissimus
1193 2839 1309 2896 rantes
1323 2827 1472 2896 laterum
1486 2827 1609 2899 dolore
1625 2828 2077 2915 foeliciterliberatosesse,
2099 2850 2170 2900 eum

156 2939 332 3013 Ecclesiae
360 2930 581 3004 horribiliter
609 2930 857 2998 dilacerarunt.
933 2925 1013 3015 Qua
1042 2927 1141 2997 inre
1193 2929 1293 2997 daret
1315 2922 1483 2998 Acanthii
1505 2952 1653 3023 aquam,
1685 2931 1743 2999 cui
1764 2933 1859 3022 apud
1883 2954 1950 3000 nos
1971 2952 2109 3003 nomen
2129 2941 2170 3001 est

157 3067 231 3114 non
252 3040 366 3110 solum
389 3031 495 3105 huius
517 3032 685 3122 temporis
699 3031 914 3121 deploranda
933 3044 983 3100 est
999 3028 1141 3098 calami·
1192 3026 1527 3103 CarduiBenedicti.
1576 3030 1743 3101 Vidimus
1756 3054 1957 3123 repressum
1970 3034 2170 3127 abeoasup·

157 3159 228 3229 tas,
250 3144 310 3212 sed
332 3137 445 3208 multo
461 3136 571 3226 magis
589 3131 802 3226 posteritatis
818 3145 852 3201 et
864 3131 1057 3201 liberorum
1073 3154 1141 3199 no·
1193 3127 1362 3228 διωγμὸν
1383 3133 1422 3200 in
1439 3155 1568 3220 magno
1584 3134 1762 3223 periculo,
1786 3134 1979 3205 corticibus
1994 3132 2168 3228 pumiPo·

157 3260 312 3316 atrorum
333 3263 435 3310 causa
458 3237 651 3307 dolendum
677 3247 737 3306 cst.
792 3231 883 3302 Nam
907 3233 1011 3303 etiam
1035 3257 1141 3324 parva
1193 3232 1285 3316 nici,
1319 3233 1381 3325 qui
1405 3232 1505 3303 sidia
1529 3234 1774 3306 nominamur,
1839 3233 1936 3306 flaec
1959 3260 2002 3307 ω
2026 3256 2167 3306 comm,

158 3344 330 3419 dissensio
360 3340 482 3424 initio,
522 3337 644 3408 crescit
673 3349 832 3426 tempore
861 3359 941 3404 cum
969 3337 1142 3403 accedunt
1193 3358 1314 3419 moro,
1339 3347 1381 3404 ut
1402 3334 1512 3426 ipsius
1534 3337 1706 3406 iudicium
1728 3350 1760 3408 et
1782 3337 1983 3429 exemplum
2001 3356 2166 3430 opponam

157 3449 257 3525 odia,
290 3458 324 3514 et
355 3454 469 3535 partes
500 3437 714 3509 factionibus
743 3449 947 3520 armantur,
979 3436 1070 3504 sicut
1098 3437 1142 3503 de
1192 3435 1335 3505 furiosis
1361 3437 1594 3528 quibusdam,
1626 3438 1690 3531 qui
1713 3439 1921 3529 sapientiam
1948 3448 2167 3532 essa'putaut,

157 3546 343 3623 Discordia
371 3541 547 3612 Homerus
579 3538 714 3632 inquit:
757 3535 871 3607 Parva
900 3549 996 3607 metu
1026 3536 1141 3627 primo
1193 3559 1258 3605 nec
1279 3549 1460 3621 naturam,
1482 3562 1547 3607 nec
1561 3540 1698 3610 divinas
1713 3540 2092 3626 commonefactiones,
2114 3558 2164 3607 nat

157 3676 239 3722 mox
260 3671 333 3718 sese
353 3643 445 3716 tollit
460 3644 497 3711 iu
513 3662 635 3725 auras,
659 3638 927 3731 ingrediturque
942 3639 1018 3708 solo
1035 3651 1070 3707 et
1084 3660 1142 3705 ca·
1193 3636 1362 3707 beneficia
1383 3635 1449 3708 Dei
1481 3641 1677 3730 adspicere,
1709 3643 1768 3712 sed
1799 3654 1938 3713 tantum
1962 3635 2116 3726 heluari,
2138 3648 2164 3706 et

156 3768 222 3848 put
244 3752 338 3823 inter
356 3745 480 3817 nubila
501 3743 633 3814 condit.
685 3738 735 3812 Et
749 3737 927 3809 Pindarus
946 3739 1081 3833 inquit:
1107 3732 1142 3807 A
1193 3739 1273 3808 aliis
1297 3740 1481 3810 obscoenis
1502 3742 1745 3835 voluptatibus
1766 3766 1838 3814 sese
1855 3745 2005 3828 dedere,
2030 3742 2162 3814 aincur-

155 3877 263 3949 parva
283 3849 436 3922 scintilla
453 3869 554 3937 saepe
569 3858 676 3915 totam
691 3842 826 3936 sylvam
843 3841 1016 3914 comburi.
1058 3837 1142 3910 Non
1193 3841 1300 3926 dioc,
1333 3841 1409 3910 sine
1437 3843 1593 3932 legibus,
1625 3842 1822 3939 Cyclopum
1849 3869 1949 3915 more
1974 3844 2161 3928 virere‚ct

156 3979 299 4052 possum
318 3952 427 4042 igitur
441 3950 516 4018 sine
532 3945 668 4034 ingenti
684 3944 824 4028 dolore,
845 3957 880 4014 et
895 3966 951 4026 ea,
976 3965 1066 4035 quae
1084 3965 1142 4011 ac·
1193 3954 1312 4034 postea
1326 3937 1417 4013 hanc
1431 3945 1628 4016 barbariem
1642 3945 1827 4017 nominare
1839 3946 2099 4029 fortitudinem,
2116 3949 2160 4009 aut

157 4061 320 4131 ciderunt
340 4049 409 4122 hoc
430 4049 621 4132 decennio,
647 4059 681 4116 ct
702 4068 792 4139 quae
814 4057 929 4114 secuta
953 4056 1056 4126 sunt,
1080 4067 1142 4114 co·
1193 4043 1298 4117 etiam
1312 4045 1488 4136 pietatem.

156 4162 278 4250 gitare.
332 4154 402 4226 Sed
425 4165 605 4243 utrunque
630 4148 780 4231 scimus,
813 4159 846 4215 ct
868 4141 953 4215 haec
974 4168 1048 4215 essa
1070 4145 1142 4215 fata
1295 4142 1344 4217 Ut
1363 4161 1479 4218 autem
1500 4147 1635 4239 aliquid
1655 4149 1783 4218 usitato
1803 4167 1900 4214 more
1918 4144 1963 4212 de
1978 4142 2158 4241 aliquana-

157 4258 265 4329 huius
291 4254 479 4344 languidae
508 4266 541 4321 et
570 4250 703 4320 delirae
734 4248 861 4317 mundi
888 4260 1065 4329 senectae,
1102 4257 1143 4315 ut
1193 4258 1284 4316 strae
1309 4249 1393 4316 artis
1417 4261 1516 4340 parte
1538 4248 1672 4329 dicam,
1697 4262 1736 4318 nt
1756 4260 1858 4316 antea
1883 4246 1928 4314 de
1946 4242 2157 4316 fabricatione
2201 4288 2203 4297 .

158 4359 382 4433 confusiones
411 4354 547 4444 generis
578 4347 727 4423 humani
757 4362 951 4442 sequantur
979 4347 1144 4431 maiores,
1193 4349 1310 4418 cordis
1331 4363 1367 4418 ct
1387 4344 1625 4417 thalamorum
1647 4348 1722 4416 eins
1746 4347 1838 4431 dixi,
1861 4347 1909 4417 ita
1928 4369 2027 4416 nnnc
2041 4340 2158 4437 depal-

157 4485 264 4556 quam
285 4459 430 4528 fuerunt
452 4469 573 4537 antea,
599 4467 634 4524 et
657 4467 775 4523 tamen
795 4452 889 4522 lilius
903 4446 992 4534 Dei,
1015 4446 1142 4519 Domi·
1193 4472 1299 4518 mone
1322 4451 1421 4518 etde
1443 4449 1648 4520 discrimine
1670 4451 1817 4520 arteriae
1841 4442 2005 4518 tracheae
2028 4461 2065 4519 et
2079 4466 2159 4518 ostu-

157 4587 225 4635 nus
246 4573 368 4630 noster
389 4554 484 4627 lesus
504 4549 683 4639 Christus,
714 4575 851 4645 semper
870 4566 1050 4623 aeternam
1071 4545 1142 4619 Ec·
1193 4545 1300 4642 phagi
1322 4551 1456 4635 dicam,
1482 4551 1579 4644 quod
1601 4566 1642 4621 ut
1664 4552 1835 4635 facerem,
1859 4551 1933 4640 ipsa
1948 4544 2100 4621 Lutheri
2118 4566 2160 4614 ss-

156 4665 298 4737 desiam
319 4659 529 4730 collecturus
550 4656 612 4738 sit,
638 4654 830 4747 etquidem
845 4653 882 4723 in
900 4678 941 4723 eo
957 4665 1078 4736 coetu,
1103 4651 1141 4719 in
1193 4652 1397 4722 cordatione
1417 4666 1534 4722 motus
1556 4674 1647 4722 som.
1698 4648 1988 4724 Distinxieneus
2009 4653 2161 4723 dum.

158 4792 229 4861 quo
251 4789 318 4830 vox
329 4758 517 4850 Evangelii
540 4759 747 4846 incorrupta
769 4755 921 4827 sonabit.
979 4752 1080 4824 Sicut
1102 4752 1141 4820 in
1192 4753 1307 4833 nales,
1332 4778 1484 4847 quorum
1500 4754 1588 4824 alter
1602 4755 1721 4824 cibum
1737 4767 1772 4824 et
1786 4767 1909 4845 potum
1922 4747 2023 4822 vehit
2038 4752 2078 4822 in
2092 4770 2162 4819 reu·

157 4863 390 4961 promissione
414 4860 616 4929 dulcissima
640 4855 808 4946 scriptum
832 4869 897 4924 est:
931 4851 981 4924 Ut
999 4854 1037 4920 in
1061 4853 1142 4921 vin·
1194 4853 1379 4933 tricolum,
1418 4854 1602 4937 videlicet,
1643 4850 1879 4946 omophagiis,
1914 4855 2006 4925 alter
2028 4853 2087 4925 ςῃῑ
2108 4872 2163 4921 ω.

156 4969 272 5041 demia
287 4963 396 5034 sterili
412 4986 492 5032 cum
507 4960 630 5027 vineae
647 4956 763 5025 cultor
777 4956 904 5046 passim
920 4954 1058 5021 invenit
1074 4953 1142 5020 ali·
1193 4977 1274 5021 men
1304 4969 1357 5024 est
1385 4956 1513 5024 arteria
1545 4951 1705 5041 trachea,
1738 4981 1803 5026 nec
1824 4956 1942 5027 cibum
1967 4978 2036 5025 nec
2056 4966 2165 5046 pom

157 5093 262 5165 quaes,
286 5066 345 5136 sed
361 5085 488 5155 paucas
502 5082 605 5138 uvas,
629 5058 741 5127 laetus
755 5056 827 5145 agit
842 5051 918 5124 Deo
934 5053 1080 5144 gratias,
1107 5064 1141 5121 et
1192 5047 1306 5140 vehit,
1330 5057 1390 5123 sed
1409 5057 1509 5125 cordi
1525 5057 1713 5127 adiunctus
1730 5071 1800 5142 est,
1825 5059 2058 5128 velutorator
2074 5053 2167 5126 Priu-

155 5170 219 5242 has
246 5190 332 5241 uvas
353 5161 522 5234 custodiri
540 5161 647 5230 iubet.
701 5155 753 5228 lta
770 5158 807 5225 in
824 5168 999 5248 postrema
1015 5154 1141 5223 mundi
1192 5155 1274 5245 cipi.
1327 5154 1418 5225 Nam
1438 5170 1473 5227 et
1494 5157 1584 5226 ae'ris
1603 5153 1791 5230 hauriendi
1809 5173 1842 5230 et
1858 5158 2048 5230 emittendi
2063 5177 2169 5237 uma

157 5284 312 5353 senecta,
338 5287 541 5360 qnanqoam
558 5257 747 5329 horribiles
763 5257 986 5329 confusiones
1004 5256 1141 5345 generis
1192 5268 1225 5324 et
1249 5271 1393 5346 propter
1417 5281 1539 5327 vocem
1561 5259 1673 5328 factus
1695 5275 1757 5331 est.
1809 5254 1943 5331 Omnia
1964 5259 2004 5328 in
2028 5258 2171 5329 fabrica·
2201 5288 2204 5307 ·

157 5369 304 5443 humani
334 5371 473 5438 futurae
503 5374 605 5446 sunt,
640 5375 757 5433 tamen
783 5359 936 5429 servabit
955 5355 1052 5427 Deus
1073 5355 1142 5427 afi-
1193 5357 1289 5426 tione
1314 5353 1465 5429 humani
1487 5361 1646 5451 corporis
1668 5362 1772 5453 plena
1793 5374 1876 5434 sunt
1897 5363 2005 5447 artis,
2039 5357 2171 5433 consilii
