4680 6038
159 228 239 307 m
624 218 787 297 DECL.
824 216 901 293 DE
933 216 1171 294 srunlts
1206 212 1335 289 VET.
1374 212 1727 293 PHILOSOPH.
2110 224 2186 301 m

160 428 203 473 ex
226 400 335 471 insito
357 398 421 469 illo
436 394 602 480 fastidio,
626 409 704 469 turn
718 419 761 465 ex
776 392 861 464 odio
875 395 1030 487 profecta
1045 408 1151 487 atque
1203 392 1380 484 principio
1401 390 1459 461 vix
1483 392 1608 461 leviter
1631 393 1834 481 degustato,
1863 393 1927 465 ubi
1946 396 1994 465 ad
2018 418 2078 466 res
2097 397 2189 487 ipsas

161 503 382 596 impatientia
397 499 611 571 ardentioris
625 514 659 570 et
674 497 823 567 acrioris
837 496 959 576 studii,
982 511 1017 567 et
1030 521 1150 567 amore
1204 509 1411 586 perventum
1435 507 1504 578 est,
1540 495 1632 587 capti
1657 494 1815 567 satietate
1836 510 1900 569 ant
1916 498 2099 571 absterriti
2119 498 2188 571 irn-

160 604 399 677 dissolutioris
424 628 465 673 ac
496 601 712 672 delicatioris
742 600 845 672 vitae.
895 596 1078 671 Reductae
1104 603 1149 669 ab
1203 598 1377 689 pensioris
1393 612 1427 668 et
1442 592 1679 667 diuturnioris
1692 597 1802 667 studii
1814 599 2000 690 opinione,
2025 622 2189 696 quamex

161 710 269 781 exilio
284 722 318 779 et
336 706 517 777 restitutae
532 704 795 798 aliquantulum
818 715 911 773 artes
928 703 1032 773 initio
1050 703 1150 771 miri-

161 812 228 883 fico
243 810 299 881 sui
315 809 492 879 desiderio
510 808 742 877 incenderant
756 818 791 875 et
804 805 1068 897 compleverant
1083 802 1151 877 ho-

161 916 300 986 minum
316 912 476 995 animos,
503 923 679 1002 pertaesos
697 908 893 991 barbariei,
920 910 957 977 in
973 935 1049 1013 qua·
1062 911 1151 979 im.

159 1016 215 1087 titi
233 1015 446 1087 insalsarum
463 1010 729 1082 cavillationum
755 1011 1028 1082 intricatissimis
1051 1013 1150 1081 nexi·

159 1120 226 1189 bus
245 1132 296 1189 tot
310 1139 385 1187 sese
400 1138 514 1185 anxios
538 1116 696 1205 proxima
719 1128 831 1184 aetate
854 1116 984 1186 frustra
1007 1130 1041 1187 et
1062 1139 1150 1205 pene

160 1221 260 1290 nullo
276 1220 331 1288 vel
349 1242 425 1303 suo,
448 1219 504 1288 vel
520 1217 674 1287 aliorum
691 1241 772 1286 cum
788 1218 906 1289 fructu
924 1232 1151 1304 maceratam,

159 1323 394 1415 omniumque
413 1322 451 1389 iu
473 1343 546 1391 sese
566 1319 682 1389 studia
700 1337 918 1413 conatusque
933 1324 1150 1392 concitarant

159 1450 200 1497 ae
220 1438 483 1496 corsverteraut.
536 1420 653 1491 'l'anto
678 1447 759 1491 cum
780 1425 953 1514 applausu
977 1440 1150 1516 exceptae,

158 1542 326 1621 tardaque
343 1525 572 1596 contentione
585 1524 743 1595 certatim
766 1526 880 1595 cultae
901 1551 940 1597 ac
958 1529 1150 1599 celebratae

160 1642 413 1721 recuperarunt
446 1628 596 1698 nitorem
626 1627 837 1718 pristinum,
879 1642 914 1700 et
946 1629 1050 1700 nobis
1077 1654 1150 1700 sese

157 1732 333 1805 maiorum
356 1730 541 1821 diligentia
561 1730 728 1800 cultiores
749 1745 854 1827 atque
870 1733 1069 1802 ornatiores
1091 1758 1150 1803 cx-

158 1830 354 1907 hibuerunt
368 1858 410 1904 ac
423 1833 742 1905 communicarunt.

263 1938 340 2009 Nos
355 1961 435 2007 cum
455 1936 615 2007 illuviem
636 1936 828 2027 superioris
847 1936 970 2009 aetatis
992 1951 1027 2007 et
1047 1939 1150 2011 foede

157 2038 315 2133 aspersas
346 2040 468 2109 sordes
499 2062 682 2133 nunquam
718 2039 975 2129 aspexerimus,
1022 2042 1148 2112 decora

158 2167 254 2214 nurtc
284 2166 404 2213 earum
433 2142 614 2234 politaque
637 2155 671 2212 et
697 2155 844 2212 venuste
866 2144 1041 2214 renitente
1060 2146 1149 2214 facie

157 2244 265 2315 nimis
284 2244 408 2313 leviter
424 2243 609 2315 afficimur.

257 2343 412 2419 Refrixit
427 2348 534 2415 ardor
550 2347 611 2429 ille
625 2370 664 2416 ac
680 2347 858 2418 deferbuit
871 2350 1042 2433 studium,
1062 2375 1150 2420 con-

156 2466 280 2541 traque
297 2448 408 2519 crevit
423 2448 572 2518 delicata
588 2472 628 2518 ac
644 2449 811 2519 diffluens
827 2449 1063 2544 laborumque
1081 2454 1148 2521 im-

156 2550 295 2645 patiens
325 2550 436 2621 animi
467 2549 640 2621 mollicies
665 2551 702 2621 in
733 2552 944 2642 degenerea
971 2553 1148 2626 maiorum

155 2652 313 2741 vestigiis
340 2632 593 2738 atlolcscends,
632 2677 722 2746 quae
748 2654 972 2749 ut.slioquin
995 2673 1146 2730 connata

156 2756 260 2829 nobis
278 2755 483 2828 conditione
505 2768 538 2828 et
559 2755 768 2848 impotentia
791 2757 933 2829 vincula
956 2760 1023 2829 sibi
1048 2761 1147 2832 inlici

154 2872 189 2933 st
204 2871 313 2929 metas
328 2858 541 2953 circumdari
557 2882 596 2929 ae
613 2860 777 2952 repagula
802 2862 1025 2954 praescriptis
1048 2888 1148 2934 seve-

153 2961 249 3035 riore
265 2962 339 3051 lege
357 2960 521 3033 formulis
536 2984 638 3051 aegre
654 2962 797 3055 patitur,
822 2965 1021 3059 expetitque
1034 2966 1146 3037 licen·

153 3063 239 3135 tiam
258 3064 444 3136 barbarica
466 3063 629 3137 libertate
645 3066 817 3151 vagandi,
843 3068 937 3137 utin
960 3069 1031 3139 vita
1049 3094 1147 3139 com·

153 3166 253 3239 muni
270 3165 483 3259 contemptis
499 3156 645 3255 ligibus,
672 3168 719 3239 ita
738 3168 774 3237 iu
791 3170 1034 3241 doctrinarum
1049 3197 1145 3243 cam·

154 3270 207 3361 pis
231 3270 357 3341 usitata
382 3264 550 3341 methodo
575 3270 724 3355 reiecta,
751 3270 800 3340 sic
826 3272 1067 3345 imbecillitate
1084 3278 1146 3345 dc-

151 3372 354 3461 generantis
371 3395 516 3465 prorsus
532 3394 572 3444 ac
588 3373 845 3461 languescentis
862 3390 1009 3447 naturae
1026 3402 1146 3469 asper-

152 3488 258 3545 natur
274 3476 502 3545 accuratioris
516 3475 625 3545 studii
641 3491 675 3547 et
688 3476 893 3565 diligentiae
908 3481 1146 3571 exquisitioris

153 3576 332 3657 laborem,
357 3571 596 3669 abhorretque
622 3601 661 3648 ac
686 3579 833 3665 refugit,
859 3604 949 3673 cquae
975 3581 1145 3653 intentio-

152 3702 234 3749 nem
251 3677 364 3749 animi
380 3677 725 3773 applicationemque
747 3681 892 3770 exigunt
913 3683 1019 3775 paulu
1040 3680 1146 3757 velte-

151 3780 361 3851 meutiorem
379 3803 418 3849 ac
434 3780 708 3855 diuturniorem.

254 3877 451 3953 iohannem
468 3880 694 3955 Stoefflerum
712 3880 1020 3973 mathematicum,
1044 3891 1145 3963 cuius

151 3997 186 4057 et
200 3998 432 4059 monumenta
449 3998 569 4055 extant
583 3988 782 4078 praeclara,
809 4005 842 4061 et
864 3992 1016 4079 gravitas
1038 4007 1145 4087 atque

151 4088 335 4179 integritas
357 4088 394 4157 in
416 4088 516 4158 omni
538 4090 630 4172 vita,
654 4090 823 4161 sedulitas
847 4118 930 4162 vero
952 4110 1058 4189 atquo
1080 4099 1145 4165 ad·

1202 699 1287 769 falsa
1305 700 1524 785 difficultatis
1539 700 1766 794 persuasione
1781 701 1956 790 induunt,
1980 728 2067 775 mox
2080 704 2189 777 dffiu·

1202 802 1324 891 giunt,
1351 826 1466 896 neque
1482 804 1627 885 ordine,
1652 826 1768 898 neque
1784 804 1919 895 integre
1931 819 2027 877 artes
2039 792 2190 879 discunt.

1202 903 1255 974 Ne
1273 920 1387 975 tamen
1405 909 1512 977 rudes
1526 930 1669 996 prorsus
1684 931 1757 975 esse
1772 921 1877 1001 atque
1890 908 2047 1001 imperiti
2063 905 2189 983 harno

1203 1009 1330 1078 artium
1351 1010 1554 1093 videantur,
1579 1010 1707 1078 omissa
1728 1009 1882 1081 fontium
1904 1012 2190 1085 dulcissimorum

1203 1109 1435 1205 inquisitione
1449 1125 1482 1180 et
1497 1112 1719 1201 cognitione,
1746 1113 1890 1183 umbras
1911 1128 2056 1207 captant
2076 1129 2115 1187 et
2135 1138 2190 1187 ar·

1204 1213 1339 1306 ripiunt
1357 1214 1493 1307 aliquas
1509 1215 1672 1284 alicunde
1687 1240 1729 1284 ex
1750 1228 1881 1286 temere
1900 1230 1935 1289 et
1956 1218 2037 1288 sine
2059 1218 2190 1297 iudicb

1204 1318 1456 1387 consarcinatis
1478 1317 1627 1401 libellis,
1653 1343 1728 1388 non
1751 1333 1822 1389 tam
1844 1322 1888 1389 ad
1910 1341 2015 1391 usum
2037 1321 2190 1415 aliquem

1204 1420 1242 1489 in
1260 1420 1352 1505 vita,
1379 1446 1484 1513 quam
1502 1423 1545 1488 ad
1562 1422 1831 1492 ostentationem
1854 1422 2113 1509 inanem,·nec
2135 1448 2190 1493 ve·

1204 1547 1262 1592 rae
1288 1537 1322 1592 et
1343 1523 1477 1592 solidae
1500 1523 1713 1593 eruditionis
1734 1540 1873 1614 gustum
1891 1549 2053 1619 unquam
2068 1550 2191 1597 conss·

1204 1640 1374 1719 quuntur.
1434 1624 1535 1694 Hans
1561 1626 1722 1697 discendi
1749 1627 2049 1720 perversissimam
2085 1630 2192 1705 ratio·

1203 1753 1285 1799 nem
1299 1725 1511 1821 reprehendi
1531 1752 1669 1799 necesse
1685 1744 1747 1803 est.
1798 1727 1896 1800 Haec
1909 1730 2043 1802 artium
2067 1732 2191 1803 interi·

1204 1849 1278 1904 tum
1303 1833 1427 1904 adfert.
1477 1827 1553 1902 Διὰ
1572 1825 1692 1903 τούτο
1698 1885 1709 1917 ,
1738 1832 1855 1929 inquit
1870 1831 1995 1920 Plato,
2016 1828 2041 1927 ἡ
2061 1828 2191 1927 ἀτιμία

1202 1938 1248 2029 τῇ
1265 1927 1469 2031 φιλοσοφίᾳ
1487 1931 1763 2028 νοροσπὲιιτωκε.
1810 1933 1953 2026 Peperit
1967 1931 2061 2027 hanc
2077 1936 2192 2009 fatalis

1203 2064 1281 2108 cum
1305 2039 1409 2107 ruina
1432 2039 1633 2108 studiorum
1655 2054 1731 2111 tum
1762 2039 1903 2128 ignavia
1931 2039 2043 2109 seculi
2076 2034 2191 2115 huius.

1202 2140 1313 2212 Auxit
1326 2165 1409 2211 vero
1427 2153 1662 2232 contemptus,
1688 2138 1958 2233 qui'l‘hersitica
1972 2156 2010 2214 et
2025 2165 2118 2233 pene
2133 2146 2193 2212 de·

1202 2245 1363 2314 testanda
1382 2243 1616 2331 exagitatione
1632 2245 1764 2334 optime
1787 2243 1999 2315 meritorum
2017 2246 2194 2337 professo-

1201 2372 1280 2417 rum
1299 2346 1468 2416 cxcitatus
1483 2358 1621 2416 tautum
1638 2347 1808 2431 invaluit,
1834 2362 1873 2417 ut
1889 2349 2107 2441 quandoque
2127 2349 2193 2419 bo·

1201 2473 1330 2519 norum
1366 2449 1472 2518 etiam
1507 2450 1733 2518 confirmatos
1767 2445 1923 2521 honestis
1961 2450 2190 2543 opinionibus

1201 2553 1340 2621 animos
1356 2566 1418 2622 aut
1433 2564 1562 2636 tentet,
1585 2566 1646 2622 aut
1667 2553 1875 2635 conturbet,
1900 2566 1940 2623 ut
1957 2552 2014 2623 vel
2026 2576 2107 2623 curn
2123 2553 2190 2624 do·

1202 2655 1276 2725 lore
1291 2655 1542 2744 ingemiscant,
1570 2655 1625 2724 vel
1641 2653 1834 2725 efferantur
1850 2655 1889 2723 in
1905 2654 2190 2747 indignationem

1201 2760 1329 2831 iustam
1352 2781 1392 2827 ac
1407 2758 1572 2828 fremant.
1624 2753 1716 2827 Cum
1740 2771 1858 2829 autem
1880 2759 1925 2829 sit
1945 2756 2057 2828 officii
2080 2756 2192 2829 nostri

1201 2874 1378 2954 praestare
1391 2873 1563 2954 quantum
1580 2860 1657 2929 lieri
1673 2873 1799 2951 potest,
1824 2885 1899 2932 non
1915 2861 2037 2933 solnm
2050 2872 2096 2931 nt
2108 2862 2192 2957 adp-

1200 2964 1367 3033 lescentia
1381 2974 1474 3033 recte
1488 2963 1696 3033 instituatur
1710 2976 1815 3056 atque
1829 2964 2002 3035 adsuefrat
2012 2962 2061 3037 ad
2075 2986 2190 3035 veram

1200 3081 1235 3137 et
1259 3066 1435 3136 eruditam
1459 3065 1635 3135 rationem
1659 3066 1841 3151 discendi,
1865 3068 2031 3161 adeoque
2045 3064 2188 3161 nequid

1200 3164 1385 3241 thesaurus
1401 3169 1574 3239 bonarum
1591 3169 1722 3238 artium
1745 3169 1948 3239 detrimenti
1970 3168 2114 3261 capiat,
2133 3190 2188 3237 rr·

1199 3296 1281 3343 rum
1296 3272 1402 3343 etiam
1417 3284 1458 3340 ut
1475 3295 1539 3341 suo
1557 3272 1753 3361 fungantur
1770 3296 1918 3342 munere
1933 3271 2138 3357 auditores,
2159 3284 2190 3339 et

1200 3389 1292 3445 recte
1315 3388 1422 3468 atque
1441 3375 1568 3442 ordine
1592 3375 1761 3445 discendo
1784 3374 1990 3465 proficiant,
2023 3397 2092 3445 vos
2112 3368 2189 3445 cba-

1199 3479 1357 3547 rissimos
1372 3501 1469 3547 meos
1485 3477 1666 3546 auditores
1677 3503 1742 3547 oro
1755 3491 1861 3570 atque
1875 3478 2036 3548 obtestor
2049 3490 2188 3569 propter

1198 3581 1347 3669 gloriam
1364 3576 1454 3663 Dei,
1476 3592 1512 3648 et
1528 3594 1673 3669 propter
1688 3576 1885 3650 Ecclesiam
1903 3593 1938 3650 et
1957 3579 2187 3649 consociatio·

1199 3708 1280 3753 nem
1309 3681 1450 3773 generis
1482 3677 1650 3765 humani,
1687 3683 1819 3775 quibus
1851 3683 1981 3753 artium
2013 3680 2185 3777 praesidio

1198 3809 1287 3879 opus
1318 3800 1390 3868 est,
1429 3798 1467 3854 ut
1492 3784 1649 3874 deposita
1681 3809 1787 3877 quam
1810 3784 2025 3875 concepistis
2047 3804 2184 3877 perstre

1197 3890 1299 3959 sione
1314 3887 1420 3967 falsa,
1447 3900 1480 3957 et
1499 3889 1684 3955 emendata
1705 3901 1930 3980 praepostera
1946 3887 2114 3959 discendi
2135 3909 2184 3956 ra·

1198 3993 1314 4075 tione,
1341 4004 1374 4061 et
1394 3989 1577 4081 repudiata
1602 3989 1663 4058 illa
1685 3990 1780 4061 futili
1800 3986 2032 4089 oxsoyputpin
2049 3982 2183 4061 Made

1197 4118 1295 4173 scos,
1321 4117 1427 4187 quam
1443 4091 1560 4162 nescio
1578 4092 1709 4185 quibus
1732 4093 1916 4164 autoribus
1940 4093 1980 4161 in
2004 4092 2183 4185 pervulga·

151 4191 299 4263 siduitas
327 4190 364 4259 in
388 4192 505 4282 operis
527 4186 747 4265 scholasticis
768 4195 964 4265 multorum
987 4199 1144 4269 celebra·
1197 4200 1242 4267 tis
1258 4197 1365 4285 niqris
1381 4194 1512 4264 libellis
1527 4195 1741 4286 quibusdam
1756 4195 1960 4279 sectamini,
1983 4196 2090 4267 irrita
2104 4215 2183 4289 pene
2225 4234 2230 4285 =5

151 4304 211 4362 tur
239 4292 483 4373 sermonibus,
524 4295 655 4389 quibus
684 4297 779 4368 notis
808 4296 895 4381 fuit,
938 4299 1040 4367 illurn
1064 4298 1143 4396 (in-
1196 4298 1380 4388 diligentia
1413 4298 1542 4387 magno
1566 4321 1647 4367 cum
1672 4298 1871 4368 studiorum
1894 4312 2099 4369 vestrorum
2118 4296 2183 4368 dit·
2227 4296 2230 4303 ’

151 4389 278 4486 quam)
301 4392 390 4463 salse
416 4390 732 4486 reprehendentem
757 4399 796 4468 in
820 4401 1044 4473 auditoribus
1070 4405 1143 4475 suis
1197 4403 1328 4496 peudio
1349 4425 1388 4470 ac
1412 4400 1648 4480 detrimento,
1675 4403 1771 4494 quod
1792 4400 1997 4493 experimur
2015 4398 2172 4495 quotidie
2225 4425 2228 4439 ·

150 4489 194 4565 τὸ
209 4486 429 4587 φιλόκαινον
442 4492 505 4569 καὶ
521 4494 565 4569 iel
580 4494 787 4593 ἁψίκορον,
813 4505 1011 4594 accepimus
1026 4506 1144 4577 dicere
1196 4504 1347 4577 redeatis
1363 4505 1407 4572 ad
1427 4526 1528 4572 veros
1545 4502 1737 4593 explicatos
1758 4528 1798 4573 ac
1814 4517 2047 4596 perpurgatus
2063 4505 2182 4595 tone,

151 4595 317 4679 solitum,
358 4620 394 4667 se
419 4597 448 4667 si
471 4596 652 4669 lllathesin
676 4603 898 4689 universam,
932 4606 986 4675 vel
1013 4604 1141 4681 haustu
1195 4632 1284 4705 quos
1318 4607 1348 4675 si
1384 4606 1598 4675 mediocrem
1631 4601 1867 4677 adhibueritis
1899 4604 2125 4698 diligentiam
2152 4616 2182 4675 et

149 4724 224 4773 uno
249 4698 457 4791 complecti,
487 4701 544 4771 vel
565 4702 604 4771 in
631 4702 822 4793 pulticulae
843 4709 1048 4804 liquidioris
1069 4713 1141 4783 for·
1196 4708 1441 4806 praestiteritis
1463 4705 1728 4792 assiduitatem,
1754 4732 1823 4803 qua
1847 4709 2012 4779 vincetur
2034 4706 2182 4781 difficol-

151 4824 244 4871 marn
261 4825 455 4897 excoquere
468 4818 596 4896 posset,
621 4806 679 4875 vix
694 4807 923 4879 obtenturum
937 4814 1031 4904 apud
1048 4837 1143 4899 suos,
1196 4830 1247 4887 tas
1277 4810 1416 4891 omnis,
1455 4812 1486 4879 si
1515 4835 1584 4903 qua
1615 4811 1829 4896 occurrerit,
1868 4812 2125 4904 experiemini,
2152 4820 2183 4881 et
2221 4902 2230 4909 ι

149 4917 190 4975 ut
211 4906 358 4975 redeant
380 4906 502 4987 toties,
540 4920 576 4977 et
599 4922 739 4998 recepto
769 4907 807 4977 io
837 4934 878 4979 os
908 4912 1141 4986 infundibulo
1195 4922 1300 5005 longe
1323 4912 1501 4983 dulciores
1524 4914 1617 4993 fore,
1651 4927 1685 4983 et
1706 4907 1836 4983 haustu
1865 4913 2067 4998 faciliores,
2091 4914 2183 4987 lou-
2224 4914 2230 4927 '

149 5030 286 5078 moram
312 5007 489 5098 perferant
513 5010 600 5080 citra
624 5010 841 5090 molestiam,
877 5037 1052 5109 eousque,
1075 5021 1141 5089 do-
1196 5020 1301 5093 lentis
1319 5016 1395 5085 istis
1409 5040 1449 5084 ac
1467 5016 1621 5086 turbidis
1633 5016 1793 5100 lacunis,
1819 5030 1853 5087 et
1871 5017 1981 5088 semel
2004 5029 2183 5111 perceptos

150 5130 214 5180 nec
232 5110 435 5179 universam
450 5112 673 5191 instillasset,
700 5115 755 5181 vel
770 5113 933 5187 faucibus
956 5120 1070 5209 digito
1094 5123 1140 5191 il·
1194 5137 1365 5217 perpetuo
1389 5113 1618 5206 inhaesuros,
1652 5142 1693 5186 ac
1716 5120 1882 5209 progredi
1903 5120 2110 5193 volentibus
2128 5142 2183 5191 ex·
2228 5140 2230 5145 ·

150 5209 300 5285 lecisset.
353 5209 452 5282 idem
470 5214 514 5283 de
531 5216 662 5285 nostris
682 5216 908 5288 auditoribus
921 5224 1042 5313 quaeri
1063 5225 1167 5295 iure·
1194 5226 1384 5318 peditiores
1408 5245 1450 5290 ac
1473 5221 1651 5311 planiores
1672 5223 1790 5293 aditus
1810 5223 1854 5291 ad
1888 5222 2025 5317 reliqua
2055 5220 2184 5305 omnia,

149 5334 354 5403 possunm,
377 5314 440 5407 qui
463 5341 544 5387 cum
570 5318 734 5389 ordimur
754 5332 918 5389 autorum
942 5325 1140 5399 enarratio-
1163 5380 1167 5391 ·
1192 5336 1302 5403 ductu
1326 5322 1570 5398 derivatorum
1595 5323 1680 5393 inde
1701 5325 1902 5397 rivulorum
1926 5340 2185 5399 commonstra-

149 5436 252 5501 nem,
284 5416 442 5490 novitate
464 5419 582 5492 allecti
605 5434 795 5495 accurrunt
818 5422 1039 5517 frequentes,
1075 5430 1139 5501 sed
1162 5416 1167 5489 l
1191 5448 1292 5507 turos
1310 5450 1396 5505 esst·
