4680 6038
149 216 227 305 m
660 205 823 287 unct..
866 208 939 285 DE
972 205 1156 284 ntc'ro
1180 201 1359 283 PAULI
1383 201 1584 285 EPHES.
1608 204 1674 286 tv,
2115 206 2196 285 148

152 395 228 469 rins
254 409 454 465 successum
485 383 692 472 liberalior,
727 385 799 455 suis
822 383 1026 465 distribuit,
1059 406 1148 478 quos
1305 379 1424 470 Quem
1442 403 1527 452 vero
1542 382 1634 454 tristi
1655 394 1689 452 et
1703 392 1792 453 tetra
1810 383 1964 474 imagine
1985 406 2023 452 se
2041 382 2196 474 ipsede-

153 495 260 570 nnice
282 492 419 584 diligit,
451 511 518 584 pro
542 486 673 584 quibus
694 501 792 559 tanta
814 487 971 580 pericula
995 502 1031 558 ct
1055 486 1148 557 mala
1200 486 1331 555 format
1352 497 1386 554 et
1411 485 1534 555 abiicit
1556 483 1708 570 Paulus,
1739 511 1818 555 cum
1838 512 1875 557 sc
1891 501 1993 559 vocat
2009 484 2195 581 impurato,

155 596 267 672 subiit
284 610 318 667 et
336 590 529 667 sustinuit?
905 631 908 638 -
1201 583 1271 658 hoc
1285 600 1354 672 est,
1379 585 1609 658 immaturum
1632 601 1667 658 et
1688 589 1931 681 imperfectum
1951 592 2112 676 foetum,
2136 610 2195 661 sen

228 758 232 783 ‚
260 697 389 784 Dedit,
413 693 532 790 inquit
544 691 696 778 Paulus,
719 692 808 764 alios
823 687 1036 784 Apostolos,
1061 691 1150 761 alios
1202 689 1334 760 molam
1347 690 1474 760 abortu
1490 690 1663 761 eiectam?

156 797 373 897 Prophetas,
418 798 507 871 alios
539 793 803 886 Evangelistas,
846 795 936 865 alios
974 793 1150 877 Pastores,
1305 792 1412 861 Tales
1435 815 1515 861 cum
1536 817 1572 862 se
1589 794 1684 885 ipsos
1702 817 1776 865 esse
1797 796 1917 866 dicant
1933 795 2001 888 ipsi
2016 789 2195 888 Apostoli,

159 908 249 979 alios
271 907 457 976 Doctores.
1205 895 1267 989 qui
1283 895 1377 965 inter
1393 894 1454 964 illa
1470 896 1566 965 dona
1589 892 1818 989 triumphalia
1836 898 1942 991 primi
1956 911 2195 983 recensentur,

262 1006 438 1080 Haeccine
452 1015 536 1075 suut
548 1001 612 1073 illa
628 1001 763 1092 egregia
779 1001 894 1084 dona,
920 1024 1010 1095 quae
1024 1023 1065 1068 er
1079 999 1151 1071 alto
1205 999 1290 1091 qnid
1325 999 1370 1066 de
1400 996 1547 1091 reliquis
1573 999 1798 1069 sentiendum
1825 1014 1895 1093 est,
1930 998 2144 1072 Pectoribus
2165 1014 2196 1072 et

160 1112 413 1192 conferuntur,
444 1130 465 1176 a
487 1118 559 1176 tam
582 1118 745 1197 potente,
782 1103 987 1193 magnifico,
1012 1101 1152 1172 liberali
1205 1098 1441 1184 Ductoribus,
1466 1100 1528 1194 qui
1544 1124 1617 1170 non
1633 1102 1706 1172 illis
1726 1102 1836 1174 tantis
1849 1103 1954 1174 donis
1974 1103 2195 1195 spiritusor·

155 1207 418 1306 triumphatore
437 1203 601 1291 Christo,
632 1208 776 1277 sedente
798 1209 843 1275 ad
860 1208 1018 1276 dextram
1039 1219 1154 1275 acter—
1206 1203 1281 1274 nati
1295 1206 1404 1272 sunt?

159 1316 200 1391 ni
212 1314 342 1410 patris,
368 1324 403 1383 et
417 1312 526 1380 verbo
545 1309 723 1400 potentiae
737 1332 821 1380 suae
838 1308 958 1379 omnia
973 1307 1153 1378 sustincn-
1307 1304 1445 1375 Mirum
1465 1305 1573 1395 igitur
1590 1307 1705 1376 videri
1721 1322 1852 1401 potest,
1880 1333 1944 1380 cur
1961 1312 2093 1382 audeat
2109 1307 2196 1383 Peu-

161 1421 222 1493 tei
272 1415 332 1488 An
356 1410 415 1484 hic
437 1414 575 1482 fructus
595 1411 712 1481 omnis
736 1425 772 1482 ct
786 1411 867 1480 huis
882 1411 1041 1481 universi
1059 1411 1155 1480 illius
1207 1410 1264 1479 lus
1295 1401 1361 1477 hos
1392 1407 1559 1489 miseros,
1599 1433 1847 1496 aerumnosos,
1878 1413 2141 1485 abiectissimus
2167 1428 2197 1486 et

161 1520 250 1594 belli
274 1516 410 1590 censeri
436 1515 559 1599 debet,
600 1514 698 1607 quod
727 1514 823 1583 filius
855 1511 920 1582 Dei
948 1527 1154 1584 tantorum
1208 1511 1530 1603 contemptissimus
1552 1505 1715 1583 homines
1734 1539 1858 1584 vocare
1880 1517 1976 1586 dona
2001 1517 2089 1603 illa,
2115 1540 2198 1611 quae

160 1621 349 1695 molimine
368 1619 472 1709 gessit
489 1639 569 1686 cum
589 1612 751 1686 hostibus
766 1617 905 1706 generis
924 1612 1092 1700 humani,
1117 1617 1156 1683 in
1209 1608 1268 1683 hic
1291 1615 1409 1684 tantus
1429 1614 1543 1684 victor
1563 1626 1599 1685 et
1624 1611 1862 1709 triumphator
1878 1615 2059 1691 Dominus
2083 1632 2198 1691 nonar

162 1750 235 1822 quo
263 1735 375 1792 morte
405 1720 516 1812 ipsius
548 1717 698 1789 victoria
725 1734 824 1811 parta
852 1717 930 1788 est?
980 1716 1039 1788 An
1070 1713 1157 1788 haec
1210 1715 1308 1786 lesus
1320 1711 1482 1786 Christus
1500 1741 1563 1786 ceu
1578 1720 1784 1809 praecipuas
1796 1722 1984 1792 manubias
1995 1737 2031 1793 et
2046 1722 2197 1793 fructum

163 1830 239 1899 sola
261 1825 398 1896 utilitas
423 1847 464 1893 ex
485 1835 557 1892 tam
579 1821 711 1891 celebri
731 1821 899 1900 victoria,
926 1834 1053 1890 ettam
1080 1822 1158 1911 glo-
1209 1819 1319 1890 totius
1342 1820 1429 1907 gesti
1452 1841 1527 1888 ase
1549 1819 1657 1905 belii,
1690 1822 1859 1893 victoriae
1882 1839 1917 1896 et
1951 1821 2137 1918 triumphi
2151 1825 2198 1896 sui

158 1932 259 2001 rioso
276 1919 457 2017 triumpho
473 1922 537 1992 filii
548 1920 614 1992 Dei
629 1923 803 2014 expectari
819 1925 941 2002 dehet,
969 1923 1103 1994 scilicet
1118 1936 1165 1993 ut
1210 1923 1305 1992 inter
1321 1915 1486 1991 homiues
1503 1923 1705 1998 distribuat.
1755 1956 1759 1965 ·

164 2034 237 2103 sint
253 2032 347 2102 inter
362 2023 526 2098 homiues
541 2025 602 2094 alii
621 2022 799 2117 Apostoli,
822 2024 884 2094 alii
900 2023 1073 2110 Pastores,
1095 2026 1158 2095 alii
1312 2022 1383 2094 Sed
1398 2038 1592 2094 statuamus
1606 2025 1813 2116 gravissimo
1828 2029 1977 2099 consilio
1985 2027 2144 2102 Paulum
2156 2031 2198 2101 ite

164 2135 346 2207 Doctores.
1210 2121 1308 2195 hunc
1329 2122 1478 2196 Davidis
1505 2127 1622 2198 locum
1655 2129 1925 2222 interpretatum
1956 2156 2050 2214 esse,
2085 2148 2128 2206 nt
2145 2158 2201 2227 per

266 2235 365 2326 Quid
389 2254 474 2302 vero
497 2230 564 2322 ipsi
581 2227 747 2324 Apostoli
769 2245 871 2316 sunt,
893 2232 955 2325 qui
970 2230 1066 2300 inter
1081 2224 1159 2309 hos,
1211 2229 1272 2298 illa
1297 2229 1458 2300 coelestia
1479 2232 1593 2315 dona,
1625 2256 1715 2324 quae
1737 2210 1852 2305 viflr
1875 2232 2058 2307 Dominus
2087 2251 2201 2309 noster

166 2362 256 2437 quos
286 2335 420 2406 Paulus
452 2332 631 2426 praedicat
658 2358 732 2404 esse
766 2337 862 2404 dona
889 2328 1160 2424 triumphatoris
1212 2330 1310 2401 lesus
1323 2326 1486 2403 Christus
1502 2333 1540 2400 in
1556 2334 1694 2404 coelum
1708 2351 1866 2407 revectus
1881 2339 2133 2411 distribuenda
2148 2363 2201 2413 no·

164 2437 318 2523 Christi,
344 2435 453 2530 primi
466 2449 718 2521 numerantur,
744 2452 778 2508 et
792 2437 896 2505 donis
910 2436 1112 2525 linguarum
1127 2446 1161 2505 et
1212 2432 1304 2525 cepit
1321 2427 1547 2520 hominibus,
1575 2436 1751 2526 intelligat
1766 2436 1975 2531 Apostolos,
2001 2439 2201 2535 Prophetas,

163 2542 391 2614 sanationum
408 2551 444 2607 et
458 2536 610 2607 aliorum
627 2538 880 2609 miraculorum
905 2537 1079 2607 divinitus
1101 2561 1160 2606 or·
1213 2536 1375 2607 Pastores
1393 2550 1427 2607 et
1443 2536 1626 2609 Doctores.
1675 2536 1826 2611 Causam
1844 2544 1953 2631 igitur
1970 2539 2075 2617 huius
2089 2547 2199 2616 inter-

167 2646 244 2715 nati
260 2639 458 2713 excellunt?
509 2636 607 2727 Quid
631 2654 715 2713 suut
737 2641 882 2735 inquam
906 2640 960 2708 illi
977 2640 1045 2732 ipsi
1060 2637 1161 2732 Apo-
1214 2639 1422 2731 prelationis
1438 2662 1658 2732 quaeramus.
1712 2642 1764 2712 lta
1781 2645 1840 2715 bct
1854 2643 2044 2719 ctDavidis
2057 2651 2201 2737 dictum,

166 2746 274 2819 stoli?
316 2742 387 2813 uisi
401 2735 567 2811 homines
589 2745 771 2814 communi
791 2756 885 2812 sorte
900 2742 1010 2813 totius
1024 2742 1161 2831 generis
1213 2757 1245 2813 et
1261 2739 1363 2810 Pauli
1380 2743 1570 2812 declaratio
1589 2744 1773 2816 illustrior.

167 2847 317 2920 humani
356 2844 580 2929 aerumnosi,
624 2845 784 2935 fragiles,
830 2846 1009 2918 mortales.
1082 2843 1177 2914 lmo'
1314 2841 1448 2913 Notum
1474 2858 1525 2915 est
1549 2847 1586 2914 in
1608 2843 1786 2939 Ecclesia,
1814 2854 1999 2943 quomodo
2020 2856 2203 2951 primipa-

167 2951 257 3047 quid
281 2946 473 3041 Apostolus
492 2945 627 3017 Paulus
647 2949 692 3017 de
708 2971 744 3018 se
760 2961 796 3020 et
816 2948 959 3037 collegis
976 2948 1069 3033 suis,
1093 2941 1162 3017 hoc
1214 2960 1330 3017 rentes
1348 2947 1578 3018 circumventi
1593 2949 1735 3020 insidiis
1750 2954 1944 3023 saevissimi
1960 2956 2204 3032 latronisDia-

165 3068 241 3139 .est,
291 3053 336 3122 de
368 3048 552 3143 Apostolis
584 3049 763 3121 universis
798 3050 905 3120 sentit
939 3063 974 3122 et
1014 3048 1164 3120 scribit?
1214 3049 1310 3134 boli,
1334 3061 1371 3118 et
1390 3050 1533 3141 spoliati
1556 3050 1628 3121 sint
1650 3053 1948 3126 illiscoelestibus
1966 3060 2098 3148 bonis,
2119 3084 2202 3156 quse

173 3160 207 3230 1.
228 3147 393 3227 Corinth.
417 3153 453 3225 4.
489 3150 650 3244 depingit
669 3176 773 3223 suum
794 3151 982 3243 collegium
1004 3151 1163 3223 mirificis
1215 3153 1260 3222 ad
1274 3151 1465 3240 imaginem
1478 3151 1544 3221 Dei
1558 3153 1721 3241 formati,
1744 3156 1783 3225 in
1800 3160 1978 3230 creatione
1992 3177 2204 3256 acceperant,

163 3259 368 3340 coloribus,
405 3252 641 3324 miserrimam
672 3255 916 3326 conditionem
942 3269 976 3326 et
1000 3253 1163 3326 tristissi-
1215 3266 1249 3324 et
1272 3254 1419 3344 insuper
1446 3255 1595 3325 sauciati
1623 3257 1694 3326 sint
1720 3259 1979 3332 incurabilibus
2003 3279 2041 3338 et
2067 3290 2203 3358 prorem

169 3358 431 3452 mamspcciem
456 3378 530 3427 esse
551 3379 772 3428 summorum
788 3359 828 3426 in
844 3353 1019 3442 Ecclesia,
1043 3370 1163 3427 osten·
1216 3349 1409 3425 lethalibus
1435 3357 1654 3432 vulneribus.
1720 3359 1789 3431 Sed
1823 3363 1918 3434 filius
1941 3362 2009 3435 Dei
2039 3369 2202 3440 immensa

164 3466 277 3546 dens,
302 3485 382 3532 curn
399 3458 501 3528 dicit:
528 3457 620 3529 Puto
635 3473 753 3529 autem
770 3462 864 3554 quod
876 3460 974 3528 Deus
990 3481 1055 3528 nos
1064 3456 1164 3549 Apu-
1216 3458 1376 3527 bonitate
1398 3457 1563 3529 misertus
1587 3463 1726 3549 generis
1752 3458 1919 3552 humani,
1949 3468 1999 3539 ita
2023 3472 2129 3543 foede
2146 3475 2201 3543 de·

169 3565 281 3634 stolos
307 3560 521 3631 novissimos
551 3561 705 3630 ostendit
731 3584 795 3631 ceu
826 3561 934 3630 morti
959 3561 1164 3644 destinatos,
1215 3560 1359 3630 formati
1382 3573 1417 3630 et
1440 3563 1554 3632 avulsi
1575 3560 1706 3649 aDeo,
1728 3567 1816 3635 etin
1834 3582 2017 3641 aeternum
2035 3598 2200 3647 caream

171 3665 255 3760 quia
279 3661 515 3756 spectaculum
532 3661 614 3730 facti
635 3683 757 3732 sumus
779 3662 939 3745 Mundo,
965 3677 999 3733 et
1015 3661 1165 3752 Angelis
1216 3663 1289 3732 irae
1319 3659 1406 3747 Dei,
1438 3678 1473 3735 et
1504 3665 1629 3736 mortis
1658 3668 1817 3738 conclusi
1846 3670 1891 3740 ab
1915 3667 2018 3745 hoste
2040 3677 2199 3760 Diabulo,

170 3782 207 3839 et
231 3763 460 3837 Hominibus.
517 3760 592 3832 Nos
614 3763 715 3836 stulti
744 3788 864 3836 sumus
888 3780 1034 3857 propter
1056 3760 1164 3836 Chri·
1196 3765 1296 3835 'ideo
1331 3759 1524 3835 humanam
1559 3783 1724 3839 naturam
1758 3774 1963 3865 assumpsit,
2002 3793 2046 3851 nt
2078 3780 2199 3852 inflicta

172 3883 287 3953 stum,
312 3889 379 3936 nos
393 3864 545 3949 infirmi,
571 3868 782 3956 contempti,
807 3868 984 3954 famelici,
1009 3868 1164 3939 sitibun-
1217 3869 1364 3938 vulnera
1389 3884 1546 3956 sanaret,
1573 3884 1607 3942 et
1629 3871 1722 3943 bona
1745 3876 1850 3946 nobis
1873 3877 2065 3953 aDiabolo
2083 3896 2200 3978 erepta

172 3973 227 4057 di,
252 3970 359 4054 nudi,
384 3966 610 4039 contumeliis
626 3970 787 4040 omnium
805 3973 973 4064 expositi,
998 3985 1165 4062 vagantes
1217 3972 1428 4045 restitueret.

167 4073 315 4147 incertis
325 4073 478 4157 sedibus,
505 4086 712 4165 quaerentes
725 4075 831 4146 nobis
845 4077 977 4146 victum
993 4099 1164 4146 mannum
1318 4073 1416 4146 Haec
1440 4077 1534 4147 bona
1558 4092 1658 4149 sunt:
1685 4080 1846 4152 remissio
1863 4100 2108 4175 peccatorum,
2132 4109 2199 4178 grs-

171 4177 376 4261 laboribus,
412 4174 608 4246 maledictis
636 4191 670 4246 et
703 4173 935 4270 blasphemiis
964 4177 1165 4270 proscindi·
1217 4178 1307 4248 tuita
1327 4181 1518 4269 acceptatio
1543 4194 1577 4251 et
1602 4183 1863 4268 reconciliatio,
1889 4188 2039 4258 donatio
2057 4186 2199 4280 Spiritus

171 4302 274 4364 mur,
298 4293 333 4350 et
354 4277 449 4348 odiis
472 4277 633 4346 omnium
658 4279 828 4352 ordinum
849 4281 1076 4362 infestamur,
1102 4283 1165 4351 de·
1218 4280 1350 4364 sancti,
1382 4305 1463 4350 vera
1489 4282 1622 4372 agnitio
1648 4282 1829 4377 Dei,.pax
1848 4301 1883 4359 et
1902 4289 2108 4361 laeticia'in
2125 4288 2199 4373 Der,

171 4382 283 4473 nique
306 4371 540 4472 καθάρματα
563 4373 671 4450 huius
694 4383 822 4454 mundi
843 4384 925 4455 facti
939 4408 1076 4456 sumus:
1102 4377 1166 4455 arui
1218 4376 1397 4452 inchoatio
1420 4386 1679 4457 conformitatis
1698 4412 1780 4458 cum
1804 4389 1899 4471 Deo,
1922 4393 2121 4464 certissima
2135 4415 2200 4489 epea

167 4476 326 4554 πάντων
342 4474 593 4578 περιψήματα.
1219 4484 1311 4554 vitae
1328 4497 1364 4555 et
1378 4488 1647 4558 consuetudinis
1669 4504 1829 4562 aeternae
1846 4517 1926 4564 cum
1945 4490 2042 4580 Deo,
2068 4497 2133 4568 ubi
2153 4518 2199 4568 cc-

274 4582 353 4654 Hoc
367 4607 450 4655 eum
464 4586 509 4655 de
523 4581 705 4675 Apostolis
719 4587 896 4658 universis
910 4587 1006 4656 dicat
1021 4583 1166 4670 Paulus,
1219 4610 1294 4656 ram
1317 4588 1543 4677 perfruemur
1562 4591 1701 4662 infinita
1725 4592 1822 4679 luce,
1847 4597 2022 4687 sapientia
2044 4612 2081 4670 et
2103 4596 2199 4692 glasia

171 4688 236 4782 qui
248 4687 324 4779 ipae
338 4685 501 4757 omnium
515 4685 648 4757 iudicio
663 4684 957 4780 interApostolos
972 4688 1074 4757 facile
1089 4687 1167 4780 pri·
1218 4688 1352 4762 divina.
1838 4693 1842 4701 '

170 4814 270 4861 mum
288 4790 405 4858 locum
429 4787 586 4874 obtinet,
613 4814 819 4862 revocemus
842 4792 948 4861 nobis
971 4790 1009 4858 in
1031 4814 1167 4860 memo-
1320 4789 1418 4860 Hnec
1437 4794 1532 4863 bona
1553 4795 1653 4885 prius
1676 4797 1803 4867 amissa
1821 4823 1885 4892 per
1900 4803 2059 4892 primum
2075 4804 2199 4898 lapsun

171 4893 281 4976 riam,
311 4890 398 4985 quid
423 4891 468 4960 de
492 4912 529 4960 se
551 4889 626 4981 ipse
642 4892 869 4981 peculiariter
888 4892 994 4964 dicat.
1047 4889 1180 4980 Quam.
1217 4893 1313 4962 filius
1333 4890 1401 4963 Dei
1423 4891 1609 4968 Dominus,
1626 4913 1746 4970 noster
1768 4899 1865 4973 lesus
1881 4900 2049 4976 Christus
2065 4926 2200 5000 recope-

170 4995 299 5063 miscre
322 4992 484 5084 deplorat
508 5013 608 5061 suam
631 4993 889 5080 infirmitatem,
923 4989 1168 5090 palamlprofi-
1219 4995 1330 5080 ravit,
1368 4996 1501 5083 fracto,
1548 5016 1746 5086 exarmato,
1785 5005 1958 5096 spoliato,
1996 5020 2033 5078 et
2062 5002 2202 5081 anemis

171 5110 266 5176 tens,
292 5118 330 5165 se
344 5093 547 5165 nonfacere
562 5093 699 5165 honum
713 5099 809 5187 quod
826 5097 931 5183 velit,
956 5098 1017 5167 sed
1033 5097 1166 5167 malum
1218 5097 1372 5168 vinculis
1404 5101 1595 5172 constricto
1616 5100 1790 5191 Diabulo,
1829 5131 1940 5201 eaque
1969 5111 2067 5181 bona
2100 5107 2203 5184 reddit

171 5199 268 5290 quod
285 5197 403 5266 nolit?
442 5196 530 5266 ltem
547 5194 617 5265 sibi
634 5219 707 5267 esse
729 5197 877 5271 infixum
896 5201 1014 5291 palum
1032 5199 1070 5267 in
1090 5223 1167 5269 car·
1219 5201 1388 5270 omnihus
1400 5201 1517 5292 ipsum
1532 5205 1602 5275 fide
1614 5208 1844 5298 sequentihus
1857 5225 1892 5281 et
1906 5213 2203 5304 amplectentibus

170 5322 253 5370 nem
273 5298 439 5388 angelum
463 5293 634 5383 Satanae,
656 5323 676 5369 a
699 5324 771 5393 quo
797 5301 985 5373 durissime
1001 5303 1168 5373 caedatur
1191 5292 1196 5387 Ι
1321 5299 1419 5373 Haec
1440 5321 1524 5376 sunt
1548 5309 1729 5380 verissima
1753 5311 1814 5381 illa
1838 5311 1932 5382 dona
1947 5338 2009 5385 seu
2025 5314 2204 5388 manubitt

169 5396 341 5493 colaphis.
1191 5414 1281 5476 tseu
1304 5405 1514 5495 congiaria,
1532 5434 1622 5502 quae
1638 5413 1753 5483 victor
1767 5427 1802 5485 et
1828 5412 2075 5508 triumphator
2096 5432 2204 5491 nonu
