4680 6038
146 203 221 280 oon
388 181 600 270 SCRIPTA
624 180 702 259 ΡΗ.
726 174 845 257 oran
869 176 938 256 At)
962 177 1927 272 fflST.1³tt0F.ttT·Pttttos.stttc·rttNt'tm
2095 190 2164 269 tto

148 377 255 449 ratio.
300 366 407 442 Tales
423 363 501 441 ludi
519 373 602 434 sunt
619 351 900 441 baereticorum,
922 354 1136 452 detorquere
1181 360 1362 436 licentiam
1377 356 1598 454 habuerant,
1623 359 1842 453 coherceret,
1865 360 2022 438 venitin
2039 362 2169 452 odium,

149 479 243 552 dicta
256 476 295 545 in
310 469 512 567 peregrinas
528 461 729 536 sententias.
780 452 945 530 Christus
970 457 1135 531 nominat
1182 478 1217 537 et
1230 466 1276 536 ab
1298 465 1377 558 ipso
1392 464 1478 539 Leto
1492 464 1674 539 Praefecto
1700 466 1895 561 praetorio,
1924 465 1991 563 qui
2005 489 2094 538 enm
2108 466 2170 536 im·

151 603 242 676 opus
260 571 450 660 mulieris,
474 567 607 640 scilicet
622 554 763 647 Herae,
788 571 968 653 peccatum
986 574 1021 634 et
1037 584 1135 632 mor·
1182 582 1381 660 peratorem
1403 567 1553 656 fecerat,
1584 569 1792 643 interfectus
1812 583 1885 658 est,
1922 592 2026 642 anuo
2050 566 2172 641 aetatis

151 699 235 755 tem.
300 676 358 748 ttti
380 669 645 766 generationem
667 661 891 755 interpretati
913 676 1013 748 sunt,
1044 686 1135 758 quae
1184 671 1398 762 sexagesimo
1415 671 1545 763 primo.

151 799 203 857 est
219 801 309 876 opus
323 774 418 864 Dei,
443 773 646 846 institutum
659 780 700 839 ut
713 765 773 838 stat
789 762 1015 858 copulatione
1022 763 1137 836 Maris

152 885 408 1004 etFoemrnre·
482 977 520 997 ..
652 970 661 990 ,
723 968 766 988 ..
1070 969 1080 988 ‚
1456 899 1631 975 Didius
1662 897 1902 980 luitnotus.

255 985 315 1060 Sic
331 997 366 1055 et
384 979 628 1052 definitionem
651 983 810 1040 rustrcrae
834 969 927 1040 male
949 971 1137 1041 detorsisse
1633 1032 1636 1041 .

153 1115 214 1165 eos
227 1101 359 1160 narrat.
411 1069 639 1168 Δικαιοσύνη
656 1067 734 1146 ἐστὶ
752 1066 920 1145 uetantia
934 1071 1029 1145 θεοῦ
1041 1067 1136 1166 μετὰ
1286 1062 1378 1140 Cum
1395 1080 1511 1141 autem
1529 1071 1568 1141 in
1587 1070 1648 1143 illa
1662 1073 1773 1146 seculi
1796 1072 2029 1168 turpitudine
2054 1096 2123 1145 nee
2141 1073 2173 1143 io

154 1186 335 1284 ἐσότητος.
385 1182 483 1275 Ergo
498 1201 622 1254 omnes
643 1173 804 1247 omnium
829 1176 935 1246 rebus
960 1189 995 1246 et
1015 1175 1138 1245 uxori-
1185 1167 1409 1263 principibus
1432 1173 1603 1245 autoritas
1626 1189 1733 1262 esset,
1758 1200 1824 1248 nec
1846 1177 1886 1248 iu
1901 1175 2092 1247 militibus
2106 1200 2175 1247 mo-

153 1287 600 1384 busaequaliterutantur,
651 1273 702 1351 Αι
718 1275 896 1361 delinitio,
919 1277 1038 1348 sinon
1055 1277 1139 1348 reii-
1186 1269 1320 1358 destia,
1359 1272 1587 1367 Sulpicianus
1616 1274 1818 1350 Praefectus
1845 1278 1948 1352 urbis
1980 1291 2021 1351 et
2052 1274 2175 1350 Didius

153 1397 280 1470 cienda
295 1405 366 1477 est,
391 1387 552 1481 loquitur
571 1385 615 1454 dc
638 1381 851 1474 aequalitate
872 1380 1038 1450 ordinata
1061 1381 1138 1471 lege
1189 1373 1349 1445 lulianus
1362 1376 1479 1467 palam
1496 1391 1532 1449 et
1546 1377 1774 1470 impudenter
1791 1381 1939 1453 mercati
1955 1393 2048 1452 sunt
2067 1379 2174 1472 impe·

153 1497 240 1583 Dei,
265 1518 354 1591 quae
371 1491 472 1562 dicit:
504 1486 586 1558 Non
601 1479 861 1554 moechaberis:
894 1480 977 1552 Non
1003 1481 1139 1554 furtum
1187 1476 1293 1547 rium.
1343 1474 1571 1571 Sulpicianus
1588 1480 1749 1572 promisit
1766 1483 1917 1574 singulis
1931 1480 2174 1555 Praetorianis

154 1601 271 1675 facies,
336 1593 437 1666 Talis
469 1581 516 1664 sit'
546 1585 757 1682 aequalitas,
797 1583 913 1678 qualis
938 1585 1016 1676 lege
1040 1583 1140 1656 ordi·
1187 1576 1401 1673 quingentos
1425 1596 1628 1665 coronatos,
1666 1583 1832 1656 videlicet
1850 1585 2018 1657 sestertia
2041 1583 2172 1676 viginti.

153 1718 237 1775 nm
263 1715 325 1774 ρει,
1188 1679 1350 1752 lulianus
1379 1683 1543 1775 promisit
1574 1700 1754 1757 sexcentos
1778 1701 1971 1759 coronatos
1995 1699 2033 1759 et
2054 1687 2171 1778 viginti

256 1801 442 1875 Caeterum
461 1796 534 1887 ipsa
550 1787 710 1863 definitio
731 1789 761 1859 si
782 1812 858 1859 non
880 1787 1013 1859 insulse
1036 1809 1140 1856 enar·
1187 1783 1367 1878 quinque,
1392 1784 1555 1858 videlicet
1570 1789 1728 1860 sestertia
1745 1789 1871 1880 viginti
1893 1790 2073 1884 quinque.
2120 1786 2169 1860 tn

155 1921 274 1990 retur,
299 1901 421 1993 legalis
437 1911 508 1981 est,
530 1892 841 1982 nonevangelica,
865 1890 949 1984 quia
965 1913 1039 1961 non
1055 1888 1140 1960 facit
1162 1934 1165 1967 .
1189 1885 1302 1957 vincit
1317 1883 1497 1970 Iulianus,
1529 1889 1590 1981 qui
1616 1891 1732 1962 tenuit
1754 1890 1948 1983 imperium
1967 1894 2058 1962 duos
2072 1913 2164 1960 mco-

156 2008 374 2081 mentionem
405 1997 627 2080 mediatoris,
668 1996 728 2064 sed
754 1993 915 2088 loquitur
938 1993 982 2063 de
1004 1991 1141 2078 aflectu,
1188 2010 1242 2095 ses
1275 1999 1310 2058 et
1339 1988 1414 2059 dies
1445 1990 1615 2084 quinque.
1687 1990 1848 2088 Cumque
1878 2009 1974 2066 esset
2007 1988 2110 2064 belno
2135 2007 2167 2063 et

156 2111 321 2183 videlicet
350 2106 394 2176 de
423 2102 581 2174 novitate
603 2097 699 2166 iuxta
720 2096 870 2187 primam
893 2108 929 2166 et
947 2094 1139 2165 secundam
1188 2090 1340 2176 aleator,
1365 2114 1432 2164 nec
1447 2095 1546 2164 daret
1563 2094 1732 2185 promissa
1753 2093 1950 2182 militibus,
1977 2094 2097 2167 statim
2113 2117 2169 2165 ve·

155 2213 315 2285 tabulam
336 2203 516 2295 Decalogi.
568 2197 716 2270 Novitas
741 2198 836 2270 iuxta
860 2197 1012 2290 primam
1036 2196 1140 2268 tabu·
1188 2192 1243 2263 nit
1272 2191 1312 2261 in
1343 2193 1480 2270 odium.
1545 2192 1594 2267 Ει
1616 2196 1705 2267 alibi
1726 2198 1897 2268 exercitus
1924 2196 1966 2267 in
1989 2195 2168 2269 Pannonia

156 2320 226 2389 lam
250 2326 304 2383 est
323 2304 616 2385 communicatio,
649 2325 719 2394 qua
743 2325 778 2371 se
794 2298 891 2370 Deus
910 2298 1015 2370 nobis
1041 2324 1139 2370 eom·
1188 2293 1436 2386 imperatorem
1459 2297 1652 2391 appellavit
1672 2294 1860 2385 Severum,
1896 2299 2005 2370 cuius
2025 2299 2094 2371 fuit
2111 2323 2166 2369 ex·

154 2417 332 2499 municat,
358 2413 480 2489 idest,
506 2428 577 2502 qua
592 2402 703 2492 fulget
717 2403 754 2472 in
770 2403 893 2482 nobis,
919 2415 1013 2473 reete
1028 2425 1138 2493 agno.
1161 2454 1164 2473 .
1188 2396 1320 2468 cellans
1340 2398 1524 2487 ingenium
1547 2414 1581 2471 et
1604 2401 1728 2473 virtus.
1793 2400 1883 2472 Inde
1906 2401 2017 2472 civile
2039 2400 2164 2473 bellum

155 2522 281 2602 scitur,
311 2529 346 2586 ct
366 2511 527 2587 accendit
546 2510 585 2576 in
608 2507 713 2576 nobis
732 2507 842 2576 verbo
869 2504 1051 2590 timorem,
1082 2505 1138 2574 di·
1188 2499 1313 2589 ingens
1342 2515 1461 2572 ortum
1490 2516 1541 2574 est
1569 2502 1663 2574 inter
1683 2501 1854 2577 Severum
1886 2515 1924 2575 et
1955 2501 2168 2575 Pescenuum

154 2623 364 2699 lectionem,
388 2607 648 2691 fiduciamDei,
675 2621 739 2679 etc.
778 2603 918 2677 Deinde
931 2607 969 2676 in
985 2608 1138 2677 secunda
1187 2598 1355 2692 Nigrum,
1380 2600 1504 2698 Syriae
1524 2617 1716 2689 rectorem,
1749 2621 1784 2678 et
1801 2602 1976 2677 Clodium
1994 2603 2170 2685 Albinum,

156 2724 277 2795 tabula
294 2717 432 2788 iusticia
448 2726 501 2783 est
516 2709 726 2802 aequalitas,
746 2709 870 2789 idest,
897 2707 1040 2780 dilectio
1053 2733 1138 2803 pro-
1160 2740 1165 2807 q
1187 2700 1395 2777 Britanniae
1418 2720 1611 2793 rectorem,
1651 2732 1740 2801 quos
1768 2707 2024 2798 significarunt
2043 2707 2169 2780 Parelia

157 2826 241 2895 ximi
257 2822 419 2894 ordinata
443 2817 517 2903 lege
533 2808 613 2882 Dei.
666 2807 762 2880 Haec
782 2809 1026 2902 interpretatio
1050 2836 1138 2884 con·
1160 2814 1163 2851 ²
1188 2805 1227 2874 in
1245 2806 1362 2900 primo
1378 2808 1550 2880 sacrificio
1568 2806 1699 2882 luliani
1713 2823 1915 2904 conspecta.

156 2927 251 3019 gruit
268 2947 347 2994 cunr
367 2915 581 2994 Osiandrica
598 2912 823 2997 definitione,
852 2914 897 2983 de
923 2913 1062 2986 iusticia
1081 2939 1138 2987 es·

156 3024 320 3100 sentioli.
371 3021 518 3093 Necesse
541 3030 592 3087 est
617 3029 734 3087 autem
755 3015 852 3107 prius
873 3017 984 3087 teneri
1010 3020 1138 3090 defini·
1237 3008 1347 3084 Anno
1362 3014 1489 3085 mundi
1505 3030 1630 3108 quater
1645 3015 1845 3104 millesimo,
1862 3015 2166 3112 centesimoqu'tu·

156 3133 290 3205 tionem
320 3125 480 3198 iustitiae
508 3118 610 3204 fidei,
648 3141 716 3213 qua
741 3131 884 3211 propter
906 3120 1137 3192 mediatorem
1397 3117 1599 3210 quagesimo
1618 3119 1778 3210 septimo.

155 3254 306 3328 persona
340 3228 454 3319 placet
486 3219 563 3295 Deo
597 3245 660 3314 per
692 3221 990 3298 misericordiam,
1040 3224 1137 3297 iuxta
1238 3212 1348 3288 Anno
1385 3214 1522 3290 Rornae
1561 3222 1852 3310 nongentesimo,
1904 3220 2172 3317 quadragesimo

156 3338 306 3406 dictum:
338 3325 520 3401 lustificati
534 3324 602 3395 fide
619 3347 739 3416 pacem
756 3318 938 3397 habemus.
1400 3322 1539 3416 quinto.
1869 3320 1875 3327 ’

257 3433 353 3507 Haec
375 3434 420 3502 de
442 3428 545 3499 libris
566 3423 761 3496 Clementis
784 3425 938 3496 breviter
966 3425 1058 3511 dixi,
1097 3440 1139 3500 ut
1240 3418 1349 3495 Anno
1368 3420 1502 3497 Christi
1516 3423 1705 3495 centesimo
1723 3425 1958 3516 nonagesimo
1977 3427 2116 3523 quinto.

156 3541 268 3609 sciant
291 3535 466 3611 iuniores,
492 3527 667 3600 contineri
694 3527 733 3595 in
756 3526 806 3596 eis
828 3540 862 3597 et
887 3523 1073 3613 historias,
1104 3544 1138 3601 et
1161 3508 1164 3549 ¹

155 3639 412 3732 disputationes
427 3632 563 3725 aliquas
581 3630 864 3700 consideratione
879 3630 1017 3722 dignas.
1546 3583 1611 3652 Μ
1626 3601 1648 3650 ⁸¹
1663 3600 1685 3652 θ
1700 3602 1721 3651 ¹⁹
1738 3604 1761 3649 ⁰
1773 3603 1804 3653 ⁸⁸

740 3754 744 3760 ·
1290 3728 1444 3803 Severus
1482 3733 1674 3826 imperator
1704 3733 1869 3807 successit
1898 3735 2088 3808 interfecto
2116 3729 2172 3805 lu·

207 3843 317 3914 Anno
354 3835 482 3907 mundi
516 3830 888 3928 quadringentesimo,
934 3835 1139 3919 centesimo,
1162 3856 1165 3942 j
1189 3838 1299 3911 liano.
1351 3834 1531 3927 Regnavit
1545 3858 1658 3906 annos
1673 3838 1881 3911 octodecim.
1925 3836 2046 3912 Natus
2060 3835 2174 3909 tuitio

361 3935 654 4032 quinquagesimo
672 3949 780 4007 sexto.
1190 3940 1279 4009 urbe
1295 3934 1472 4030 Aphricae
1488 3936 1595 4029 Lepti
1616 3940 1769 4032 equestri
1793 3941 1889 4026 loco,
1922 3937 2072 4013 Romae
2093 3939 2172 4011 edu·

206 4045 313 4116 Anno
356 4038 493 4114 Romae
529 4039 823 4128 nongentesimo,
872 4037 1139 4130 quadragesimo
1162 4064 1165 4133 Ι
1191 4039 1389 4112 catusaM.
1406 4039 1591 4112 Antonino
1609 4036 1842 4134 Philosopho.
1895 4039 2058 4137 Propter
2077 4042 2172 4113 indu·

357 4156 495 4236 quarto.
1161 4136 1312 4233 istriam
1344 4144 1498 4235 primurn
1534 4142 1710 4232 Quaestor
1743 4143 1781 4214 in
1812 4142 1939 4216 Betica
1972 4146 2091 4218 faetus
2118 4157 2171 4215 est.

205 4251 314 4318 Anno
327 4239 461 4317 Christi
480 4243 671 4313 centesimo
690 4241 918 4330 nonagesimo
934 4255 1076 4335 quarto.
1161 4236 1328 4341 {Deinde
1364 4258 1517 4339 quatuor
1558 4244 1756 4335 legionibus
1795 4248 2027 4340 praepositus
2059 4261 2111 4319 est
2138 4246 2170 4314 io

1160 4346 1164 4457 Ι
1188 4346 1371 4440 Hispania.
1421 4344 1545 4419 Postea
1561 4345 1836 4440 Lugdunensem
1859 4350 2091 4441 provinciam
2105 4370 2170 4418 ma·

352 4543 359 4560 .
591 4541 600 4557 ‚
839 4542 847 4558 ,
1159 4467 1164 4581 l
1188 4473 1257 4542 gna
1270 4473 1349 4520 curn
1366 4448 1471 4518 laude
1488 4449 1590 4522 rexit.
1639 4447 1777 4520 Deinde
1791 4449 2023 4523 Pannoniam
2040 4464 2076 4524 et
2089 4446 2170 4522 Ger·

255 4539 440 4617 Pertinax
455 4554 617 4613 successu
626 4538 824 4612 Commodo
838 4543 1032 4618 interfecto.
1064 4543 1138 4618 Re.
1160 4584 1163 4619 ,
1189 4553 1355 4624 maniam,
1393 4546 1484 4621 cum
1502 4551 1705 4624 interpam,
1720 4550 2003 4639 ‘mamimus’
2024 4552 2168 4628 Rom

135 4652 279 4746 ,gnavit
293 4667 432 4717 menses
447 4647 558 4728 duos,
583 4643 658 4712 dies
679 4643 805 4733 viginti
829 4644 1005 4738 quinque,
1034 4662 1138 4721 natus
1159 4652 1163 4748 ξ
1187 4653 1348 4736 accessit,
1376 4667 1411 4722 et
1426 4647 1620 4723 honorifice
1640 4653 1848 4726 amilitibus
1861 4671 1896 4728 et
1920 4679 1941 4726 a
1958 4654 2100 4728 Senatu
2117 4677 2168 4725 es·

156 4752 325 4827 libertino
355 4758 471 4841 patre,
513 4743 637 4816 docuit
659 4739 947 4821 Grammaticam.
1011 4747 1136 4823 Postea
1159 4777 1162 4783 ·
1187 4769 1308 4849 ceptus
1322 4768 1391 4838 est,
1417 4773 1450 4824 et
1467 4753 1663 4846 Imperator
1677 4757 1885 4848 appellatus.

156 4858 268 4928 factus
282 4850 383 4919 miles
401 4849 531 4919 virtute
550 4845 670 4918 crevit.
726 4843 1037 4935 RexitRhetiam,
1062 4838 1162 4924 No'
1290 4856 1422 4929 Scribit
1438 4853 1552 4942 Dion,
1576 4882 1613 4928 ae
1635 4858 1771 4929 nullam
1795 4859 1927 4931 vidisse
1950 4857 2168 4953 splendidio-

155 4959 285 5038 rieurn,
312 4950 464 5045 Mysiam
488 4963 522 5020 et
537 4946 696 5020 Daciam.
752 4943 799 5020 Et
824 4949 907 5042 quia
934 4949 1161 5027 Praefectus·
1186 4983 1261 5031 rem
1291 4983 1476 5052 pompam,
1516 4983 1620 5052 quam
1652 4961 1848 5051 ingressum
1878 4960 1958 5033 eius
1986 4962 2029 5033 in
2052 4962 2167 5034 urben

155 5057 257 5131 urbis
272 5066 364 5133 erat,
390 5044 826 5121 interfectoresCommodi
841 5064 881 5120 ut
896 5052 1135 5127 defensionem
1184 5057 1351 5136 Romam.
1406 5059 1475 5132 Ubi
1492 5086 1572 5131 cum
1593 5063 1639 5131 ad
1662 5076 1799 5154 portam
1824 5063 2002 5149 venisset,
2033 5065 2168 5135 descen·

155 5155 346 5237 haberent,
371 5150 559 5242 imperium
576 5152 714 5221 adeum
731 5150 945 5224 detulerunt.
996 5153 1084 5227 Mox
1103 5171 1137 5230 et
1186 5163 1273 5232 dens
1286 5165 1331 5232 de
1346 5185 1436 5256 equo
1453 5165 1559 5254 pedes
1574 5164 1717 5235 accessit
1730 5160 2021 5255 adCapitolium.
2064 5163 2167 5237 Dein·

155 5259 318 5332 aSenatu
334 5252 528 5345 appellatus
540 5266 591 5323 est
600 5249 804 5343 imperator.
855 5251 926 5324 Sed
943 5279 1022 5326 cum
1040 5260 1137 5328 mili·
1157 5264 1161 5288 '
1186 5265 1231 5333 de
1244 5263 1374 5335 milites
1396 5265 1457 5357 qui
1472 5262 1691 5336 Pertinacem
1714 5265 1967 5341 interfecerant
1990 5282 2165 5341 exautora·

156 5375 208 5432 111
222 5357 480 5451 praetoriam&
504 5353 568 5446 (111ἰ
583 5349 770 5426 Commodi
786 5367 944 5448 tempore
961 5359 1136 5433 infinitam
1157 5312 1161 5426 i
1186 5380 1241 5437 tos
1254 5366 1389 5460 expulit
1403 5388 1446 5437 cx
1461 5365 1620 5461 imperio.
1670 5366 1852 5441 interfecit
1866 5383 1902 5442 et
1916 5368 2052 5443 Letum
2069 5366 2163 5442 Prae·

495 4393 798 4462 Pertinax.
