4680 6038
493 236 674 329 unca·
695 252 771 329 ne
803 250 1046 346 srunus
1081 244 1207 324 vna.
1240 248 1595 328 retunsona.
1986 250 2063 332 aaa

131 423 425 515 tnavigationum
447 449 591 501 auarum
613 430 806 501 terminum
829 452 895 500 sno
918 424 1021 500 eaor·
1072 423 1306 520 Mycenarum
1328 450 1465 517 regem,
1499 443 1533 500 ct
1555 427 1699 499 Nelidae
1722 427 1882 500 Nestoris
1902 442 2061 520 posteros

148 528 313 615 nomine,
339 531 434 623 quod
450 543 568 601 tamen
582 531 811 603 verisimilius
827 546 880 603 est
896 534 942 602 ab
956 556 1020 602 an·
1070 529 1180 620 partis
1203 526 1441 600 Messeniacar
1462 533 1646 617 dominos,
1672 546 1748 603 tum
1769 527 1835 602 hos
1857 528 2061 624 Aesculapii

131 631 238 701 tsimis
268 628 396 701 Baltiri
427 633 566 704 littoris
588 634 725 705 accolis'
746 632 936 705 Germanis
964 634 1020 703 illi
1071 645 1215 722 nepotes
1245 633 1398 703 deiectos
1427 636 1470 702 de
1493 634 1632 724 fastigio
1658 636 1925 726 gubernationis
1949 648 1982 705 et
2004 634 2061 703 di-

131 746 207 805 tum
229 754 319 820 esse,
345 736 447 822 inde,
471 740 568 830 quod
591 738 700 808 fuerit
722 740 821 808 limes
843 737 1020 829 vergentis
1069 735 1168 803 tione
1189 759 1230 804 ac
1251 735 1394 805 sedibus
1416 750 1539 808 exutos
1563 750 1634 808 tota
1651 739 1867 831 pepulerunt
1881 737 2061 829 Pelopon-

131 858 243 906 oream
265 839 387 928 plagae
411 840 549 914 mundi.
616 840 781 912 Limitem
805 841 901 910 enim
927 840 1020 911 Ger·
1069 860 1166 910 neso.
1218 835 1379 908 Transiit
1402 838 1609 909 Tisamenes
1632 842 1669 909 in
1696 837 1887 920 Achaiam,
1914 863 2061 933 eamque

139 936 416 1026 vecantThuel,
441 943 551 1013 veteri
565 943 746 1019 Saxonum
763 943 895 1035 lingua.
948 942 1021 1013 Nec
1070 950 1275 1032 occupatam
1300 943 1482 1011 comitatui
1500 967 1563 1012 suo
1580 944 1779 1023 distribuit,
1809 941 2061 1015 colonisloni-

131 1074 135 1103 ι
158 1041 195 1110 ἰῐι
216 1067 322 1135 quern
338 1044 448 1113 alium
464 1069 569 1115 usum
582 1047 771 1119 inusitatae
785 1070 825 1117 ac
838 1047 1021 1139 prodigio-
1070 1042 1136 1112 bus
1159 1042 1289 1133 partim
1312 1045 1438 1128 caesis,
1465 1047 1592 1135 partim
1615 1047 1743 1138 pulsis,
1770 1047 1898 1136 partim
1915 1044 2062 1115 servatis

131 1142 326 1231 ltitudinis,
352 1172 392 1216 ac
413 1149 518 1219 m'olis
531 1151 731 1245 pyramides
747 1151 855 1220 tantis
869 1149 1021 1241 sumpti·
1069 1145 1234 1238 quidem,
1267 1148 1329 1214 sed
1352 1149 1489 1240 aequali
1512 1138 1700 1219 sortitioni¹
1716 1149 1893 1220 subiectis.
1960 1147 2060 1217 Neli-

131 1269 217 1336 reges
232 1245 399 1343 Aegyptii
423 1253 704 1339 construxerint,
729 1253 800 1323 nisi
820 1265 861 1323 nt
883 1276 923 1323 ex
947 1252 1020 1320 illis
1070 1250 1136 1316 dae
1150 1244 1310 1320 Athenas
1326 1251 1621 1339 commigrarunt,
1646 1265 1680 1322 et
1695 1253 1827 1343 recepti
1843 1275 1957 1344 aequo
1971 1250 2061 1330 iure,

131 1349 227 1440 pone
239 1353 344 1442 plana
360 1353 520 1448 alioquin
536 1380 576 1426 ac
590 1368 752 1448 patente,
778 1355 914 1426 eoelum
929 1378 1020 1449 quo-
1070 1352 1130 1420 sed
1146 1352 1191 1419 ab
1206 1352 1305 1421 omni
1322 1353 1524 1445 principatu
1534 1354 1664 1425 exclusi
1674 1355 1712 1422 in
1723 1355 1793 1423 vita
1802 1355 1938 1447 privata
1947 1352 2061 1422 Paeo·

131 1462 241 1522 tersus
259 1455 407 1525 liberius
424 1460 704 1555 conspiceretur,
728 1472 762 1529 et
777 1459 1020 1528 considerare-
1070 1453 1237 1522 nidorum
1267 1467 1304 1524 et
1333 1451 1671 1526 Alcmaeonidarom
1707 1456 1860 1528 familias
1892 1455 2062 1525 condide-

131 1556 282 1626 rtilicum
303 1559 488 1651 diligentia
507 1562 680 1647 exactius,
704 1584 920 1653 organorum
933 1584 1018 1631 con·
1070 1570 1172 1641 runt,
1206 1557 1296 1627 sicut
1319 1557 1501 1652 aliquanto
1523 1572 1605 1629 ante
1628 1558 1747 1628 Aiacis
1770 1559 1902 1648 posteri
1926 1557 2060 1627 ibidem

132 1658 250 1728 ntium
273 1685 350 1752 ope.
403 1661 492 1732 lude
513 1665 744 1757 Aesculapius
767 1665 940 1735 medicam
962 1666 1020 1733 ar-'
1070 1661 1322 1745 consederant,
1354 1684 1374 1729 a
1402 1662 1534 1756 quibus
1561 1660 1691 1732 Cimon
1721 1675 1756 1732 et
1778 1660 1961 1732 Miltiades
1992 1661 2062 1730 orti

131 1758 354 1833 nGraeciam
370 1767 521 1859 invexit,
545 1767 645 1838 cuius
659 1769 792 1860 posteri
806 1768 921 1837 avitae
936 1790 1020 1859 pro-
1069 1763 1181 1836 fuere.
1246 1757 1449 1854 Aesculapii
1478 1777 1622 1856 nepotes
1648 1764 1808 1835 contenti
1827 1765 1912 1833 artis
1935 1763 2061 1842 avitae,

133 1864 190 1934 nia
212 1868 466 1956 possessionem
486 1871 587 1963 quasi
603 1893 667 1962 per
679 1893 806 1941 manus
820 1866 1020 1940 haeredita·
1071 1861 1288 1935 haereditate
1310 1860 1449 1936 scholas
1472 1881 1543 1938 tres
1565 1866 1719 1937 medicas
1736 1880 1952 1959 aperuerunt
1970 1866 2061 1935 celc-

131 1967 297 2038 raditione
319 1985 513 2061 acceptam,
538 1996 562 2042 a·
573 1974 769 2044 maioribus
783 1976 1021 2058 retinuerunt,
1071 1968 1261 2052 berrimm,
1287 1968 1325 2036 in
1348 1966 1423 2039 Coo
1447 1994 1574 2053 unam,
1601 1970 1746 2039 alteram
1767 1970 1805 2038 in
1819 1966 1963 2053 Cnido,
1989 1983 2061 2038 ter-

131 2070 298 2143 dentibus
322 2075 361 2142 in
383 2075 527 2163 vestigia
551 2090 739 2167 parentum
765 2076 889 2147 liberis
916 2075 1021 2145 annis
1071 2073 1156 2141 tiam
1183 2071 1223 2140 in
1245 2095 1308 2140 ora
1333 2071 1453 2142 infima
1471 2071 1611 2159 ltaliae,
1642 2096 1749 2164 quam
1774 2068 1962 2142 Graeciam
1985 2094 2061 2141 ma-

131 2171 181 2243 ius
203 2175 302 2243 mille
325 2178 507 2259 ducentis,
530 2179 695 2250 instituto
718 2179 969 2271 proculdubio
985 2190 1020 2248 ct
1070 2197 1175 2266 gnam
1189 2188 1372 2250 vocamnt.

131 2274 177 2345 lin·
207 2272 430 2371 Aesculapii,
463 2281 525 2374 qui
557 2276 649 2352 banc
682 2306 746 2353 ceu
780 2282 1019 2372 alligationem
1172 2276 1311 2349 Harum
1336 2279 1436 2350 tertia
1453 2279 1572 2351 minus
1587 2282 1649 2351 diu
1664 2281 1804 2366 floruit,
1829 2280 1989 2351 fortassis
2003 2303 2062 2350 ar-

131 2400 226 2450 stum
242 2381 287 2449 ad
305 2404 389 2452 suae
402 2384 560 2455 familiae
571 2397 729 2477 posteros
744 2385 842 2456 velut
854 2384 894 2456 in
902 2381 1021 2479 Aegy-
1071 2382 1138 2450 mis
1156 2382 1344 2451 crescentis
1358 2380 1514 2453 Rotnani
1531 2384 1672 2475 imperii
1689 2383 1866 2476 dissipata.
1920 2383 1963 2453 ln
1977 2383 2062 2453 reli-

131 2478 330 2573 dCollegia
349 2476 572 2557 sacerdotum·
594 2488 774 2581 prospexit
797 2489 1020 2579 profuturam
1070 2483 1151 2577 quis
1170 2478 1327 2569 duabus,
1349 2497 1390 2555 ut
1411 2485 1484 2555 dixi
1501 2487 1654 2578 amplius
1667 2487 1766 2555 mille
1781 2487 1944 2557 ducentis
1958 2486 2062 2556 annis

152 2582 389 2657 vindicandae
409 2591 633 2684 tuendaeque
654 2592 802 2683 puritati
825 2591 1022 2675 doctrinae,
1070 2587 1188 2657 studia
1208 2587 1344 2657 medica
1366 2601 1400 2659 et
1418 2581 1663 2660 mathematica
1683 2591 1891 2680 viguerunt,
1914 2588 2063 2683 posteris

131 2688 252 2758 cendia
278 2703 385 2783 atquc
409 2693 621 2764 amoliendis
643 2694 889 2765 occasionibus
910 2718 1020 2764 nova·
1070 2689 1272 2781 Aesculapii
1287 2713 1327 2760 ca
1342 2692 1623 2780 gubernantibus
1638 2707 1672 2765 ct
1687 2693 1851 2783 religiosa
1867 2693 1935 2763 lide
1949 2692 2063 2761 maio-

137 2793 431 2883 corruptclarom.
500 2794 639 2866 Nomen
668 2786 873 2889 Aesculapii
902 2793 1020 2890 Aegy·
1070 2815 1150 2863 rum
1173 2795 1337 2882 dogmata
1361 2807 1396 2865 et
1421 2795 1559 2865 decreta
1576 2795 1758 2866 tuentibus
1775 2820 1815 2865 ac
1829 2794 2062 2867 custodienti-

131 2914 303 2983 tprorsus
318 2910 389 2982 est,
415 2898 591 2992 quidquid
603 2896 731 2970 Graeci
745 2900 1021 2970 comminiscan—
1070 2896 1147 2970 bus.
1201 2893 1243 2964 ln
1259 2892 1334 2967 Coo
1356 2910 1479 2968 natum
1495 2895 1749 2992 Hippocratem
1772 2900 1949 2971 decimum
1966 2910 2063 2968 octa-

131 3000 165 3067 cl
179 2997 235 3065 vel
251 3022 291 3067 ex
307 2996 519 3093 oechlepb
533 3003 747 3084 conflatum,
774 3004 887 3073 velex
906 3000 1021 3075 aeret
1070 3022 1154 3068 vum
1177 3000 1222 3069 ab
1243 2994 1454 3092 Aesculapio
1476 3003 1645 3073 referunt.
1702 2998 1787 3073 Post
1808 3000 2063 3093 Hippocratem

131 3090 186 3189 ir,
218 3100 347 3171 alludit
376 3105 421 3173 ad
452 3128 511 3190 ea,
544 3128 636 3198 quae
665 3107 711 3174 de
734 3130 838 3198 capra
864 3118 899 3175 et
923 3131 1021 3190 cane,
1070 3125 1161 3193 pene
1182 3102 1330 3173 ultimos
1351 3103 1490 3194 reperio
1511 3102 1746 3205 Praxagoram
1770 3119 1806 3176 et
1824 3102 2064 3185 Aristotelem,

131 3222 182 3271 ιιιι
205 3201 267 3271 illa
291 3207 466 3292 nutritus,
493 3203 560 3277 boc
581 3208 778 3279 custoditus
797 3208 960 3298 fingitur,
987 3220 1021 3278 et
1070 3205 1109 3273 in
1138 3207 1269 3299 quibus
1299 3206 1455 3275 familiae
1485 3207 1683 3293 desierunt,
1719 3209 1775 3276 vel
1806 3206 2064 3287 deficientibus,

131 3326 235 3372 imma
256 3331 346 3398 quae
363 3333 403 3378 ex
421 3334 462 3379 eo
478 3310 625 3380 invento
644 3311 799 3403 primum
815 3335 855 3380 ac
873 3334 1020 3401 conspe·
1069 3309 1127 3377 vel
1150 3308 1448 3399 degenerantibus
1469 3309 1637 3400 posteris,
1663 3322 1698 3380 et
1718 3309 1844 3378 alienis
1867 3309 1905 3377 in
1925 3302 2063 3377 scholas

131 3407 243 3498 rupit,
276 3410 315 3477 in
338 3409 558 3482 Graecorum
580 3436 642 3482 seu
663 3412 853 3497 fabulosis,
879 3437 941 3484 seu
963 3408 1021 3483 bi·
1070 3411 1166 3498 illas,
1199 3435 1240 3481 ac
1270 3411 1468 3482 societatem
1497 3412 1696 3483 studiorum
1729 3412 1863 3496 ascitis,
1896 3410 1958 3504 qui
1982 3433 2061 3479 cum

132 3508 166 3579 ia
195 3514 375 3583 annotatis
407 3530 745 3587 commemorantur.
814 3514 901 3586 Filii
929 3518 1019 3586 cele·
1071 3540 1145 3586 non
1169 3527 1284 3584 essent
1307 3514 1352 3584 ab
1376 3514 1522 3583 ineunte
1544 3527 1655 3587 aetate
1676 3514 1715 3585 in
1738 3510 1794 3585 bis
1816 3514 1955 3584 educati
1975 3511 2064 3583 arti-

131 3634 178 3683 ur
190 3612 267 3683 eius
280 3617 354 3686 duo
371 3614 584 3714 Podalyrius
598 3612 841 3706 etMachaon,
866 3644 1019 3715 quorum
1070 3621 1157 3704 bus,
1182 3641 1248 3687 nec
1271 3618 1446 3710 principia
1468 3618 1567 3690 velut
1590 3641 1670 3688 cum
1693 3619 1784 3689 lacte
1806 3616 1985 3690 nutricum
2004 3639 2064 3686 su-

131 3734 178 3801 m
199 3719 419 3809 expeditioni
440 3712 621 3793 Troianae
644 3722 825 3808 interfuit,
847 3725 907 3793 scd
931 3724 1021 3793 alter
1070 3723 1219 3807 xisscnt,
1244 3720 1438 3791 rectissime
1454 3721 1661 3812 explicatam
1676 3721 1894 3808 doctrinam,
1918 3720 1975 3788 vel
1989 3742 2064 3788 non

131 3814 241 3921 brius
260 3845 339 3890 curn
358 3820 427 3891 llio
443 3824 559 3895 deleto
574 3825 734 3897 redirent
751 3823 904 3914 Graeci,
932 3841 1020 3897 tem·
1070 3823 1249 3918 assequuti
1281 3824 1425 3894 inventa
1457 3823 1632 3894 maiorum
1661 3823 1803 3896 inscitia
1832 3848 1874 3895 ac
1899 3822 2066 3904 ruditate,

131 3917 312 4015 leSyron,
338 3926 486 4017 quaein
505 3928 706 3998 continenti
719 3927 845 4000 Cariae
860 3928 946 3998 urbs
960 3941 1022 4013 est,
1070 3929 1128 3997 vel
1151 3940 1191 3998 ut
1216 3926 1337 4018 potius
1358 3949 1461 4010 reor,
1493 3940 1529 3997 et
1549 3940 1590 3998 ut
1612 3950 1709 3997 nunc
1727 3928 1787 4012 lit,
1811 3927 2005 3997 ambitione
2026 3947 2065 3993 ac

131 4022 217 4091 ornis
233 4026 392 4111 delatus,
416 4027 468 4097 ibi
485 4030 684 4101 consedisse
699 4033 863 4103 traditur.
918 4028 1021 4101 Alter
1070 4029 1210 4101 malicia
1235 4044 1486 4120 corruperunt.
1552 4027 1775 4112 ltafactum,
1806 4043 1947 4098 utrum
1973 4025 2061 4095 exci-

131 4146 206 4193 taon
223 4126 262 4195 in
278 4130 393 4218 prelio
410 4132 455 4200 ab
465 4129 639 4227 Euripylo
650 4130 803 4225 Telcpbi
818 4134 892 4203 lilio
908 4135 1020 4203 inter·
1071 4134 1181 4203 disset
1201 4132 1340 4203 cultura
1364 4145 1397 4202 et
1422 4131 1597 4221 professio
1615 4131 1702 4200 artis
1718 4131 1875 4200 medicae
1891 4127 2065 4199 limitibus

131 4248 137 4291 ι
158 4242 220 4299 cst.
269 4228 358 4303 Eius
381 4233 485 4304 liberi
505 4236 580 4304 nati
605 4249 719 4307 matre
741 4235 904 4308 Anticlea
930 4233 1021 4306 Dio·
1069 4236 1226 4306 familiae
1240 4230 1443 4326 Aesculapii
1460 4247 1494 4304 ct
1509 4234 1665 4303 cessisset
1681 4232 1827 4319 alienis,
1852 4256 1935 4303 mox
1954 4232 1992 4299 in
2008 4230 2065 4300 di-

131 4326 209 4415 llh,
242 4335 303 4426 qui
329 4330 466 4407 Pharas
488 4339 525 4405 in
550 4336 767 4409 Messeniaca
790 4340 924 4426 tenuit,
955 4338 1020 4408 Ni·
1070 4362 1187 4409 versas
1211 4338 1285 4407 imo
1308 4336 1504 4407 contrarias
1520 4337 1687 4407 distracta
1703 4337 1911 4428 opiniones,
1936 4358 1975 4404 ac
1991 4333 2065 4402 dis-

131 4426 231 4518 rbu's,
257 4433 456 4526 Gorgasus,
483 4436 681 4531 Alexanor,
708 4438 890 4537 Spbyrus,
917 4442 1019 4534 potiti
1070 4442 1236 4513 senaione
1257 4452 1291 4510 et
1313 4439 1548 4532 discrepantia
1569 4440 1774 4510 docentium
1796 4440 1900 4509 foede
1914 4439 2064 4508 lacerata

162 4534 425 4629 principatibus
463 4543 502 4612 in
535 4540 780 4629 Messeniaca„
820 4540 1019 4637 Epidaurio
1070 4568 1161 4636 pene
1189 4542 1394 4617 conciderit.
1459 4536 1595 4635 Estque
1625 4542 1772 4611 incertis
1804 4543 1929 4614 iactata
1958 4554 2065 4631 atque

131 4635 249 4733 flami,
282 4639 455 4714 Pbarensi
478 4642 632 4731 Dioclis,
663 4659 774 4716 artem
806 4649 844 4717 in
870 4646 1018 4717 Graecia
1070 4649 1198 4738 agitata
1215 4645 1410 4738 dubiisqlle
1421 4646 1606 4716 sententiis
1620 4668 1676 4714 ars
1690 4644 1913 4715 nobilissima
1929 4644 1973 4712 ad
1988 4638 2063 4709 Ga·
2101 4678 2105 4685 ,

131 4762 157 4807 n
186 4756 221 4812 et
246 4744 408 4815 docendo
437 4762 471 4819 et
495 4749 706 4819 medicando
728 4751 938 4831 ¹factitarunt
960 4773 1020 4819 os-
1069 4752 1190 4821 lenum
1212 4770 1325 4842 usque
1346 4748 1408 4841 qui
1430 4747 1596 4819 discussis
1621 4772 1661 4817 ac
1675 4746 1835 4816 refutatis
1850 4745 2065 4814 deliramen-

131 4844 162 4913 td
187 4847 342 4916 reditum
366 4846 638 4922 Heraclidamm
660 4853 698 4921 in
721 4850 1020 4946 Peloponnesum.
1069 4854 1115 4924 tis
1137 4853 1256 4946 inepte
1278 4850 1551 4931 medicantium,
1583 4847 1857 4942 Hippocraticae
1879 4846 2062 4919 doctrinae

131 4944 236 5017 :lidae
277 4950 373 5018 enim
414 4953 566 5045 repetito
605 4967 640 5024 et
678 4970 883 5046 recuperato
923 4956 1018 5026 avito
1069 4956 1224 5027 nativam
1245 4954 1373 5023 ideam
1402 4976 1444 5024 cx
1475 4953 1572 5022 tricis
1601 4974 1821 5044 aspersarum
1854 4965 1888 5022 et
1912 4951 2064 5021 circum-

131 5046 163 5134 ·,'
199 5075 239 5120 ex
271 5077 344 5145 quo
372 5055 513 5130 fuerant
545 5059 590 5128 ab
621 5052 822 5152 Eurystheo
853 5061 1020 5152 primum,
1067 5060 1226 5130 fusurum
1241 5054 1454 5149 opinionum
1471 5055 1649 5124 evolutam
1667 5070 1773 5148 atque
1791 5055 1988 5145 expeditam
2007 5074 2087 5129 rc·‚

131 5151 216 5231 inde
246 5151 313 5225 boc
342 5157 388 5227 ab
415 5157 513 5230 lolao
545 5162 584 5229 in
607 5155 725 5231 Attica
749 5163 943 5246 trucidato,
974 5161 1020 5231 ab
1069 5162 1196 5232 stituit.
1245 5158 1316 5233 Sed
1340 5159 1383 5227 ad
1400 5153 1602 5253 Aegyptum
1627 5173 1806 5245 revertor,
1831 5158 1869 5226 in
1884 5182 1952 5251 qua
1968 5155 2063 5225 anti-

131 5254 163 5325 ia
195 5269 234 5327 ut
263 5259 516 5333 invadentibus
545 5288 586 5333 ac
618 5264 838 5356 rapientibus
870 5287 1017 5357 regnum
1068 5265 1189 5358 quitus
1212 5261 1477 5352 angustioribus
1500 5260 1677 5330 inclusum
1704 5261 1876 5331 limitibus
1901 5258 1986 5330 solis
2008 5281 2064 5327 sa-

131 5376 240 5429 utum
270 5363 425 5453 acutri,
459 5390 540 5436 curn
571 5364 661 5435 alios
683 5364 923 5460 Peloponnesi
951 5369 1018 5437 do-
1068 5369 1251 5440 cerdotnm
1275 5364 1421 5435 familiis
1439 5363 1645 5455 ctrollrgiis
1661 5363 1890 5434 incumbebat
1905 5360 2066 5433 studium

131 5480 160 5546 t,
193 5476 234 5534 nt
255 5459 482 5538 Tisamencm
504 5463 646 5541 Orestis
674 5468 789 5540 lilium
812 5471 960 5567 Spartae
982 5481 1017 5539 el
1067 5492 1186 5542 rerum
1202 5472 1379 5542 bonarum
1395 5490 1435 5537 ac
1449 5464 1732 5559 disciplinarum.
1911 5460 1914 5465 ’
