4680 6038
554 225 832 331 uuonan·
861 223 1195 304 numerata
1228 226 1337 306 usu
1370 250 1453 306 ωε.
1691 200 1694 205 ’
1939 236 2016 309 222

131 411 297 473 autorem.
348 397 396 471 Et
420 425 460 470 eo
485 401 596 491 magis
620 425 848 485 veneremur,
871 415 905 472 et
923 426 982 470 or·
1031 402 1137 472 simul
1153 402 1275 488 vitam,
1301 402 1426 488 lucem,
1449 405 1656 496 sapientiam
1676 419 1710 478 et
1726 405 1901 476 iusticiam
1919 428 2018 475 suam

132 504 316 571 tualeamus
349 503 520 596 loquendi
542 505 760 587 facultatem,
794 503 876 596 quia
908 501 991 572 fitio'
1032 506 1068 571 in
1096 528 1160 572 nos
1182 518 1321 595 spargat
1341 505 1379 574 in
1404 520 1475 578 tota
1498 510 1720 591 aeternitate,
1753 511 1847 601 quod
1875 509 2018 600 quidem

131 606 238 673 raudo
258 605 405 674 consilio
424 604 594 675 tribuitur
608 607 797 697 appellatio
815 597 935 703 λόγος.
1031 607 1114 677 facit
1133 607 1171 674 in
1195 607 1408 696 cogitatione
1430 622 1548 680 nostra
1571 612 1615 680 de
1633 610 1810 680 creatione
1827 623 1862 679 et
1879 611 2018 680 redem-

132 737 275 793 tautem
293 737 384 792 recte
402 723 619 792 celebremus
636 723 747 792 Deum
771 723 810 791 in
827 725 980 814 explica·
1032 710 1153 799 Pll⁰¹¹²
1170 733 1231 799 Pel
1247 709 1371 781 filium·

134 824 313 906 octrinae,
336 826 492 916 profecto
508 849 597 914 opus
617 838 666 893 est
682 825 753 892 illis
770 827 908 895 duabus
923 850 979 895 re·
1080 828 1139 899 Sic
1156 827 1273 919 inquit
1288 826 1455 917 Stigclius
1472 842 1506 899 et
1523 827 1628 899 viret
1649 833 1754 921 poe'ta
1770 830 1939 918 optimus:

131 925 277 1013 tuitione
291 950 430 1011 rerum,
456 941 491 997 et
505 929 601 996 bono
619 948 745 1015 genere
768 928 954 997 sermonis.
1141 933 1388 1020 Praesentemquo
1402 938 1493 998 refert
1510 940 1661 1021 quaelibet
1673 940 1765 1001 herba
1780 935 1894 1001 Deum.

131 1065 195 1114 sne
217 1057 372 1112 nostram
398 1039 700 1128 adhortationem,
731 1069 821 1138 quae
844 1069 978 1138 nequa·
1031 1042 1102 1114 Sed
1119 1047 1290 1115 addamus
1307 1043 1371 1115 hos
1387 1070 1526 1116 versus:

131 1168 186 1232 par
211 1157 262 1212 est
275 1146 511 1233 magnitudini
530 1147 599 1226 rei,
628 1148 671 1214 de
686 1171 755 1239 qua
768 1147 862 1231 dixi,
891 1163 977 1241 opto
1127 1152 1190 1218 Nee
1203 1151 1288 1216 Deus
1308 1156 1438 1216 ostendit
1453 1178 1484 1216 se
1498 1168 1615 1218 tantum
1629 1170 1663 1218 ut
1678 1178 1805 1240 eorpora
1819 1170 1914 1237 curet,

135 1247 261 1316 landos
286 1246 442 1315 iuniores
465 1248 601 1340 aliquid
627 1250 765 1316 adferre
796 1249 978 1321 momenti.
1181 1253 1242 1319 Sed
1257 1280 1310 1318 our
1325 1262 1433 1320 serrari
1447 1280 1503 1320 nos
1518 1263 1612 1321 velit:
1638 1263 1690 1320 ille
1705 1273 1820 1326 monet.

131 1360 209 1416 ttem
234 1347 349 1435 ipsum
373 1348 486 1417 fillum
512 1349 575 1419 Dei
601 1347 797 1419 Dominum
817 1364 977 1420 nostrum
1133 1355 1256 1422 Scilicet
1271 1373 1306 1421 ut
1321 1382 1383 1422 seso
1398 1363 1486 1423 nobis
1502 1367 1705 1424 eommunIoet
1718 1367 1795 1444 ipse,

131 1444 330 1538 Christum,
356 1451 559 1520 crucifixum
580 1474 642 1538 pro
660 1452 765 1521 nohis
783 1464 816 1520 el
831 1452 980 1522 resttsci-
1181 1459 1306 1544 Semper
1321 1476 1351 1525 et
1366 1477 1400 1525 ut
1414 1469 1516 1526 vivant
1530 1477 1651 1546 pectora
1667 1469 1757 1546 plena
1769 1462 1847 1535 Deo,

166 1554 347 1620 custodem
379 1565 414 1620 et
438 1566 542 1642 caput
565 1551 763 1639 Ecclesiae,
798 1554 918 1623 omnia
941 1554 978 1622 in
1024 1612 1031 1628 .
1130 1561 1219 1627 Tuno
1231 1578 1331 1627 eutem
1348 1569 1380 1626 iu
1395 1569 1482 1628 nobis
1496 1567 1605 1648 fulget,
1631 1579 1838 1649 tunepeetora
1855 1565 1997 1643 complet,

131 1675 162 1723 ts
187 1651 390 1744 perficiens,
414 1666 453 1720 ut
477 1677 542 1722 nos
568 1656 822 1744 gubernet,-et
841 1679 980 1746 semper
1177 1665 1267 1730 Mens
1283 1673 1333 1750 pio
1349 1691 1418 1731 oum
1438 1669 1526 1731 discit
1539 1690 1663 1730 munere
1678 1690 1765 1732 nosse
1780 1665 1851 1731 Dei.

149 1754 355 1846 ²⁰Sl⁰⁰lb¹¹⁸
387 1767 565 1826 ‘lemnam
596 1753 792 1826 E⁰⁰l⁰⁵l³ffl
826 1758 979 1847 ⁰⁰¹¹lssll·
1029 1776 1141 1870 Saepe
1158 1803 1237 1848 curn
1255 1779 1397 1849 intueor
1413 1780 1582 1852 luctantia
1602 1774 1789 1868 pharmaca
1813 1805 1894 1851 eum
1916 1775 2015 1846 m'or-

1030 1881 1095 1964 bis,
1113 1882 1226 1971 cogito
1240 1883 1283 1951 de
1295 1883 1409 1951 causis
1423 1907 1488 1952 cur
1501 1877 1665 1953 homines
1680 1883 1815 1953 conditi
1828 1882 1913 1965 siut,
1934 1876 2015 1950 tin-

1030 1983 1073 2049 ile
1094 1978 1179 2053 baec
1203 1996 1299 2053 tanta
1312 1983 1370 2053 sit
1392 1997 1462 2053 tam
1480 1985 1689 2075 praestantis
1703 1999 1848 2055 naturae
1863 1980 2015 2052 infirmi-

1031 2084 1105 2153 tas?
1131 2108 1238 2178 quare
1253 2108 1350 2155 mors
1364 2086 1403 2153 in
1425 2080 1517 2155 banc
1532 2085 1599 2156 Dei
1616 2087 1805 2176 imaginem
1828 2097 2015 2175 grassetur,

131 2216 151 2287 p
809 2253 847 2291 m
883 2229 967 2293 1557
1031 2185 1104 2257 Cur
1125 2187 1170 2256 ad
1193 2200 1329 2277 tempus
1353 2187 1390 2254 in
1415 2181 1480 2256 hae
1500 2187 1570 2256 vita
1597 2210 1663 2257 nos
1687 2188 1766 2258 cibo
1794 2202 1827 2258 et
1847 2183 2014 2256 remediis

131 2266 169 2341 ὖ
801 2275 978 2347 se'ma'
1029 2302 1159 2374 servet,
1185 2291 1365 2382 quomodo
1381 2311 1446 2357 nos
1461 2302 1523 2379 per
1538 2290 1649 2358 tilium
1663 2288 1848 2359 restituat?
1880 2283 1934 2355 De
1957 2279 2014 2353 bis

199 2420 275 2503 De
301 2380 556 2503 'mede-cinae
567 2441 570 2449 .
581 2448 666 2507 um
691 2430 760 2503 etc
1031 2394 1135 2459 rebus
1150 2390 1311 2459 maximis
1326 2390 1430 2479 simul
1446 2414 1511 2458 nos
1524 2391 1761 2462 remediorum
1778 2386 2013 2461 consideratio

647 2508 650 2514 '
762 2480 773 2503 ⁰
1030 2507 1062 2562 et
1079 2491 1263 2560 medicatio
1280 2491 1560 2563 commonefacit.

131 2590 160 2693 ft'
171 2597 294 2681 ueetam.
308 2598 351 2717 g·
367 2593 412 2675 ll·
431 2611 457 2662 P·
472 2596 523 2718 ⁷9¹3
538 2614 614 2715 ’pto
636 2595 978 2722 ⁸3¹v²⁸⁸·T·JV13,tgh⁶⁴⁸·
1132 2606 1222 2679 Cum
1248 2609 1357 2699 igitur
1379 2611 1422 2679 de
1444 2610 1629 2696 remediis,
1665 2622 1699 2681 et
1719 2611 1764 2680 de
1779 2622 1853 2681 arte
1876 2607 2014 2678 medica

149 2667 239 2721 Μ
261 2685 286 2716 '¹'
336 2675 473 2717 “imnum
519 2703 527 2719 '
568 2671 656 2738 ·1²·¹
678 2707 686 2723 '
709 2677 807 2737 ἨΝ
874 2688 881 2719 ¹
917 2672 977 2763 ‘i‘
1029 2711 1201 2796 dicimus,
1228 2734 1330 2803 saepe
1348 2708 1547 2803 ‘repetimus
1569 2713 1763 2784 conditoris
1784 2712 2014 2794 mentionem,

146 2732 182 2791 ll.
221 2735 306 2788 .127.

202 2755 219 2806 p
1030 2828 1064 2883 et
1085 2813 1255 2894 dicimus,
1289 2815 1333 2883 ad
1357 2838 1460 2907 quem
1483 2837 1688 2884 nsumnon
1711 2816 1826 2885 solum
1856 2812 2014 2884 remedia

150 2892 200 2967 ¹3⁰
233 2891 442 2967 medicinae
469 2916 561 2983 “Sus
594 2897 688 2966 ilem
713 2917 844 2968 ferum
877 2917 976 2990 ΨΜ·
1030 2915 1171 2986 condita
1186 2914 1269 3000 sint,
1286 2917 1345 2985 sed
1361 2916 1465 2985 etiam
1482 2912 1669 2987 hominum
1686 2929 1829 2987 natura:
1856 2928 1898 2987 ut
1912 2936 2015 3007 saepe

156 3007 196 3070 et
223 2995 465 3090 aaattpattta3
490 3002 659 3069 recitata
682 3020 710 3067 α
731 3002 782 3070 D·
806 2996 979 3070 Iollan·
1029 3041 1095 3086 nos
1116 3017 1185 3108 ipsi
1199 3013 1276 3086 Deo
1300 3018 1338 3086 in
1365 3018 1509 3110 publico
1530 3032 1631 3089 coetu
1646 3019 1775 3107 gratias
1790 3040 1932 3107 agamus
1948 3040 2013 3108 pro

224 3120 280 3169 ne
311 3104 591 3171 Hermanno.
633 3098 745 3173 1557·
1029 3119 1196 3188 onenibus
1216 3119 1412 3189 beneficiis:
1442 3134 1476 3191 et
1491 3120 1665 3192 iuventuti
1681 3115 1878 3209 hortatores
1893 3119 2016 3202 simus,

131 3247 256 3317 demur
278 3245 406 3336 inepti,
433 3248 528 3338 quod
551 3269 653 3336 saepe
676 3248 821 3316 eandem
846 3246 978 3315 ongo,
1029 3234 1069 3290 ut
1091 3220 1135 3337 de
1152 3215 1249 3306 Deo,
1275 3233 1311 3290 et
1325 3221 1369 3289 de
1394 3220 1469 3290 eius
1490 3221 1668 3339 beneficiis
1691 3220 1829 3337 saepius
1849 3220 2015 3308 cogitent,

131 3348 281 3419 perimus
295 3352 339 3416 de
361 3349 466 3416 laude
498 3350 736 3418 remediorum
762 3364 796 3418 e,
823 3348 977 3416 medic„
1030 3334 1120 3409 grata
1142 3344 1221 3389 eum
1247 3321 1442 3406 celebrent,
1469 3335 1502 3393 et
1525 3344 1601 3392 crus
1620 3323 1726 3391 donrs
1749 3335 1841 3391 recte
1856 3333 2014 3392 utantur.
2070 3392 2073 3397 ,

139 3474 223 3521 cum
240 3451 278 3516 in
292 3474 330 3518 re
348 3451 531 3521 manifesta
546 3474 620 3519 non
636 3450 681 3520 sit
695 3474 784 3541 opus
801 3449 905 3519 toties
921 3471 977 3518 re·
1029 3422 1084 3493 Sil
1106 3421 1214 3540 {83le
1235 3417 1321 3491 haec
1342 3423 1455 3514 l’flma
1484 3437 1519 3495 0²
1546 3423 1735 3543 l³¹³³f³fll>¹¹a
1765 3446 1846 3541 l.)ars
1874 3435 2014 3540 ¹¹⁰?ll30

131 3553 521 3636 wmmonesacgonem,
545 3552 680 3622 militas
701 3553 795 3621 euim
810 3551 977 3621 omnibus
1029 3537 1211 3604 oratronrs,
1235 3548 1341 3617 quarn
1359 3549 1423 3594 vos
1438 3550 1573 3596 mecum
1590 3549 1657 3617 pus
1670 3525 1848 3596 mentibus
1862 3535 2016 3594 recitate·

131 3666 238 3746 pectu
254 3667 324 3736 est,
350 3669 384 3724 et
399 3654 479 3723 illae
502 3654 705 3724 barbaricae
722 3672 756 3725 et
770 3651 979 3747 Cyclopicae
1132 3640 1220 3711 Tibi
1235 3643 1460 3735 omnipotens
1474 3640 1580 3723 Deus,
1603 3644 1693 3729 Vive,
1718 3643 1873 3735 ⁸³Pl⁰⁰⁸s
1899 3666 2016 3725 verax,

131 3780 179 3827 tes
201 3757 285 3824 satis
309 3756 478 3825 refutatae
502 3768 602 3841 sunt,
628 3756 873 3849 quaefmgnnt
896 3777 976 3823 casu
1029 3743 1135 3826 inste,
1167 3744 1342 3830 benefice,
1380 3759 1473 3816 caste
1500 3760 1533 3816 et
1556 3746 1758 3826 liberrime,
1788 3759 1930 3815 aeterne
1951 3767 2016 3837 pa-

131 3846 221 3942 beri,
246 3882 310 3929 nec
326 3858 449 3926 insitas
464 3880 535 3926 esse
550 3858 737 3928 dissimiles
755 3858 846 3926 vires
863 3879 977 3926 reme.
1028 3859 1082 3916 ter
1101 3845 1247 3915 Domini
1272 3847 1384 3916 nostri
1410 3845 1487 3916 lesu
1504 3842 1657 3931 Christi,
1684 3847 1847 3917 conditor
1859 3847 1958 3917 coeli
1980 3858 2016 3914 et

131 3974 260 4033 [mem
276 3959 557 4027 commenticiam
575 3982 663 4029 esse:
699 3973 817 4028 tamen
843 3959 977 4048 gravis.
1029 3962 1160 4027 terrae,
1184 3962 1216 4015 et
1232 3943 1438 4040 hominum,
1464 3973 1630 4020 unacum
1653 3949 1726 4017 lilio
1746 3963 1807 4019 tuo
1829 3963 2014 4017 coaeterno

131 4080 206 4133 ma
223 4076 293 4144 est,
319 4084 382 4129 cur
404 4085 506 4151 saepe
528 4063 573 4128 de
593 4054 649 4129 his
665 4061 831 4150 operibus
845 4060 978 4128 divinis
1030 4049 1185 4119 Domitio
1206 4063 1327 4118 nostro
1345 4049 1424 4119 lesu
1439 4045 1581 4121 Chrlslo
1605 4063 1639 4118 el
1654 4048 1789 4139 Spiritu
1807 4063 1868 4118 luo
1893 4062 2015 4118 sancto

131 4178 195 4245 ur,
232 4176 266 4239 et
288 4163 478 4231 dicendum
506 4176 578 4245 esa,
610 4162 792 4248 videlicet,
822 4161 978 4249 nigrati
1028 4150 1141 4219 effuso
1173 4150 1210 4219 in
1243 4149 1451 4240 Apostolos,
1484 4152 1676 4242 paracleto:
1709 4151 1837 4239 gratias
1866 4151 2015 4240 agimus,
2086 4162 2088 4166 '

131 4264 363 4346 ambiemus,
393 4278 427 4333 et
450 4263 651 4333 testimonia
675 4264 892 4354 praesentiae
908 4261 978 4333 Dei
1028 4252 1123 4345 quod
1141 4251 1315 4321 immensa
1335 4252 1578 4323 misericordia
1594 4266 1629 4323 te
1643 4252 1833 4341 patefecisti
1858 4252 1896 4321 in
1919 4274 2016 4321 crea-

131 4366 279 4437 identiae
295 4366 497 4454 cogitemus,
512 4389 552 4434 ac
567 4366 673 4436 simul
687 4386 753 4434 nos
769 4366 863 4456 ipsos
880 4388 977 4434 com·
1028 4354 1146 4445 tione,
1180 4354 1424 4446 redemptione
1448 4368 1483 4425 et
1505 4354 1771 4425 resuscitatione
1786 4355 1923 4445 generis
1945 4349 2015 4422 hu-

131 4468 284 4550 fflmus,
315 4471 358 4535 ad
386 4490 491 4559 quem
520 4467 625 4535 finem
656 4491 722 4537 1103
745 4467 814 4558 ipsi
841 4467 977 4536 conditi
1028 4455 1137 4529 mani.
1187 4451 1344 4549 thnod
1363 4456 1401 4523 ln
1421 4451 1486 4526 hac
1502 4457 1572 4527 Vlla
1590 4454 1727 4544 colligis
1750 4471 1926 4528 defentam
1943 4452 2039 4561 Ell-¹

160 4568 334 4643 Socordia
364 4582 416 4639 est
445 4592 630 4662 quaerere,
664 4570 708 4638 ad
740 4593 845 4662 quem
872 4591 975 4638 usum
1028 4557 1180 4641 clesiam,
1206 4571 1240 4626 et
1255 4573 1293 4628 ut
1312 4558 1467 4647 colligas,
1493 4553 1680 4628 bominum
1699 4558 1805 4627 vitam
1823 4581 1952 4636 servas,
1979 4570 2014 4626 et

148 4672 224 4743 ,im
251 4667 430 4741 absinthia
462 4685 497 4743 21
524 4664 698 4766 argutae:
745 4694 811 4739 nec
843 4669 978 4742 intueri
1027 4659 1089 4727 das
1102 4659 1378 4730 innumerabilia
1395 4660 1576 4745 beneficia,
1601 4675 1704 4752 teque
1719 4660 1811 4729 veris
1824 4660 2015 4749 gemitibus

133 4776 303 4869 ,dquem
321 4775 436 4843 mulio
461 4773 687 4842 maiomam
712 4767 978 4843 hominescon.
1026 4784 1188 4844 oramus,
1222 4773 1262 4829 ut
1292 4761 1456 4852 deinceps
1489 4786 1631 4855 qnoque
1646 4784 1798 4850 semper
1829 4762 1922 4828 iuter
1948 4782 2013 4828 nos

131 4891 165 4952 tt.
198 4871 454 4948 Remediorum
470 4875 570 4966 copia
585 4889 620 4946 et
635 4875 839 4945 distributio
855 4886 976 4944 osten.
1025 4875 1203 4931 aeternam
1227 4857 1421 4933 Ecclesiam
1450 4865 1615 4951 colligas,
1646 4875 1680 4931 et
1710 4885 1825 4931 serves
1849 4887 1887 4931 ac
1915 4885 2013 4949 regas

131 4979 246 5050 ,inum
264 4979 371 5047 vimi„
390 4974 687 5047 nemmem
732 4976 977 5055 sed-cunule
1024 4985 1090 5032 nos
1106 4974 1140 5033 et
1156 4962 1310 5033 familias
1335 4977 1484 5035 nostras.
1537 4963 1622 5035 Post
1644 4957 1735 5032 hanc
1758 4987 2014 5033 commemora·

131 5075 435 5152 mritiomines?
468 5077 624 5148 Tamum
640 5077 802 5163 neidffl,
822 5079 975 5149 aestua.
1024 5064 1160 5135 tionem
1193 5066 1239 5135 de
1272 5061 1347 5137 Deo
1389 5067 1624 5156 adiungamus
1661 5065 1766 5136 etiarn
1802 5067 2012 5158 particulam

143 5182 399 5271 voluptatibus,
425 5204 511 5274 quas
526 5181 676 5257 maxima
692 5203 772 5271 pars
788 5176 974 5249 hominum
1024 5165 1205 5237 doctrinae
1224 5160 1404 5260 Phy⁸lc³00

131 5284 255 5379 tpetit?
295 5282 370 5351 lmo
396 5296 547 5373 propter
572 5306 710 5351 cansam
747 5278 839 5351 hanc
864 5305 972 5350 unam
1126 5280 1357 5374 Amplissima
1389 5295 1442 5354 est
1468 5283 1640 5376 sapientia
1668 5285 1704 5354 in
1738 5281 1803 5354 hac
1830 5289 2011 5356 doctrina:

131 5386 372 5466 amasimam,
400 5407 473 5454 sese
490 5398 530 5455 ut
547 5386 653 5455 nobis
669 5383 916 5470 communicet,
939 5395 974 5455 et
1023 5387 1084 5456 sed
1107 5408 1205 5455 nunc
1228 5408 1453 5478 excerpemos
1475 5387 1683 5478 particulam
1708 5388 1945 5460 dulcissimam
1966 5394 2011 5458 de

131 2076 975 2090 ..mmm-m
