4680 6038
148 184 225 263 8⁹5
391 174 605 259 SCRIPTA
627 173 706 255 PH.
731 171 848 252 MEL
870 171 940 246 AD
964 172 1094 250 fflsr.
1117 171 1265 253 PROF.
1288 169 1358 250 ET
1380 170 1573 254 PHILOS.
1596 173 1918 254 seductum
2086 178 2159 258 Μ

253 357 393 432 luteres
406 353 544 430 Romae
557 349 704 422 Caesari
723 349 764 419 iu
778 343 975 422 Consulatu
996 370 1132 421 succes-
1284 344 1434 441 Semper
1443 362 1565 422 autem
1578 349 1686 423 ctiam
1699 351 1893 425 mediocres
1907 352 2164 445 gubernatores

153 476 280 537 serum
291 484 389 533 anrto
403 452 712 551 septingentesimo
728 464 825 521 sexto
839 447 995 522 Calenus
1011 466 1045 522 et
1061 450 1134 522 Va-
1183 451 1224 520 in
1239 450 1378 539 magnis
1389 451 1556 543 perieulis
1569 466 1665 526 sunt.
1715 449 1856 526 Cassius
1870 454 1984 544 igitur
1996 476 2082 525 cusu
2096 476 2168 525 nou

154 565 281 637 tinius.
331 560 382 635 Ut
396 574 513 631 autem
529 554 658 628 Caesar
677 576 808 623 nomen
823 548 970 625 haberet
984 553 1136 643 legitimi
1186 553 1397 624 obtinuisset
1408 551 1616 626 Praeturam
1629 555 1822 643 urbanam,
1847 580 1955 653 quam
1968 555 2171 649 appetebet,

154 664 402 757 Magistratus,
426 653 847 733 DictatoraMAntonio
862 656 988 727 absens
1001 669 1137 726 creatus
1186 668 1223 726 et
1250 654 1387 748 alioqui
1404 651 1588 727 Caesarem
1616 656 1765 745 odisset,
1797 659 1936 751 primns
1967 658 2044 730 tuit
2068 670 2172 729 autor

156 754 210 840 est
228 770 268 837 iu
291 789 436 840 annum.
495 757 549 832 Ac
566 759 707 830 rediens
729 782 770 829 eo
793 780 889 828 auno
903 757 1061 833 Romam
1083 757 1138 829 ibi
1186 756 1329 829 consilii
1345 757 1390 826 de
1409 755 1653 830 interficiendo
1670 757 1837 847 Caesare,
1867 774 1904 834 et
1923 773 2005 832 arte
2016 756 2173 837 ΒΜ

156 872 288 943 mansit
305 869 443 963 aliquot
455 863 647 935 mensibus.
1188 860 1234 930 ad
1257 857 1458 930 societatem
1481 855 1589 932 huius
1614 861 1757 932 consilii
1781 862 1966 956 pertraxit.
1993 910 1997 917 -
2033 858 2169 933 Deinde

260 1005 428 1077 Proximo
442 1025 537 1072 auno
558 997 872 1094 septingentesimo
893 996 1045 1089 septimo
1065 1009 1139 1068 ter-
1188 959 1293 1032 Bmfl
1315 961 1487 1080 ²⁰¹⁰le
1506 976 1664 1082 ξ’θῑθωῆ
1679 963 1864 1084 adiumllf,
1920 962 2035 1078 Fffffl
2066 962 2173 1055 illm

158 1110 249 1180 tium
266 1106 402 1179 Consul
424 1106 537 1175 factus
557 1117 609 1173 est
624 1099 756 1174 Caesar
777 1124 858 1171 cum
879 1097 1030 1191 Lepido.
1083 1094 1139 1170 Eo
1188 1085 1316 1134 mm
1332 1077 1593 1155 ⁶⁰⁰⁵P¹¹²²¹⁰¹¹⁸
1610 1052 2176 1145 ¹d¹b⁰⁸M³ffl¹⁸1ulmc⁰W

158 1235 254 1281 anno
280 1211 318 1279 aa
339 1203 495 1299 aphrica
521 1204 665 1276 caueae
685 1203 822 1274 aeuum
845 1201 950 1291 gesa
972 1204 1140 1272 adversos
1189 1166 1230 1337 {¹⁰
1244 1165 1358 1284 ,ω’ῐ·
1380 1162 1544 1285 Pegasi
1572 1165 1737 1288 opauco
1766 1181 1802 1238 et
1820 1165 1937 1240 Bruto
1965 1181 2003 1241 et
2032 1166 2174 1287 nee?

158 1312 327 1406 reliquias
354 1309 608 1399 Pompeianas,
649 1307 711 1376 ced
742 1305 827 1375 victe
861 1304 1013 1374 tandm
1084 1301 1139 1374 lbi
1217 1290 1298 1338 ulus
1327 1267 1469 1339 consulu
1498 1291 1646 1341 couscus
1675 1270 1881 1342 interfectus
1912 1283 1985 1359 est,
2028 1281 2177 1364 acceptis

158 1413 320 1485 Petreius
335 1411 459 1483 lubam
481 1433 599 1500 regem
620 1423 654 1480 et
675 1429 751 1477 sese
775 1406 961 1478 interiecit.
1019 1403 1140 1496 Scipio
1192 1369 1320 1462 viginti
1338 1369 1455 1440 “ihm
1470 1371 1691 1448 vulneribus.
2144 1422 2148 1427 .

161 1529 350 1611 quoqueet
365 1512 455 1585 Cato
472 1513 541 1583 sibi
556 1525 703 1582 mortem
721 1508 978 1583 consciverunt.
1035 1504 1143 1577 Afra·
1192 1586 1262 1658 δι’
1284 1468 1501 1644 3333
1511 1472 2175 1661 Ξὲῑέδῦἓὲἐῖῑὲἔηᾞὲῗῗέᾍ

160 1618 244 1688 nius
264 1641 345 1688 cum
368 1615 408 1685 iu
429 1626 634 1707 potestatem
646 1608 806 1683 Caesaris
827 1611 996 1693 venisset,
1028 1609 1143 1680 inter·
1194 1675 1204 1694 ,
1313 1677 1323 1693 ‚
1392 1677 1441 1694 ,,
1852 1679 1862 1697 0
2050 1679 2061 1697 .

160 1722 273 1790 fectus
296 1734 359 1790 est.
409 1719 500 1789 lude
512 1713 666 1788 Romam
688 1734 850 1783 reversus
864 1709 1012 1797 Caesar,
1046 1735 1142 1783 anno
1192 1678 1460 1795 ¹¹}fflnmd'm‘
1483 1670 1659 1750 human&
1681 1692 1718 1750 ‘¹
1738 1679 1918 1773 P‘ffidffi‘·
1980 1677 2083 1770 ΟΜ
2101 1680 2175 1772 1³¹⁰·

161 1818 472 1911 septingentesimo
501 1831 625 1888 octavo
654 1828 790 1884 creatus
819 1827 873 1885 εει
889 1810 1052 1886 Dictator
1071 1827 1145 1885 ter·
1193 1776 1278 1896 ‘Hui
1293 1777 1533 1898 interfefiwm
1547 1805 1568 1850 ὃ
1583 1779 1676 1853 ῙΠῙῙΟ
1693 1805 1768 1902 {¹⁰¹¹
1788 1782 1906 1903 ⁸⁰¹⁰?
1932 1782 2090 1869 “mlle
2116 1779 2172 1851 ’ὦ

161 1922 254 1995 ,pum
282 1923 322 1991 in
351 1945 465 1993 annos
485 1920 624 2002 decem,
660 1930 696 1989 et
720 1911 856 1987 Consul
876 1929 1043 2009 quartum
1067 1918 1145 1986 sine
1193 1893 1300 1950 ettam
1315 1875 1512 1952 honoribus
1527 1897 1561 1955 et
1575 1896 1731 1975 potentia
1753 1898 1871 1956 ornati
1893 1885 2061 1955 luerunt.
2103 1878 2169 1955 Her

164 2026 296 2116 collega
312 2026 423 2096 sactus
438 2034 502 2096 est.
551 2016 635 2110 Egit
655 2041 818 2105 censum,
843 2018 1025 2090 ordinavit
1046 2019 1145 2089 iudi·
1194 2006 1237 2052 ⁰⁰
1252 1983 1390 2055 ⁸¹¹bl³¹⁰
1403 2007 1472 2076 Ρίὶι
1484 2007 1558 2057 ⁸⁸⁸²
1569 1988 1706 2107 P⁰l¹¹lf2
1730 1983 1934 2059 ⁰¹⁸lCl⁶0t⁰
1950 1983 2169 2104 eljffisffls

163 2126 237 2218 cia,
271 2125 449 2219 supplevit
471 2123 664 2207 Senatum,
698 2133 733 2191 et
760 2135 920 2214 tempora
947 2121 1145 2193 rectoribus
1195 2097 1288 2156 ²⁰oe⁵
1307 2110 1425 2177 '’²⁰⁸¹‘'
1440 2088 1554 2158 fam
1567 2103 1684 2159 ‘⁰⁰³⁰
1698 2101 1792 2163 ⁵⁰⁰²·
1843 2086 1900 2159 Ac
1917 2100 2047 2160 ‘mm‘
2060 2100 2173 2180 ΡΜ·

255 2229 264 2246 .
315 2229 324 2246 .
571 2225 601 2294 ri
628 2224 686 2294 sib
1122 2253 1125 2259 ,
1195 2187 1253 2257 die
1271 2187 1310 2255 in
1324 2185 1458 2259 Senatu
1480 2188 1612 2261 factum
1639 2205 1690 2262 εει
1710 2192 1893 2261 decretum
1916 2191 1966 2261 de
1987 2183 2171 2283 ἀμνηστίᾳ,

161 2251 429 2319 mmmmm
449 2249 570 2318 pum
604 2248 626 2317 p
1195 2290 1233 2359 id
1250 2303 1322 2374 est,
1347 2302 1388 2359 ut
1403 2292 1565 2362 omnium
1580 2293 1741 2383 priorum
1755 2292 2010 2364 offensionum
2025 2304 2062 2364 et
2075 2289 2172 2362 caedis

1196 2391 1330 2462 oblivio
1346 2406 1445 2476 esset,
1469 2407 1505 2464 et
1519 2391 1871 2487 lormaRcipublicae
1888 2406 2171 2477 nominaretur,

1196 2517 1261 2563 nec
1277 2517 1370 2562 nova
1389 2493 1482 2564 bella
1498 2510 1737 2568 moverentur.

1298 2591 1417 2684 Quam
1440 2596 1558 2666 brevis
1581 2599 1689 2670 luerit
1711 2597 1913 2672 dominatio
1928 2595 2096 2672 Caesaris
2109 2610 2172 2690 post

596 2766 638 2782 ..
789 2765 798 2781 ,
863 2765 879 2782 ,,
942 2766 986 2783 Η
1103 2719 1148 2783 ‚⁹
1196 2697 1352 2767 reditum
1369 2722 1409 2767 ex
1425 2695 1619 2792 Hispania,
1645 2701 1968 2793 pacatisomnibus
1986 2700 2172 2796 provintiis,

166 2782 202 2840 et
218 2792 296 2839 sero
310 2772 355 2839 ad
372 2791 552 2861 vesperam
570 2780 673 2852 vicit,
706 2766 891 2836 truc1dat1s
907 2779 1050 2857 triginta
1063 2768 1148 2835 mrl-
1197 2799 1476 2890 intelligipomt
1496 2825 1538 2870 ex
1559 2815 1757 2895 temporum
1772 2803 1874 2880 mie·
1929 2798 2169 2876 Μωοώ,

163 2872 258 2943 libus
274 2866 445 2945 hosfium·
1197 2901 1255 2973 bri
1276 2897 1430 2972 Romam
1451 2927 1612 2974 reversus
1636 2907 1798 2999 proximo
1819 2904 1964 2978 Martio
1987 2905 2168 2979 interluetur

267 3005 422 3098 Recepta
432 3005 606 3098 Hispania
623 3020 657 3079 ει
673 3007 804 3096 pacatis
818 3007 986 3078 omnibus
1000 3005 1148 3097 provin·
1198 3018 1267 3085 est,
1306 3026 1401 3073 auno
1421 3005 1543 3076 aetatis
1565 3019 1663 3077 serto
1686 3022 1721 3079 ει
1739 3009 2069 3103 quinquagesimo,
2095 3028 2172 3078 auno

166 3111 230 3180 ciis
250 3106 405 3181 Romam
428 3133 547 3179 mense
569 3104 721 3179 Octobri
751 3110 876 3195 rediit,
917 3109 980 3181 ubi
1004 3109 1036 3178 ei
1061 3108 1147 3177 novi
1197 3104 1551 3197 bellicivilisasuga
1567 3106 1730 3201 Pompeii
1750 3135 1792 3180 cx
1813 3109 1919 3182 ltalia
1945 3127 2063 3184 sexto.
2115 3107 2174 3182 Not

164 3207 320 3281 bonores
348 3212 480 3282 decreti
502 3223 605 3296 sunt,
643 3223 684 3280 ut
714 3208 875 3283 Dictator
897 3224 1087 3303 perpetuus
1113 3224 1148 3280 et
1197 3209 1353 3277 intexam
1366 3209 1644 3299 disputationem
1663 3213 1707 3282 de
1722 3211 1813 3283 iure.
1863 3209 1951 3284 Etsi
1975 3214 2060 3285 lecit
2082 3235 2176 3308 quas·

167 3312 364 3406 Imperator
377 3313 643 3395 nominaretur,
669 3325 704 3382 et
718 3327 960 3385 sacrosanctus
977 3325 1084 3396 esset,
1110 3311 1147 3381 id
1199 3313 1281 3380 dam
1313 3309 1542 3397 insolentius,
1581 3327 1699 3383 tamen
1728 3315 1840 3385 multo
1869 3315 2099 3389 moderatior
2120 3314 2177 3385 luit

169 3430 239 3499 est,
266 3414 503 3499 inviolabilis,
528 3407 625 3505 ἱερὸς
646 3408 711 3483 καὶ
730 3411 888 3502 ἄσυλος,
915 3428 950 3484 ει
974 3427 1014 3484 ιιι
1029 3411 1149 3504 Magi·
1198 3411 1297 3508 Sylla
1312 3423 1346 3480 et
1363 3409 1482 3482 Mario
1498 3427 1531 3484 et
1548 3413 1645 3501 aliis,
1669 3416 1734 3509 qui
1747 3429 1851 3487 antea
1867 3416 1907 3486 iu
1927 3419 2098 3489 civilbus
2111 3418 2178 3488 bel·

169 3531 299 3588 stratus
313 3517 471 3585 iurarent
484 3515 523 3582 in
539 3515 649 3604 ipsius
667 3526 754 3585 acta.
808 3514 860 3586 lta
885 3539 1021 3586 summa
1047 3529 1148 3608 pote-
1198 3514 1243 3583 lis
1266 3509 1538 3602 Rempublicam
1560 3531 1822 3609 oppresserunt.
1881 3514 2048 3593 Etcum
2070 3543 2177 3591 revera

169 3632 240 3687 stas
259 3619 290 3685 ei
309 3617 478 3687 attributa
495 3628 547 3685 εει
563 3616 748 3687 universae
760 3616 1041 3705 gubernationis.
1093 3613 1148 3688 Eo
1199 3613 1313 3686 lulius
1325 3608 1587 3709 Magistratus
1609 3632 1698 3691 esset
1720 3622 1861 3692 decreto
1884 3623 2042 3713 publico
2059 3623 2175 3693 coufir-

169 3734 330 3807 tempore
349 3717 441 3806 leges
458 3715 567 3785 lulius
589 3715 684 3790 tulit.
733 3713 782 3790 Et
802 3742 935 3788 annum
955 3719 1149 3804 ordinavit,
1199 3730 1333 3801 matus,
1371 3741 1443 3812 quo
1466 3719 1497 3788 ei
1522 3720 1655 3792 tributa
1680 3736 1754 3792 erat
1776 3745 1918 3793 summa
1945 3738 2110 3818 potestas,
2143 3736 2177 3793 et

170 3843 242 3912 quo
258 3814 427 3889 hacteuus
441 3818 609 3888 universo
629 3818 815 3908 posteritas
838 3843 902 3890 usa
926 3833 997 3904 est,
1031 3821 1150 3913 quiet
1199 3844 1270 3913 quo
1287 3834 1449 3891 sanxerat
1463 3818 1615 3893 Senatus
1637 3846 1718 3893 euru
1737 3824 1993 3897 inviolabilem
2014 3849 2101 3912 esse,
2127 3827 2179 3896 in-

171 3944 286 3992 annus
309 3920 470 3991 Iulianus
492 3919 710 4013 appellatur,
751 3920 852 3991 cuius
874 3921 1047 3993 rationem
1068 3945 1151 4014 per·
1199 3921 1330 3992 iustum
1346 3921 1414 3992 luit
1431 3944 1510 3992 eum
1527 3923 1734 3996 interficere.
1784 3923 1838 3996 De
1854 3927 1968 4000 initio
1984 3929 2180 4002 bellietiaut

168 4024 346 4095 turbatam
379 4023 417 4092 in
446 4022 550 4092 bellis
579 4021 745 4093 civilibus
774 4019 956 4113 Augustus
984 4023 1150 4099 restituit.
1199 4023 1340 4104 iudico,
1373 4048 1454 4094 eum
1476 4024 1515 4094 in
1540 4049 1622 4098 casu
1643 4025 1821 4117 legitimae
1843 4029 2075 4104 defensionis
2096 4054 2180 4104 arura

168 4122 260 4194 Nam
292 4139 373 4196 aute
404 4123 537 4194 lulium
563 4121 721 4196 Romani
749 4126 932 4197 mensibus
960 4125 1149 4197 duodecim
1199 4125 1341 4217 cepisse.
1393 4123 1465 4195 Sed
1478 4126 1629 4199 sciamus
1642 4153 1698 4200 res
1712 4125 1886 4201 humanas
1901 4135 2111 4227 quamlibet
2122 4135 2183 4205 llo·

171 4227 356 4295 lunaribus
386 4249 521 4295 aunum
548 4225 738 4312 liniebant,
782 4239 818 4299 ct
846 4227 930 4321 quia
960 4243 1150 4320 supersunt
1199 4241 1334 4312 rentes,
1358 4226 1512 4299 sacilime
1529 4231 1640 4301 everti
1654 4232 1835 4304 deserente
1850 4230 1953 4319 Deo,
1988 4238 2087 4308 sicut
2106 4234 2184 4307 scri·

169 4327 337 4395 undecim
366 4327 459 4411 dies,
502 4326 567 4419 qui
585 4327 819 4400 nominantur
838 4324 1013 4415 ἓπακταὶ,
1055 4330 1150 4400 intra
1198 4341 1299 4422 ptum
1315 4341 1382 4399 est:
1410 4327 1492 4401 Scio
1501 4329 1667 4418 Domine,
1692 4357 1766 4404 non
1781 4347 1835 4407 est
1848 4329 2019 4410 hominis
2036 4338 2185 4423 viatim,

171 4440 252 4496 octo
273 4449 386 4498 anuos
409 4428 631 4499 addebantur
652 4442 725 4500 tres
747 4454 886 4501 menses
913 4431 1149 4513 intercalares,
1199 4444 1266 4501 etc.
1326 4425 1374 4501 Et
1404 4432 1670 4504 meminerimus
1699 4435 1834 4507 dietum
1849 4433 2041 4512 Herodoti
2060 4443 2102 4512 iu
2121 4438 2184 4512 Po·

172 4529 268 4623 quod
292 4528 526 4599 nominabant
542 4522 809 4625 ὄντωετήριδα,
835 4535 885 4605 ita
904 4545 945 4603 ut
966 4544 1038 4603 tres
1058 4534 1149 4603 anui
1198 4531 1352 4626 lymuia:
1401 4529 1547 4626 θνητὸν
1573 4532 1709 4610 οὐδένα
1740 4531 1855 4625 εἶναι,
1905 4536 2001 4614 οὐδ’
2027 4540 2184 4627 ἔσωθεν,

171 4630 341 4723 postremi
357 4625 529 4700 haberent
544 4630 675 4717 singuli
689 4633 856 4702 tredecim
868 4656 1018 4707 menses.
1051 4633 1149 4705 Haec
1198 4636 1254 4728 τῷ
1267 4627 1387 4705 κακὸν
1400 4632 1439 4716 ἐξ
1450 4631 1567 4730 ἀρχῆς
1578 4635 1766 4736 γινομένῳ
1778 4637 1825 4714 οὐ
1839 4637 2096 4740 συνεμίχθης.
2106 4645 2185 4725 :wig

170 4733 263 4803 ratio
281 4755 361 4802 cum
377 4745 467 4802 esset
479 4729 677 4817 confusior,
698 4756 765 4803 nec
786 4733 890 4806 initia
910 4759 1087 4807 annorum
1109 4736 1148 4805 in
1198 4730 1240 4807 de*
1255 4730 1444 4834 μεγίστοις
1455 4733 1624 4836 μέγιστα.

172 4832 267 4901 diem
291 4847 425 4903 certum
453 4832 668 4916 inciderent,
709 4831 821 4906 Iulius
842 4830 935 4908 hanc
954 4836 1092 4930 politici
1113 4851 1148 4909 et
1301 4836 1489 4911 Interfecto
1523 4837 1616 4911 lulio
1651 4864 1717 4933 pax
1760 4844 1910 4915 retineri
1947 4870 2034 4918 nou
2069 4849 2183 4941 potui.

170 4934 296 5003 solaris
316 4934 403 5003 anui
425 4933 599 5004 rationem
622 4934 668 5004 de
691 4937 840 5008 oonsilio
864 4935 1045 5028 Sosigenis
1063 4937 1144 5009 Ma-
1197 4938 1350 5012 Senatus
1364 4942 1410 5009 ad
1428 4941 1694 5033 reprimendum
1712 4942 1916 5018 Antonium
1930 4948 2108 5024 adiunxit
2126 4950 2183 5023 ιδ’

172 5031 352 5105 thematici
375 5034 545 5120 instituit,
580 5058 686 5129 quem
707 5038 977 5111 chlerandria
993 5039 1147 5114 Romam
1198 5036 1390 5111 Octavium
1423 5038 1618 5114 Caesarem.
1686 5043 1812 5119 Postea
1843 5071 1883 5119 se
1919 5051 2181 5127 coniunxerunt

169 5136 325 5208 duxemt,
374 5134 466 5206 Nam
480 5136 519 5205 in
535 5136 695 5228 imperiis
706 5149 836 5208 certam
847 5163 1023 5212 annorum
1036 5140 1148 5213 ratio-
1197 5137 1372 5212 Octavius
1395 5138 1540 5223 Caesar,
1580 5140 1763 5219 Antonius
1784 5160 1820 5220 ct
1840 5147 2033 5240 Lepidus,
2071 5175 2179 5227 uren

170 5258 251 5306 nem
267 5260 341 5308 esse
356 5250 499 5328 propter
518 5239 646 5309 multas
668 5261 813 5330 magnas
835 5265 977 5327 causas,
1003 5242 1147 5330 iudicia,
1195 5238 1386 5313 Decembri
1409 5232 1566 5315 eiusdem
1592 5248 1700 5333 anni,
1737 5273 1810 5344 quo
1836 5247 1954 5325 lulius
1981 5254 2176 5328 interiectu

171 5351 396 5426 contractus,
413 5333 601 5422 historias,
622 5339 859 5413 necessarium
875 5357 939 5421 est.
1195 5342 1275 5418 tuit.
1325 5342 1466 5420 Horum
1480 5345 1745 5424 Triumuiratus
1758 5352 1891 5447 plenus
1904 5354 1979 5430 tuit
1997 5358 2175 5431 crum

264 2358 374 2432 Auno
408 2358 718 2453 septingentesimo
747 2382 845 2428 nono
877 2382 997 2429 meuse
1026 2353 1146 2450 Aprili

163 2452 348 2535 dimicavit
363 2465 408 2533 ad
423 2461 602 2533 Mundam
625 2484 707 2531 curn
732 2459 817 2531 filiis
833 2458 996 2552 Pompeii
1016 2483 1146 2550 magno

163 2590 244 2637 cum
273 2566 443 2658 periculo.
509 2563 602 2635 Nam
633 2586 714 2633 cum
743 2563 880 2654 primus
908 2564 1080 2653 impetum
1106 2563 1147 2632 in

163 2663 301 2738 bostem
315 2669 462 2751 iaceret,
487 2667 638 2736 ducenta
651 2664 691 2731 in
706 2687 787 2733 eum
801 2663 870 2735 tela
884 2665 1040 2735 coniecta
1054 2678 1135 2736 sunt

1286 5707 1307 5774 l
