4680 6038
74 193 150 271 953
641 204 686 280 l.
722 202 1016 286 CHRONICON
1040 204 1288 288 CARIONlS.
1341 213 1467 294 PARS
1492 218 1541 299 ll.

2023 245 2100 325 954

174 372 207 440 Α
223 367 380 443 Gallieni
397 372 621 467 imperatoris
635 393 747 452 morte
759 382 804 451 ad
819 377 974 453 Honorii
990 382 1058 452 im·
1110 384 1191 456 dius
1212 387 1313 459 duxit
1337 391 1545 480 exercitum,
1572 410 1606 467 et
1627 421 1752 490 magna
1767 406 1944 484 celeritate
1960 416 2097 510 disper·

67 474 242 566 peratoris
263 486 401 573 tempus
424 491 508 551 sunt
529 481 615 549 anni
632 481 771 553 circiter
788 498 928 555 centum
944 498 979 555 et
992 485 1057 554 tri·
1109 509 1165 558 sos
1189 488 1228 557 in
1250 490 1389 561 diversa
1406 494 1482 565 loca
1499 501 1690 590 oppressit,
1714 517 1919 606 tantamque
1931 520 2095 594 multitu-

67 577 179 666 ginta.
230 574 328 648 lutra
353 574 420 649 hoc
441 591 579 674 tempus
593 579 721 654 Franci
745 608 825 655 cum
849 585 969 656 multis
987 586 1057 657 im·
1107 589 1227 660 dinem
1257 592 1432 665 foeliciter
1455 598 1597 672 delevit.
1666 601 1864 701 Aliquanto
1895 631 1974 709 post
2005 617 2093 697 haec

66 678 291 768 peratoribus
306 680 538 768 dimicarunt,
564 697 598 755 et
613 686 682 755 late
694 686 733 756 in
747 687 824 779 ripa
842 685 1055 761 Germanica
1105 693 1257 782 praelia,
1282 696 1409 766 morbo
1430 699 1605 773 extinctus
1626 719 1688 779 est.
1739 708 1825 784 Post
1846 714 1918 789 eius
1940 737 2092 796 mortem

66 776 191 852 Rheni
215 798 471 872 processerunt.
523 784 593 857 Sed
609 784 764 859 llonorii
781 803 940 883 tempore
955 804 1053 862 trans
1105 790 1256 866 Senatus
1274 790 1422 869 honoris
1439 799 1550 891 ipsius
1566 829 1668 877 causa
1684 810 1848 906 clypeum
1864 841 2026 910 aureum,
2051 827 2091 898 iu

64 876 238 953 Rhenum
260 885 363 976 potiti
380 901 464 957 sunt
478 888 566 958 urhe
584 886 837 978 Trevirorum,
861 907 897 964 ct
912 893 1053 985 longius
1104 919 1176 988 quo
1196 897 1312 990 imago
1333 901 1408 972 eius
1430 926 1589 1013 expressa
1612 908 1699 998 fuit,
1725 913 1764 983 in
1778 912 1956 1012 Capitolio
1978 928 2090 1001 collo-

65 983 106 1052 in
122 981 292 1056 Celticam
309 987 398 1058 etin
414 987 596 1078 Belgicum
614 993 789 1097 proggessi
805 1007 899 1065 sunt.

168 1085 345 1159 Scribitur
365 1103 482 1162 autem
506 1085 571 1162 hac
588 1096 770 1179 occasione
787 1110 928 1169 vocatos
942 1120 1050 1169 casea

63 1184 244 1275 Treviris,
278 1191 361 1284 quia
391 1216 528 1283 praeses
549 1192 705 1266 Honorii
724 1196 857 1268 Lucius
886 1213 1051 1291 rapuerat

61 1313 209 1359 uxorem
234 1291 303 1360 viri
327 1295 470 1364 nobilis.
522 1293 572 1367 Ut
592 1297 705 1387 igitur
720 1300 934 1372 libidinosus
948 1325 1049 1393 prae·

62 1412 117 1459 ses
140 1394 393 1483 expelleretur,
424 1398 591 1469 accersita
610 1416 693 1472 sunt
715 1402 845 1472 auxilia
868 1400 1049 1491 Francica,

59 1494 150 1563 sicut
166 1516 269 1585 saepe
286 1512 430 1590 propter
448 1499 618 1570 libidines
639 1525 766 1594 magna
786 1526 893 1596 regua
912 1517 1045 1576 mutata

60 1608 155 1666 sunt.
207 1595 368 1669 Primum
389 1615 507 1670 autem
528 1625 643 1693 regem
667 1602 794 1676 Franci
817 1620 897 1700 post
919 1608 1047 1679 transi-

60 1709 138 1766 tum
155 1698 193 1767 in
202 1695 643 1776 GalliamWarmundum
658 1708 855 1785 nominant.
906 1707 966 1781 Ab
979 1704 1047 1782 hoc

59 1800 163 1871 initia
185 1797 418 1892 pulcherrimi
434 1807 532 1895 regni
548 1804 729 1903 Francici,
756 1813 851 1906 quod
865 1809 1047 1899 Celticum,

59 1899 243 1991 Belgicum
276 1918 311 1975 et
353 1929 516 1997 magnam
546 1906 759 1983 Germaniae
793 1928 927 2006 partem
962 1928 1047 1985 tunc

60 2005 284 2095 complexum
309 2019 380 2093 est,
405 2026 650 2103 recensentur,
676 2027 719 2084 ut
738 2029 860 2105 postea
880 2017 947 2087 sub
968 2011 1046 2086 Ho-

59 2104 164 2177 norio
181 2107 330 2184 dicetur.
380 2108 486 2184 Nunc
500 2116 545 2182 ad
560 2113 685 2184 seriem
703 2129 899 2206 temporum
915 2119 1033 2192 redeo.

161 2205 378 2282 Posthumus
408 2238 490 2286 cum
519 2210 666 2288 haberet
694 2218 826 2289 auxilia
849 2215 988 2291 Gallica
1012 2232 1047 2291 et

60 2307 251 2396 Francica,
291 2327 423 2404 septem
458 2340 572 2386 annos
607 2318 725 2391 tenuit
763 2321 972 2414 imperium,
1011 2334 1047 2393 et

61 2431 163 2500 saepe
192 2412 278 2485 vicit
306 2416 476 2487 exercitus
499 2416 671 2496 Gallieni.
737 2420 898 2493 Tandem
920 2425 1045 2497 fraude

59 2512 266 2584 interfectus
283 2528 353 2601 est,
378 2516 535 2590 Lolliani
551 2522 650 2591 ducis
666 2522 826 2605 insidiis,
852 2549 957 2619 quem
972 2540 1044 2597 sta·

57 2612 123 2682 tim
139 2612 347 2686 Victorinus
363 2642 501 2709 praeses
514 2618 686 2694 Coloniae
698 2622 918 2719 Agrippinae
934 2628 1046 2698 inter-

56 2715 152 2785 fecit.
209 2716 415 2789 Gallienum
440 2738 559 2811 postea
582 2727 756 2798 interfecit
776 2752 887 2820 prope
900 2727 1045 2800 Medio·

57 2816 180 2886 lanum
201 2816 394 2912 Cecropius
415 2818 588 2900 Dalmata.
643 2824 838 2920 Multiplex
859 2831 955 2900 enim
976 2832 1044 2903 du-

57 2943 137 2988 cum
160 2921 254 2993 inter
276 2945 369 3020 sese,
396 2923 459 3019 qui
483 2940 567 2999 tunc
590 2927 821 3021 imperatores
834 2932 906 3004 dici
920 2933 1044 3004 voluc-

1103 999 1205 1073 cavit.

1152 1209 1261 1289 Anno
1290 1222 1417 1293 mundi
1455 1239 1579 1318 quater
1614 1230 1803 1307 millesimo
1845 1240 2083 1320 ducentesimo

1304 1324 1480 1394 tricesimo
1495 1329 1632 1419 quinto.

1151 1416 1260 1494 Anno
1276 1421 1414 1497 Romae
1430 1428 1618 1501 millesimo
1635 1432 1800 1523 vicesimo
1817 1443 1935 1514 tertio.

1149 1518 1261 1596 Anno
1271 1523 1406 1599 Christi
1421 1528 1662 1603 ducentesimo
1677 1542 1931 1633 septuagesimo
1946 1549 2062 1622 tertio.
2186 1547 2190 1561 '

1311 1690 1536 1766 Valerius
1567 1695 1874 1776 Aurelianus.

1205 1849 1383 1926 Valerius
1404 1850 1649 1944 Aurelianus,
1686 1879 1789 1938 natus
1816 1868 1856 1937 iu
1877 1868 2019 1966 Syrmio
2044 1877 2084 1948 in

1096 1954 1232 2026 familia
1250 1958 1420 2051 ignobili,
1445 1973 1557 2031 matre
1573 1963 1766 2036 sacrificulo
1781 1967 1895 2056 Solis,
1920 1998 2000 2046 cum
2017 1980 2084 2051 sub

1097 2054 1249 2129 Claudio
1278 2061 1489 2154 praecipuus
1515 2063 1587 2133 dux
1611 2079 1700 2136 esset
1722 2082 1844 2140 contra
1868 2071 2016 2162 Gottos,
2047 2095 2083 2153 et
2206 2061 2212 2071 ⁵

1097 2161 1226 2231 ductor
1248 2164 1424 2258 equitum,
1449 2178 1632 2254 postcom
1654 2168 1701 2237 ab
1724 2172 1878 2245 exercitu
1891 2175 2084 2267 imperator

1097 2263 1210 2333 lactus
1238 2277 1305 2349 est,
1336 2265 1437 2337 cuius
1458 2265 1632 2337 iudicium
1653 2273 1896 2363 comprobavit
1916 2275 2080 2359 Senatus.
2187 2332 2196 2345 κ

1096 2360 1275 2454 Regnavit
1300 2389 1414 2437 anuos
1444 2389 1513 2437 sex.
1564 2367 1718 2440 Militari
1745 2372 1878 2447 virtute
1908 2383 2082 2473 excelluit,

1096 2468 1158 2538 sed
1175 2481 1319 2560 propter
1334 2469 1578 2540 crudelitatem
1595 2472 1747 2542 venitin
1764 2477 1899 2550 odium.

1198 2583 1282 2656 Fuit
1303 2599 1419 2656 autem
1443 2588 1548 2674 digna
1570 2588 1676 2659 laude
1697 2594 1863 2667 severitas
1883 2599 1958 2667 eius
1974 2600 2012 2669 in
2025 2627 2082 2674 re-

1095 2687 1209 2777 genda
1231 2686 1429 2779 disciplina.
1481 2685 1523 2756 ln
1547 2712 1660 2780 poena
1683 2693 1808 2764 militis
1824 2697 1887 2788 qui
1905 2694 2082 2791 hospitam

1096 2812 1160 2881 per
1181 2786 1254 2859 vim
1277 2803 1546 2880 compresserat,
1572 2790 1731 2864 imitatus
1755 2809 1806 2867 est
1822 2796 1923 2870 Bessi
1945 2805 2091 2896 suppli·¹

1096 2891 1207 2960 cium:
1247 2891 1389 2963 inflexis
1422 2892 1559 2962 duabus
1588 2893 1776 2966 arboribus
1802 2922 1883 2969 eum
1914 2904 2084 2995 alligavit,

1096 3015 1186 3086 quae
1201 3017 1280 3062 eum
1292 3015 1416 3063 rursus
1431 2993 1670 3083 erigerentur,
1695 2996 1797 3068 miles
1810 3000 2006 3093 discerptus
2020 3022 2083 3079 est.

1198 3108 1400 3206 Antequam
1430 3112 1543 3182 lactus
1567 3126 1618 3184 est
1641 3112 1834 3206 imperator
1854 3116 2082 3214 Aurelianus,

1095 3214 1267 3307 pugnavit
1282 3238 1362 3284 cum
1372 3211 1518 3284 Francis
1532 3214 1577 3283 ad
1587 3211 1831 3305 Moguutiam,
1857 3222 1921 3292 ubi
1936 3225 2095 3316 triginta,

1095 3316 1208 3388 millia
1224 3314 1445 3386 Francorum
1460 3314 1633 3386 trucidata
1650 3339 1724 3407 esse
1738 3320 1917 3398 scribitur.

57 3034 164 3110 runt,
187 3023 330 3096 laniena
347 3025 427 3097 fuit.

107 3223 216 3300 Anno
231 3231 359 3302 mundi
374 3246 499 3327 quater
511 3233 701 3307 millesimo
718 3238 960 3308 ducentesimo
978 3237 1045 3310 tri·

264 3335 393 3405 cesimo
408 3335 523 3406 tertio.

106 3429 216 3505 Anno
231 3433 368 3507 Romae
382 3437 571 3508 millesimo
587 3437 755 3509 vicesimo
772 3439 899 3530 primo.

109 3535 217 3606 Anno
233 3533 369 3609 Christi
383 3540 623 3611 ducentesimo
636 3543 891 3634 septuagesimo
904 3541 1032 3634 primo.
1096 3537 1272 3630 expeditio
1294 3536 1635 3607 Marcomannorum
1660 3552 1695 3609 et
1715 3537 1911 3614 Suevorum
1935 3550 2082 3622 retraxit

1095 3663 1178 3710 eum
1207 3638 1245 3708 in
1267 3638 1424 3723 ltaliam,
1457 3638 1520 3731 qui
1543 3639 1613 3707 iam
1636 3636 1884 3713 Mediolanum
1906 3664 2081 3738 ceperant,

1095 3755 1130 3813 et
1153 3755 1323 3812 terrorem
1346 3740 1429 3811 urbi
1443 3737 1579 3812 Romae
1599 3739 1749 3811 similem
1764 3740 1943 3819 Cimbrico
1961 3751 2081 3823 incus-

159 3832 322 3910 Flavius
344 3831 532 3912 Claudius
560 3842 752 3935 imperator
783 3842 894 3914 lactus
924 3856 976 3914 est
998 3844 1043 3914 ab
1096 3857 1225 3917 serant.
1279 3839 1420 3914 Munito
1445 3842 1554 3930 igitur
1568 3840 1683 3912 limite
1699 3843 1859 3937 imperii,
1886 3874 2080 3944 properans

56 3941 211 4011 exercitu
234 3944 279 4013 ad
303 3940 578 4029 Mediolanum,
610 3945 710 4016 cuius
729 3944 900 4015 iudicium
924 3959 1044 4034 postea
1095 3944 1134 4014 iu
1158 3942 1318 4029 ltaliam,
1344 3945 1440 4036 apud
1462 3942 1677 4013 Placentiam
1700 3944 1832 4017 delevit
1853 3947 2081 4023 Marcoman·

56 4046 304 4135 comprobavit
315 4043 477 4120 Senatus.
527 4042 705 4135 Regnavit
724 4070 860 4116 annum
880 4070 993 4118 unum
1010 4060 1044 4119 et
1094 4069 1160 4117 nos
1177 4060 1211 4117 et
1225 4044 1378 4130 Suevos,
1405 4046 1463 4114 sed
1481 4066 1607 4133 magna
1622 4044 1719 4114 clade
1735 4044 1892 4118 Romani
1908 4056 2081 4128 exercitus

57 4169 196 4215 menses
219 4171 360 4220 novem.
412 4145 555 4236 Quanta
578 4148 685 4219 fuerit
706 4148 817 4241 ipsius
837 4146 970 4235 virtus,
1002 4172 1043 4219 ex
1094 4149 1194 4239 prius
1216 4161 1367 4238 accepta.
1419 4144 1579 4215 Fuerunt
1598 4160 1716 4264 autem
1733 4144 1981 4224 Marcomanni
1996 4180 2081 4247 par-

57 4247 212 4320 Senatus
238 4249 442 4320 testimonio
472 4264 635 4340 apparet,
664 4250 702 4318 in
731 4273 802 4343 quo
828 4243 914 4320 haec
935 4252 1043 4321 verba
1094 4251 1158 4322 tim
1173 4248 1331 4334 Boiemi,
1356 4247 1485 4338 partim
1501 4245 1643 4316 Moram
1660 4262 1694 4319 et
1709 4245 1906 4340 Austriaci,
1930 4269 1970 4326 ut
1984 4283 2081 4330 nunc

55 4351 200 4421 recitata
216 4364 315 4421 sunt:
342 4342 486 4423 Claudi
499 4347 662 4446 Auguste
675 4359 714 4421 tu
728 4345 886 4431 Frater,
911 4359 950 4421 tu
965 4345 1043 4421 Pa-
1094 4352 1321 4423 nominamus
1352 4350 1460 4422 Suevi
1489 4344 1641 4438 Alpibus
1668 4349 1796 4433 vicini,
1842 4357 1905 4449 qui
1936 4380 1972 4428 se
1998 4385 2081 4432 cum

54 4462 129 4536 ter,
154 4461 193 4522 to
215 4449 374 4535 amicus,
397 4461 436 4522 tu
453 4451 569 4524 bonus
583 4449 759 4539 Senator,
785 4461 824 4523 tu
841 4447 1045 4525 vcrsPrio·
1096 4453 1362 4525 Marcomannis
1393 4451 1677 4545 coniunxerant.
1726 4450 1852 4527 Pacata
1878 4456 1979 4530 ltalia
2003 4461 2082 4534 Ro-

56 4575 148 4649 ccps.
215 4553 312 4625 llaec
349 4556 538 4648 praeconia
565 4557 694 4626 multas
723 4555 867 4624 eximias
897 4557 1045 4627 virtutes
1097 4580 1189 4627 mam
1206 4555 1381 4648 proiectus
1394 4550 1625 4635 Aurelianus,
1650 4554 1841 4627 seditiones
1854 4561 2008 4631 urbanas
2024 4586 2081 4633 se·

55 4657 353 4747 complectuntur.
403 4654 500 4726 Dum
517 4671 633 4728 autem
650 4653 837 4728 Gallienus
854 4657 892 4726 in
909 4659 995 4728 luxu
1012 4672 1046 4730 et
1096 4658 1211 4743 davit,
1236 4671 1271 4728 et
1286 4656 1408 4727 multis
1423 4655 1560 4725 civibus
1581 4653 1791 4741 interiectis,
1823 4671 2002 4755 utcunque
2018 4661 2080 4734 lu·

320 3688 511 3761 Flavius
536 3687 777 3763 claudius.

1198 3433 1390 3530 Postquam
1405 3447 1522 3505 autem
1536 3435 1701 3507 successit
1718 3435 1885 3523 Claudio,
1911 3445 2081 3520 terribilis
2186 3490 2192 3503 ,

54 4758 203 4851 popinis
223 4760 331 4844 vivit,
355 4771 390 4828 et
410 4782 473 4850 per
495 4759 685 4830 seditiones
708 4758 812 4829 multi
834 4758 1045 4852 seuimpera·
1096 4759 1189 4831 dicia
1214 4759 1388 4842 restituit,
1420 4770 1455 4827 ct
1484 4755 1674 4826 constituto
1705 4757 1804 4828 urhis
1832 4772 1945 4847 statu,
1978 4766 2080 4838 duxit
2170 4830 2179 4849 „
2248 4812 2252 4823 ·

56 4876 156 4932 tores
177 4860 387 4945 nominant,
412 4874 446 4932 et
468 4861 564 4932 iuter
583 4885 657 4931 sese
672 4860 865 4948 dimicant,
889 4874 1045 4933 trecenta
1097 4860 1286 4933 exercitum
1315 4861 1482 4930 adversus
1512 4856 1729 4973 Zenobiam,
1761 4883 1852 4952 quae
1873 4861 2013 4958 Syriam
2045 4882 2080 4941 et

53 4962 173 5033 millia
190 4958 381 5033 Gottorum
403 4975 438 5034 et
450 4960 668 5032 Herulorum
686 4963 729 5039 ad
746 4962 896 5034 lluvium
911 4960 1046 5059 Tyram
1097 4962 1214 5033 vicina
1249 4962 1327 5032 loca
1359 4959 1520 5043 tenebat,
1557 4971 1592 5076 et
1625 4956 1708 5074 filus
1740 4983 1846 5080 regna
1878 4969 2079 5083 quaerebat,

56 5064 217 5150 collecta,
245 5064 463 5136 transierunt
476 5064 603 5157 partim
619 5063 835 5159 inMysiam,
862 5067 990 5155 partim
1006 5065 1045 5134 in
1096 5062 1193 5136 Haec
1216 5063 1336 5153 regina
1360 5065 1457 5133 velut
1478 5060 1685 5133 Semiramis
1707 5061 1808 5133 dtrxst
1832 5081 2020 5153 exercitus,
2045 5084 2080 5141 rt

57 5165 328 5251 Macedoniam,
352 5179 389 5236 et
409 5167 479 5238 late
500 5166 644 5255 grassati
668 5180 752 5238 sunt
768 5168 900 5258 rapinis
918 5180 952 5236 et
969 5192 1047 5237 cae·
1097 5180 1197 5237 antea
1211 5165 1352 5237 lortiter
1365 5165 1496 5257 repulit
1508 5159 1642 5231 Persas.
1683 5158 1819 5281 Postea,
1844 5191 1923 5236 cum
1941 5168 2079 5264 Syriam

60 5269 178 5338 dibus.
231 5264 463 5339 Obsederunt
486 5269 591 5337 etiam
616 5291 760 5359 magnas
779 5271 905 5352 urbes,
931 5264 1047 5338 Thes·
1096 5265 1271 5339 Romanis
1300 5270 1499 5359 ademptam
1526 5263 1663 5334 tradere
1684 5263 1767 5333 filus
1788 5283 1992 5355 conaretur,
2023 5297 2080 5344 re·

61 5369 255 5440 salonicam
277 5383 313 5441 et
333 5366 596 5441 Cassandream.
647 5368 827 5442 Adversus
850 5366 916 5441 hos
939 5368 1047 5443 Clau·
1096 5371 1230 5465 petenti
1252 5393 1328 5440 eam
1342 5367 1559 5447 Aureliano,
1585 5386 1760 5436 cessuram
1782 5389 1820 5440 se
1842 5394 1915 5443 esse
1930 5378 2080 5468 negavit,

33 5512 45 5555 .·
114 5470 301 5542 Meum.
329 5476 434 5544 Ores.
458 5474 543 5543 voc.
569 5472 648 5542 ΧΠ.
1355 5470 1443 5544 ,61
