4680 6038
131 221 210 301 aaa
701 209 860 292 orco
892 212 970 292 on
1000 212 1288 297 acconem
1327 221 1585 304 currsrr.
2034 173 2038 185 ¹
2078 239 2155 316 aro

131 415 193 486 gas
210 392 298 478 fide,
323 387 555 475 confessione,
579 386 805 459 invocatione
820 387 1004 473 etofficiis,
1030 412 1121 482 quae
1168 395 1340 483 tuendum
1370 410 1431 471 est.
1489 393 1539 470 Et
1566 424 1770 496 quanquam
1800 403 1906 477 bonis
1935 407 2019 477 mali
2050 409 2153 479 mixti

131 497 180 567 sd
215 496 293 565 eius
325 490 629 564 conservationem
663 486 761 561 Deus
800 490 971 580 praestari
1006 491 1119 566 iussit.
1168 509 1267 566 sunt:
1297 508 1416 567 tamen
1450 522 1589 593 semper
1618 503 1748 598 aliquis
1770 520 1889 579 coetus
1912 523 1963 581 est
1992 511 2151 581 veritatis

131 593 225 668 vutr
246 593 344 667 Deus
367 609 402 665 te
423 616 505 664 suae
527 588 706 663 Ecclesiae
730 591 842 660 civem
865 603 900 662 et
921 591 1120 662 communis
1168 609 1296 671 custos.
1348 597 1391 669 ln
1414 604 1569 673 secunda
1582 600 1762 696 Ephesina
1786 610 1944 702 synodo,
1970 636 2061 704 quae
2084 638 2152 681 no.

131 697 282 770 militiae
298 697 434 767 socium
452 717 626 779 essenon
643 688 792 777 hostem,
807 715 882 762 non
894 693 1121 785 parricidam,
1168 698 1326 770 minatur
1350 699 1544 798 ληστιρκὴ,
1576 702 1785 801 Byzantium
1810 707 2025 802 Episcopum
2057 729 2152 784 recte

131 823 210 870 non
225 802 441 870 desertorem
458 810 492 868 et
510 796 736 886 transfugam.
763 792 847 864 ldeo
864 793 1117 885 scriptumest:
1166 800 1376 871 sentientem
1397 802 1552 877 calcibus
1574 806 1626 878 ita
1647 811 1817 901 percussit
1841 800 2089 884 Antiocheno:
2112 817 2150 885 in

131 895 290 972 Plantati
308 901 345 969 in
360 901 466 970 domo
475 895 642 983 Domini,
667 896 707 965 in
721 897 820 966 atriis
836 898 962 966 domus
970 893 1038 966 Dei
1052 920 1121 966 no·
1167 901 1312 993 publicu
1325 927 1503 991 consessu,
1517 921 1559 978 ut
1572 908 1664 980 intra
1679 911 1836 982 triduum
1854 937 1960 984 senex
1976 915 2150 986 minem,

132 1003 199 1074 ⁸¹15
217 1004 406 1077 florebunt·
451 999 558 1072 Item:
583 997 684 1071 Beati
705 998 768 1093 qui
784 992 946 1068 habitant
959 998 999 1066 in
1012 997 1118 1067 domo
1167 1002 1225 1078 sit
1274 999 1389 1075 Erant
1411 1020 1528 1077 tamen
1550 1011 1612 1079 alii
1634 1027 1727 1081 recte
1758 1014 1970 1100 sentientes,
2001 1029 2035 1086 et
2065 1017 2152 1088 vicit
2258 1082 2261 1089 .

131 1101 370 1195 tuaDomine.
394 1099 629 1176 utpotae:
646 1099 765 1173 Unum
782 1095 850 1169 hoc
867 1094 1121 1190 petiiaDomi·
1167 1106 1468 1182 tandemveritas.
1518 1108 1816 1202 Haeccogitanda
1834 1117 2071 1211 suntquoties
2093 1143 2151 1187 re-

132 1230 205 1288 no,
229 1220 271 1279 ut
285 1201 443 1277 habitem
461 1205 500 1273 in
518 1206 625 1276 domo
642 1201 794 1274 Domini
811 1201 977 1271 omnibus
993 1201 1119 1272 diebus
1168 1206 1316 1277 citamus
1339 1208 1490 1279 dictum:
1525 1209 1642 1283 Credo
1667 1224 1740 1284 esse
1762 1214 1929 1288 Sanctam
1955 1212 2150 1287 Ecclesiam

132 1306 348 1380 ¹vitaemeae.
374 1306 539 1377 Necvero
554 1319 694 1378 tantum
703 1305 764 1374 liat
775 1303 955 1373 adiunctio
968 1305 1013 1372 ad
1027 1297 1121 1373 hanc
1168 1302 1406 1394 Catholicam,
1440 1311 1523 1381 laeti
1545 1308 1623 1383 Deo
1645 1318 1774 1402 gratias
1796 1339 1958 1407 agamus,
1991 1322 2087 1410 quod
2111 1319 2150 1387 in

134 1432 257 1481 veram
265 1407 471 1493 Ecclesiam,
485 1409 545 1479 sed
559 1408 663 1478 etiam
678 1405 835 1477 studium
845 1404 891 1475 sit
904 1405 942 1473 in
952 1404 1120 1474 omnibus
1168 1408 1275 1479 tantis
1288 1410 1444 1482 dissidiis
1462 1427 1604 1504 propter
1618 1415 1732 1486 filium
1753 1432 1869 1489 servat
1889 1421 2044 1512 aliquem
2071 1444 2150 1489 coe·

133 1512 288 1584 tuendae
303 1509 575 1596 coniunctionis,
591 1509 695 1604 quale
707 1531 780 1578 esse
791 1508 830 1575 in
841 1505 946 1591 bonis
959 1520 993 1576 et
1005 1507 1121 1575 fideli·
1168 1523 1262 1595 tum,
1288 1512 1327 1580 in
1343 1537 1413 1606 quo
1427 1528 1511 1585 sunt
1526 1516 1625 1593 electi
1646 1520 1691 1587 ad
1714 1519 1914 1590 societatem
1938 1520 2095 1591 coelestis
2114 1534 2151 1590 et

134 1612 204 1684 bos
216 1613 354 1684 civibus
368 1612 535 1683 omnibus
552 1614 661 1682 decet.
690 1609 939 1681 Discernamus
954 1602 1072 1677 hostes
1087 1620 1121 1679 et
1168 1626 1331 1682 aeternae
1348 1611 1537 1691 Ecclesiae.
1589 1617 1728 1689 Deinde
1749 1621 1927 1712 sapienter
1949 1621 2151 1693 considere·

134 1714 241 1787 cives.
292 1713 473 1786 Adversus
490 1709 608 1785 hostes
630 1712 740 1782 simus
761 1711 945 1800 vigilantes
967 1722 1001 1780 et
1015 1733 1121 1795 acres,
1168 1736 1265 1797 mus,
1296 1739 1386 1808 quae
1405 1729 1440 1787 et
1460 1718 1524 1787 ubi
1548 1720 1591 1789 sit
1615 1744 1697 1791 vera
1720 1718 1901 1804 Ecclesia,
1944 1735 1979 1793 et
2007 1722 2046 1793 in
2067 1746 2150 1793 eum

134 1839 218 1909 erga
234 1818 327 1888 cives
344 1816 492 1908 placidi,
518 1815 678 1900 benefici,
700 1813 948 1883 obliviscentes
961 1811 1121 1896 iniurias,
1169 1829 1306 1886 coetum
1337 1839 1403 1886 nos
1426 1818 1663 1907 includamus,
1702 1835 1736 1893 et
1762 1824 2051 1896 coniunctionem
2075 1824 2151 1896 eius

135 1943 182 1991 ne
198 1919 443 1992 distractiones
461 1943 535 1988 non
550 1916 765 1988 necessariae
780 1913 877 1983 fiant.
929 1911 1119 1982 Nonenim
1169 1917 1260 1987 tucri
1276 1919 1489 1993 studeamus.
1531 1920 1719 1992 Laetemur
1734 1926 1838 1994 etiarn
1854 1949 1920 1995 nos
1935 1927 1979 1995 ad
1997 1925 2149 1998 aliorum

136 2020 320 2115 loquimur
342 2025 385 2092 de
399 2019 556 2091 Ecclesia
577 2016 685 2090 huius
702 2016 815 2100 vitae,
838 2026 880 2085 ut
901 2014 1120 2104 decorporc,
1170 2031 1263 2088 recte
1279 2020 1521 2090 invocantium
1544 2046 1681 2114 preces,
1714 2027 1905 2116 adiungere
1928 2041 2068 2099 nostros
2090 2050 2151 2117 ge-

137 2122 180 2190 in
196 2147 269 2215 quo
284 2120 374 2192 nihil
390 2123 436 2193 sit
452 2123 677 2204 morborum,
703 2119 762 2188 sed
780 2112 888 2185 habet
908 2113 1016 2186 etiam
1039 2138 1121 2184 vcra
1170 2119 1277 2189 mitus
1300 2133 1333 2192 et
1361 2136 1460 2200 vota,
1487 2147 1576 2216 quae
1599 2125 1692 2194 filius
1715 2123 1802 2206 Dei,
1826 2128 1889 2219 qui
1912 2142 1964 2198 est
1987 2122 2152 2223 πρεσβύ·

135 2219 313 2310 Ecclesia,
338 2226 494 2295 retinens
510 2225 792 2302 fundamentum,
817 2240 891 2287 non
907 2216 1048 2306 exiguas
1064 2216 1122 2284 in·
1169 2244 1256 2314 της,
1282 2223 1477 2311 pronubis,
1503 2227 1550 2294 ad·
1563 2239 1698 2317 patrem
1714 2241 1895 2297 aeternum
1912 2230 2054 2318 perfert.
2102 2225 2153 2300 Et

136 2324 341 2410 firmitates,
366 2340 424 2409 ut,
450 2326 601 2394 multum
618 2321 779 2411 caliginis
797 2318 923 2389 eratin
939 2317 1122 2409 discipulis
1171 2322 1312 2414 quidem
1335 2324 1372 2391 in
1395 2327 1595 2415 precatione
1618 2327 1819 2397 intueamur
1846 2328 1923 2419 pios
1952 2330 2058 2415 alios,
2088 2325 2150 2422 qui

139 2422 319 2519 Baptistae
339 2441 372 2497 et
387 2422 541 2511 Christi,
568 2426 605 2494 in
623 2425 683 2492 illa
700 2445 846 2506 aurora,
873 2433 954 2489 ante
971 2418 1123 2489 manife-
1170 2422 1277 2491 simul
1293 2439 1499 2513 precantur,
1523 2428 1614 2506 sicut
1630 2426 1806 2499 Dominus
1822 2429 1954 2524 inquit:
1983 2428 2052 2500 Ubi
2068 2444 2152 2501 sunt

139 2542 227 2600 dam
252 2528 455 2596 missionem
472 2525 626 2618 Spiritus
651 2523 783 2607 sancti,
817 2535 851 2591 et
874 2534 992 2592 tamen
1014 2521 1053 2590 in
1080 2543 1122 2590 eo
1171 2527 1243 2594 duo
1260 2539 1322 2596 aut
1335 2538 1405 2595 tres
1421 2529 1621 2617 congregati
1640 2529 1677 2598 in
1694 2530 1841 2599 nornine
1855 2555 1953 2615 meo,
1978 2531 2016 2599 in
2033 2531 2152 2602 medio

139 2641 242 2701 coetu
259 2643 359 2699 crant
376 2629 476 2698 electi
494 2630 538 2697 ad
555 2642 732 2698 aeternam
749 2624 908 2694 salutem.
942 2620 1123 2714 Vocetque
1171 2649 1293 2695 eorum
1318 2651 1408 2698 sum.
1461 2626 1509 2699 Et
1531 2629 1676 2722 quidem
1696 2632 1773 2702 vult
1805 2653 1872 2701 nos
1893 2629 1990 2702 Deus
2019 2632 2154 2703 mutuis

140 2746 209 2802 not
223 2731 268 2800 ad
292 2732 492 2801 societatem
509 2726 687 2799 Ecclesiae
712 2721 798 2796 haec
816 2723 1020 2796 dulcissima
1035 2747 1123 2792 con·
1172 2727 1475 2799 consolationibus
1504 2731 1613 2820 erigi,
1645 2731 1735 2803 sicut
1761 2734 1806 2802 ad
1829 2731 1974 2804 Petrum
2003 2733 2151 2804 dicitur:

139 2832 290 2917 solatio,
316 2834 410 2926 quod
429 2846 564 2902 certum
581 2846 645 2915 est,
671 2829 710 2900 in
729 2852 770 2896 eo
786 2839 889 2897 coetu
905 2827 1033 2895 electos
1049 2847 1122 2895 esse
1171 2825 1220 2901 Et
1245 2842 1284 2899 tu
1314 2854 1504 2900 conversus
1531 2833 1699 2903 confirma
1732 2836 1858 2904 fratres
1886 2846 1978 2906 1⁰03,
2040 2832 2152 2904 Multi

139 2934 553 3008 adacternamsalutem.
603 2931 676 3002 Nec
693 2930 731 2999 in
753 2951 903 2998 numero
929 2929 1123 2998 electorum
1171 2931 1284 3000 sancti
1309 2931 1379 3001 viri
1394 2928 1525 3002 habent
1538 2933 1709 3015 familias,
1735 2937 1901 3025 coniuges
1917 2937 1993 3028 pias
2015 2948 2049 3007 ct
2070 2936 2153 3006 dul·

137 3060 214 3109 ωε
237 3035 337 3120 illos,
363 3037 424 3128 qui
450 3030 534 3106 huic
559 3033 675 3105 coetui
701 3053 884 3124 nunquam
907 3029 1124 3113 inseruntur,
1173 3032 1347 3103 cissimam
1361 3035 1533 3109 sobolem.
1584 3032 1891 3108 HancvultDeus
1911 3037 2155 3127 aparentibus

138 3139 238 3211 iuxta
261 3138 396 3208 dictum
413 3136 533 3207 Pauli:
561 3134 662 3226 Quos
687 3133 809 3222 elegit,
835 3125 902 3201 bos
927 3144 962 3203 et
975 3129 1124 3201 vocavit.
1172 3134 1292 3204 doceri
1308 3149 1342 3204 et
1356 3135 1463 3204 inseri
1480 3133 1675 3220 Ecclesiae,
1695 3139 1772 3207 vult
1787 3161 1847 3207 eos
1863 3161 1936 3209 esse
1950 3138 1988 3205 in
2010 3161 2052 3206 eo
2073 3159 2155 3207 coc·

138 3238 335 3335 Quomodo
358 3253 475 3310 autem
502 3239 540 3308 in
562 3250 657 3308 tanta
678 3233 884 3306 confusione
901 3231 1039 3321 generis
1054 3224 1124 3299 hu·
1173 3248 1229 3319 tu,
1255 3235 1293 3302 in
1318 3259 1389 3329 quo
1411 3250 1494 3306 sunt
1518 3236 1630 3329 aliqui
1661 3238 1771 3309 electi
1823 3235 1921 3309 Haec
1949 3237 2155 3309 dulcissima

137 3341 260 3427 mani,
284 3341 323 3410 in
339 3354 411 3411 tam
427 3340 535 3411 variis
548 3339 761 3432 opinionum
784 3334 942 3404 dissidiis
960 3333 1038 3402 lieri
1060 3333 1126 3400 ad·
1172 3335 1367 3406 consolatio
1383 3337 1453 3427 piis
1465 3340 1670 3427 parentibus
1686 3338 1868 3424 excutitur,
1883 3339 1913 3408 si
1927 3339 2154 3428 cogitandum

139 3443 279 3517 iunctio
302 3445 346 3513 ad
363 3466 482 3512 veram
506 3438 698 3512 Ecclesiam
721 3449 854 3529 potest,
887 3436 918 3504 si
943 3433 1124 3505 distinctio
1176 3451 1240 3522 est,
1264 3438 1400 3508 nullam
1417 3461 1491 3508 esse
1507 3439 1682 3508 visibilem
1700 3435 1904 3526 Ecclesiam,
1928 3463 1994 3511 nec
2011 3440 2093 3511 sciri
2108 3463 2155 3514 an

137 3540 332 3619 bominum
352 3545 512 3615 sensibus
534 3567 607 3614 non
629 3539 823 3634 accipitur?
872 3534 1011 3609 Deinde
1035 3560 1125 3630 quo-
1174 3539 1328 3609 iamiliae
1341 3562 1424 3610 suae
1438 3544 1512 3610 sint
1526 3538 1704 3611 Ecclesiae
1719 3541 1823 3613 cives.

139 3650 251 3723 modo
268 3648 353 3718 fient
375 3647 506 3716 iudicia
529 3646 628 3716 iuxta
648 3644 856 3713 mandatum
871 3633 1023 3709 Christi:
1049 3641 1126 3712 Dic
1276 3637 1356 3711 Etsi
1376 3642 1572 3734 praestigiis
1593 3643 1874 3733 disputationum
1893 3642 2014 3733 magni
2040 3640 2079 3712 in
2098 3638 2156 3712 his

138 3746 342 3835 Ecclesiae,
367 3750 396 3820 si
418 3749 551 3819 iudices
572 3745 726 3838 conspici
745 3766 819 3812 non
836 3740 1030 3833 poterunt?
1054 3741 1125 3812 Sed
1176 3743 1441 3836 quaestionibus
1471 3745 1645 3816 turnultus
1677 3744 1822 3815 excitari
1845 3758 2011 3837 possunt:
2038 3758 2156 3814 tamen

138 3848 216 3925 boc
244 3851 360 3945 ipsum
396 3851 584 3921 consilium
613 3846 882 3919 Alcibiadaeum
915 3857 990 3919 est,¹
1033 3840 1125 3913 Cum
1175 3867 1242 3916 nos
1265 3846 1471 3915 manifestae
1493 3847 1571 3916 voci
1590 3846 1734 3916 divinae
1763 3846 2064 3937 obtemperemus,
2096 3846 2158 3914 fir·

142 3953 245 4025 enim
260 3954 400 4026 vidisset
410 3950 613 4024 Alcibiades
626 3946 798 4020 Periclem
814 3946 956 4017 silentio
979 3955 1013 4013 et
1029 3957 1126 4035 gestu
1177 3946 1334 4017 missime
1348 3958 1551 4028 statuentes,
1568 3943 1636 4017 hoc
1655 3971 1779 4038 agmen
1796 3970 1914 4015 veram
1932 3960 1966 4016 et
1981 3946 2158 4018 visibilem

137 4054 396 4148 significantem
412 4078 522 4125 novas
539 4077 639 4124 curas
663 4065 698 4123 et
719 4048 997 4132 sollicitudines,
1016 4048 1128 4117 inter·
1175 4044 1369 4119 Ecclesiam
1386 4049 1512 4119 esseio
1529 4045 1595 4119 hac
1617 4048 1707 4133 vita,
1734 4050 1830 4139 quod
1855 4061 1956 4118 sonat
1970 4043 2160 4135 Evangelii

139 4170 250 4249 rogat
268 4182 432 4243 causam,
465 4158 527 4227 ille
551 4155 755 4247 respondet:
794 4174 830 4220 se
854 4150 1007 4240 cogitare
1036 4172 1128 4242 quo-
1178 4173 1300 4220 vocem
1324 4151 1587 4242 incorruptam,
1613 4163 1647 4220 ct
1668 4149 1706 4217 in
1731 4144 1800 4217 hoc
1823 4148 1962 4239 agmine
1986 4169 2060 4216 esse
2075 4169 2160 4216 vere

139 4261 253 4335 ruodo
279 4261 433 4330 rationes
456 4261 612 4331 referret.
670 4253 748 4324 lmo
772 4276 857 4322 vero
877 4251 996 4345 inquit
1015 4252 1128 4320 audax
1178 4253 1306 4323 electos
1322 4253 1366 4321 ad
1383 4266 1562 4323 aeternam
1579 4250 1737 4321 coelestis
1750 4246 1929 4320 Ecclesiae
1945 4248 2161 4332 societatem,

141 4364 368 4435 adolescens:
396 4363 525 4452 cogites
543 4359 723 4455 quomodo
738 4379 813 4425 non
829 4355 971 4424 reseras.
1012 4351 1051 4422 ld
1070 4352 1128 4422 isti
1178 4368 1212 4427 et
1227 4353 1317 4423 velle
1326 4350 1457 4439 Deum,
1481 4368 1522 4424 nt
1538 4347 1645 4422 huius
1659 4348 1839 4421 Ecclesiae
1853 4352 1947 4420 cives
1961 4349 2070 4420 simus
2085 4347 2159 4420 Nos

138 4466 297 4537 iaciunt:
326 4463 574 4533 Vociierantur
589 4461 726 4530 nullam
749 4456 904 4548 conspici
919 4452 1127 4540 Ecclesiam,
1178 4469 1213 4526 et
1234 4453 1375 4541 Nostri,
1401 4469 1536 4526 etcum
1559 4478 1598 4523 ea
1619 4451 1881 4523 invocationem
1898 4465 2054 4522 nostram
2072 4474 2163 4521 con·

140 4566 334 4639 utiudicia
355 4567 513 4650 deleant,
540 4577 574 4635 et
587 4563 656 4633 sibi
672 4560 896 4656 tyrannidem
918 4558 957 4625 in
972 4554 1129 4627 Ecclesia
1179 4558 1382 4646 iungamus,
1428 4555 1524 4626 Haec
1549 4569 1643 4626 certa
1669 4568 1704 4624 et
1725 4555 1826 4624 firma
1849 4566 1951 4638 aunt,
1977 4565 2014 4625 et
2029 4552 2098 4644 piis
2114 4553 2162 4621 ad

141 4681 307 4753 nutant,
334 4668 478 4757 gignant
493 4669 655 4756 dogmata
673 4677 893 4744 monstrosa,
917 4683 1007 4752 quae
1023 4684 1129 4729 nemo
1180 4659 1459 4730 consolationem
1482 4659 1573 4728 etad
1605 4681 1724 4727 veram
1754 4654 2016 4725 invocationem
2047 4653 2161 4724 utilia.

141 4794 255 4843 sanrrs
269 4771 395 4860 probat
410 4784 444 4838 et
458 4772 576 4839 frenos
591 4765 845 4858 cupiditatibus
861 4762 993 4831 laxant.
1034 4759 1130 4833 Huic
1180 4760 1381 4851 Praestigiis
1403 4784 1487 4829 vero
1509 4758 1764 4829 contrariarum
1795 4754 2076 4846 disputationum
2094 4776 2162 4844 op·

144 4874 312 4945 licentiae
327 4884 550 4964 quaeruntur
564 4870 718 4940 latebrae
734 4866 832 4935 velut
843 4859 930 4934 Orci
945 4864 1055 4953 galea,
1069 4889 1145 4960 seu,
1181 4885 1357 4955 ponamus
1371 4858 1457 4933 haec
1472 4860 1677 4950 gravissima
1695 4859 1803 4927 dicta:
1830 4853 1931 4943 Quae
1947 4854 2043 4925 Deus
2058 4878 2163 4946 prae·

143 4976 269 5070 potius
291 4987 332 5044 ut
354 4972 517 5045 Cerastae
537 4994 574 5039 se
597 4972 751 5052 abdunt,
775 4966 838 5060 qui
861 4988 898 5033 sc
922 4965 998 5034 luto
1014 4967 1132 5037 invol·
1181 4964 1284 5056 cepit,
1309 4977 1426 5034 sancte
1441 4962 1566 5052 cogita.
1603 4958 1710 5030 Item:
1735 4957 1895 5028 Lucerna
1910 4956 2061 5046 pedibus
2075 4956 2164 5026 meis

144 5093 239 5153 sont
255 5091 291 5148 ct
305 5100 439 5146 cornua
456 5086 621 5156 exerunt,
646 5085 687 5141 ut
710 5071 870 5139 incautos
885 5065 1036 5141 viatores
1051 5093 1132 5139 sau·
1182 5068 1331 5136 verbum
1348 5081 1460 5137 tuum.
1511 5062 1614 5134 Certe
1638 5061 1735 5130 enim
1758 5058 2039 5149 disputationum
2057 5080 2165 5148 opor·

144 5183 260 5253 cient:
295 5179 344 5248 sic
365 5178 422 5248 isti
447 5200 482 5245 se
505 5174 720 5244 factionibus
742 5170 929 5253 muniunt,
953 5185 988 5241 ct
1002 5197 1044 5242 es
1060 5171 1133 5242 suis
1184 5165 1613 5255 tetessemetasaliquas.
1662 5159 1711 5231 Et
1729 5184 1848 5230 vocem
1865 5182 1963 5229 suam
1980 5155 2077 5229 Deus
2091 5173 2166 5230 tra·

144 5282 309 5378 latebris,
330 5305 418 5373 quos
433 5279 571 5356 volunt,
594 5275 765 5364 iugulant.
802 5271 852 5343 Ut
868 5271 977 5360 igitur
992 5275 1029 5342 in
1050 5296 1133 5344 vera
1183 5270 1298 5357 didit,
1324 5282 1363 5338 ut
1379 5283 1487 5339 metas
1505 5264 1609 5334 nobis
1625 5261 1880 5346 circumdaret,
1904 5256 2164 5355 nePyrrhonio

156 5382 321 5461 Ecclesia
345 5382 474 5454 iudicia
497 5380 737 5461 retineantur,
775 5373 933 5466 conspici
956 5399 1033 5447 eam
1064 5391 1135 5449 sta-
1184 5395 1283 5442 more
1298 5368 1526 5460 vagabundae
1541 5364 1759 5434 mentesline
1782 5376 1912 5434 errent.

194 5493 377 5560 ttrcmr.
400 5489 503 5558 Orsa.
529 5486 612 5550 vor.
627 5479 706 5548 ΧΠ.
1603 5460 1653 5536 24
