4680 6038
157 208 228 281 251
647 198 808 279 nacta.
839 200 915 277 DE
945 198 1226 279 annuato
1259 197 1414 279 DUCE
1452 197 1701 278 BRUNSV.
2112 208 2189 281 282

165 404 246 453 rum
263 376 389 449 trtvita
416 374 550 467 profuit
574 374 825 469 tranquillitati
893 374 1018 447 clesiae
1040 390 1073 446 et
1095 398 1158 466 pa·
1208 376 1286 447 dest
1299 373 1447 466 posteris
1460 373 1537 445 eius
1550 369 1736 444 historiam
1751 376 1888 455 tradere
1912 378 2056 469 plenam
2080 371 2190 447 hune-

165 482 277 565 triae,
311 480 357 551 ita
381 502 478 549 rrrcsrs
504 477 560 547 vel
585 477 744 565 siguum,
770 478 827 546 vel
852 478 970 571 siqua
994 502 1035 549 ex
1060 490 1158 569 parte
1206 477 1441 548 stissimornm
1481 476 1735 571 exemplorum.
1803 474 1964 549 Primtun
1997 490 2120 549 autern
2151 482 2191 549 de

166 606 272 655 auersa
298 582 367 651 luit
396 580 631 649 roasimarum
654 579 891 651 mutationum
916 594 951 650 et
977 579 1159 649 calamita·
1206 579 1282 650 eius
1304 577 1415 669 patria
1438 576 1566 645 dicam.
1615 576 1697 645 Non
1721 578 1868 648 dubium
1890 593 1941 650 est
1973 579 2012 649 in
2035 594 2188 651 veterum

168 700 266 769 traua,
297 682 431 777 ‹ptrilma
454 676 572 751 adlruc
597 704 783 771 argeruus,
819 696 853 753 et
875 705 1026 774 quarum
1052 681 1158 749 linem
1207 679 1505 772 descriptionibus
1529 679 1575 748 ab
1599 676 1703 750 Albis
1728 679 1831 750 initio
1844 677 2122 751 Hermunduros
2143 694 2190 751 ta·

170 812 275 859 rrerno
294 784 496 877 prrcrspricere
513 796 635 875 potest.
678 782 767 851 Nam
785 784 883 853 utde
900 783 1084 853 bellunen
1101 781 1159 853 di·
1208 781 1327 852 nuisse
1343 803 1506 870 magnam
1528 793 1683 872 partem,
1708 805 1909 875 quaenunt
1924 781 2117 877 Mysorum
2134 796 2191 867 ert,

169 912 268 973 carra,
293 891 390 981 <perard
415 902 531 957 tameo
552 884 634 953 vivo
658 880 815 955 lartlrero
839 885 1018 954 rierraioem
1041 899 1159 954 moto·
1208 884 1337 953 deinde
1358 884 1404 951 ad
1431 880 1554 954 Albim
1581 907 1657 951 eam
1679 885 1881 972 regionem,
1911 909 2002 979 quae
2025 906 2127 955 nunc
2144 898 2190 955 est

172 1014 253 1061 rum
277 988 384 1059 luisse
410 986 585 1079 sapienter
605 986 826 1067 existinmnt,
860 999 952 1055 certe
971 986 1000 1055 si
1018 986 1160 1056 vixisset
1210 998 1310 1055 vetus
1324 979 1487 1055 lllarchia
1503 984 1664 1055 Senones
1690 985 1810 1055 luisse.

171 1084 363 1173 ltactenut,
396 1102 436 1159 ut
462 1104 534 1159 erait
565 1102 691 1157 aratore
713 1111 785 1156 raon
812 1088 1006 1174 imbecilla,
1039 1087 1159 1155 minos
1311 1134 1395 1208 post
1418 1135 1576 1207 senones
1601 1135 1691 1206 dm
1723 1138 1848 1206 urbem
1883 1136 2054 1232 inclytam
2108 1162 2190 1233 qm

2063 1192 2075 1225 θ

172 1192 404 1311 dissidiorum
428 1190 465 1259 in
491 1188 657 1307 llcclesiia
682 1202 781 1306 esset.
839 1188 944 1259 litatae
972 1202 1013 1259 ut
1037 1186 1162 1283 Ulysse
1211 1262 1307 1308 mmo
1328 1236 1480 1307 Brumvi
1506 1263 1524 1306 a
1548 1250 1599 1307 est
1642 1239 1785 1309 suerum
1810 1236 1972 1309 Bructeri
1995 1240 2043 1309 ad
2066 1236 2125 1310 Ha
2162 1242 2189 1309 i·

172 1298 393 1377 daeum-nte,
419 1316 498 1363 com
515 1314 601 1359 aocu
617 1304 730 1361 otretn
753 1315 791 1359 ιιι
808 1315 913 1383 qrrcm
928 1288 1062 1361 Aeolus
1076 1312 1162 1359 ven·
1242 1342 1251 1358 .
1483 1262 1505 1329 Β
1608 1294 1617 1323 ’
2127 1264 2162 1311 ῐῐ

174 1410 229 1467 tos
254 1396 463 1477 irodoserat,
490 1392 673 1482 aperiunt,
698 1405 891 1482 eruperunt
914 1391 951 1460 in
968 1392 1162 1463 contrarias
1215 1364 1310 1411 mam
1326 1364 1457 1433 ⁰⁸q⁰⁸’
1484 1354 1562 1431 p⁰⁵l
1576 1338 1768 1410 &uelem
1785 1338 2007 1411 mmmmm
2025 1338 2190 1413 “vm''

174 1518 277 1579 arras,
304 1492 435 1563 llorcas
457 1506 491 1563 et
506 1490 636 1579 Notus,
661 1488 782 1565 Eurus
797 1509 830 1563 et
851 1492 1032 1584 Argestes,
1056 1507 1091 1562 et
1105 1493 1162 1560 in-

175 1612 231 1669 ter
252 1618 325 1665 aeae
349 1607 522 1664 certantes
545 1618 585 1663 ex
608 1595 680 1664 imo
704 1596 795 1664 mari
817 1597 1014 1666 contrarios
1035 1596 1163 1664 lluctus

174 1698 384 1780 excitarunt,
410 1695 541 1789 quibos
555 1710 714 1789 quassata
730 1698 831 1765 navis
846 1713 963 1789 postea
978 1698 1085 1767 lracta
1100 1709 1163 1779 est,

175 1802 224 1871 ita
258 1799 489 1869 scribentium
518 1798 674 1867 dissidiis
707 1813 891 1892 quassatur
921 1814 956 1871 et
988 1801 1163 1868 laceratur

177 1898 348 1971 Ecclesia.
401 1895 450 1969 Et
472 1901 631 1991 quotidie
652 1902 776 1971 crescit
800 1902 932 1987 rabies,
965 1924 1034 1994 qua
1059 1925 1099 1969 ex
1125 1924 1162 1967 re

176 2003 263 2097 quid
286 2001 384 2071 aliud
406 2001 610 2070 ratiocinari
633 2026 836 2092 possumus,
867 2027 974 2096 quam
999 2004 1094 2096 quod
1125 2002 1162 2069 in

176 2098 376 2197 Sophocleo
393 2103 549 2173 carmine
570 2105 776 2193 gravissime
795 2105 943 2176 dicitur:

1214 1444 1287 1534 gim
1303 1439 1438 1536 Caycos
1456 1442 1561 1511 luisse
1580 1438 1670 1510 nibil
1683 1443 1832 1513 dubium
1849 1458 1917 1526 est,
1942 1443 2004 1539 qui
2021 1468 2106 1513 cum
2118 1444 2189 1513 lue·

1213 1546 1288 1615 rint
1313 1544 1350 1613 in
1372 1542 1477 1630 Asia,
1509 1545 1555 1612 ab
1576 1540 1736 1615 llomero
1758 1546 1922 1615 celebrati
1943 1558 2038 1617 sunt.
2095 1542 2190 1619 Unde

1214 1646 1406 1740 progressi,
1431 1660 1472 1716 ut
1494 1645 1584 1713 aliae
1608 1660 1730 1735 gentes
1751 1648 1885 1717 multae
1905 1646 1999 1718 inter
2017 1645 2143 1717 Albim
2161 1658 2190 1717 et

1215 1747 1395 1837 Visurgim
1411 1750 1657 1820 consederunt.
1709 1746 1878 1818 Haesura
1896 1770 1990 1819 nunc
2005 1748 2108 1839 regio
2123 1746 2190 1819 Lu·

1213 1850 1444 1939 naburgensis
1456 1851 1598 1922 dicitur.
1620 1847 1761 1919 Ducum
1774 1874 1857 1920 vero
1873 1850 2188 1921 Brunsvicensiuro

1213 1965 1247 2023 et
1268 1950 1602 2040 Luneburgensium
1624 1951 1729 2042 stirps
1751 1966 1803 2021 est
1824 1954 1965 2033 eadem,
1989 1966 2071 2021 orta
2098 1976 2119 2021 a
2142 1951 2189 2021 la-

1213 2054 1311 2122 milia
1331 2051 1510 2138 Gucllica,
1534 2054 1633 2123 cuius
1651 2068 1701 2123 est
1719 2056 1806 2123 adeo
1822 2066 1955 2124 vetusta
1969 2053 2145 2123 nobilitas
2156 2052 2189 2121 in

387 2228 437 2255 Η
489 2234 513 2255 ,„
638 2238 653 2253 ⁴
737 2230 746 2255 ‚
801 2230 810 2252 Ι
950 2235 958 2259 1
1214 2152 1428 2240 Germania,
1467 2170 1506 2225 ut
1539 2154 1743 2225 Ludovicus
1776 2154 1881 2241 Pius,
1914 2152 2036 2227 Caroli
2071 2152 2191 2245 Magni

259 2232 381 2355 5⁷¹qu
420 2237 571 2357 felgeldi
592 2232 704 2355 “Ottm
727 2237 894 2349 “domm
916 2259 1002 2321 παρα
1214 2259 1326 2343 lilius,
1358 2281 1502 2327 uxorem
1527 2282 1568 2326 ex
1593 2280 1633 2327 ea
1655 2258 1788 2326 familia
1814 2256 1971 2342 disserit,
2008 2268 2044 2327 et
2066 2278 2191 2327 mono·

258 2358 377 2459 ταυξην
399 2356 500 2411 'Eme‘
521 2357 580 2413 ’Ψ
602 2338 692 2397 ‘'¹⁰²‘'
710 2358 817 2420 llm‘l’
836 2360 911 2400 ''⁰“
1214 2373 1330 2429 menta
1344 2360 1388 2428 ab
1402 2383 1443 2428 eo
1453 2373 1610 2450 tempore
1621 2372 1703 2428 sarrit
1717 2383 1789 2429 non
1805 2359 1926 2449 procul
1939 2352 2146 2451 abdlpibus
2156 2358 2191 2425 in

257 2438 292 2513 l}
314 2459 416 2520 σφω’
435 2437 639 2519 δραμοῦω»
661 2437 703 2511 ‘²⁹
722 2434 830 2515 ‘iffi’
851 2449 965 2505 MP·
1213 2462 1346 2551 templo
1365 2460 1629 2551 Wingartcnsi.
1681 2457 1789 2532 Dedit
1813 2462 1906 2529 enim
1930 2452 2117 2531 Lutltan‘us
2136 2482 2189 2529 aa·

261 2566 321 2627 l'bi
337 2570 615 2647 petulantert'acen
631 2568 713 2650 qood
735 2571 827 2645 tibet,
854 2573 936 2649 licet,
1213 2564 1313 2654 piens
1340 2561 1536 2653 Imperator
1564 2564 1691 2645 liliam,
1728 2588 1835 2655 qrram
1864 2558 2019 2632 babebat
2045 2559 2188 2631 unicam

259 2666 443 2753 Leguruqoe
458 2692 520 2730 vox
539 2682 567 2730 et
584 2674 626 2729 ira
642 2672 770 2731 vindicis
785 2669 843 2731 Dei
1212 2664 1368 2734 Henrico
1395 2663 1525 2735 Guello
1557 2663 1649 2734 Duci
1671 2664 1857 2747 Bavariae,
1891 2677 1926 2734 ei
1948 2662 2111 2735 attribuit
2134 2684 2190 2753 ge-

257 2770 428 2847 llidenlur,
454 2776 590 2833 auinaue
606 2794 715 2834 ttamen
738 2788 782 2836 est
797 2774 907 2855 pudor,
1211 2792 1298 2836 nero
1313 2764 1486 2837 Ducatum
1506 2766 1691 2840 saxoniae.
1751 2763 1805 2836 Ex
1830 2761 1886 2834 llis
1909 2764 2108 2836 malorlbtu
2129 2788 2189 2833 nn·

256 2872 369 2957 lllaguo
389 2887 454 2935 ruet
471 2878 567 2936 veritis
581 2876 717 2937 sesosidis
732 2880 848 2959 impetu
1211 2868 1411 2953 bilissimip,
1454 2866 1584 2938 Guello
1608 2882 1642 2937 el
1669 2868 1742 2937 filia
1765 2864 1925 2938 Lolltarii
1951 2866 2190 2963 lntpmlotlp,

255 2974 333 3041 lllnx
350 2981 382 3039 iu
398 2978 585 3061 preliandum
599 3000 693 3041 mersa
714 2992 776 3042 tota
791 2984 906 3041 civitas·
1210 2985 1288 3041 orltt
1306 2984 1357 3040 est
1372 2972 1504 3040 familia
1522 2972 1664 3040 Ducum
1681 2971 1999 3040 Brunsvicensinrn
2025 2982 2062 3039 el
2078 2967 2187 3039 Lune-

1209 3072 1451 3163 burgensium.
1505 3071 1578 3141 Nec
1601 3097 1684 3142 vero
1711 3068 1817 3142 huius
1832 3088 1883 3143 est
1898 3070 2073 3163 temporis
2087 3064 2186 3141 hitto·

1208 3176 1279 3244 rias
1303 3172 1433 3244 lrorum
1458 3175 1665 3265 Principum
1693 3174 1870 3263 longiores
1890 3170 1950 3242 bic
1974 3172 2141 3253 recitare,
2156 3184 2186 3240 et

1210 3279 1390 3373 quomodo
1423 3278 1593 3370 paulatim
1622 3271 1819 3347 haereditas
1846 3276 1957 3345 divisa
1990 3276 2050 3349 sit.
2101 3272 2183 3345 lllud

1208 3381 1398 3472 praeterire
1414 3405 1488 3451 non
1508 3402 1666 3470 possum,
1695 3381 1739 3448 ab
1756 3380 1826 3447 illis
1840 3376 2003 3447 lutharii
2018 3398 2183 3447 srrccettu-

1208 3482 1307 3552 ribus
1325 3505 1455 3571 genero
1470 3495 1505 3553 et
1520 3482 1593 3549 lilio
1611 3480 1702 3548 liliae
1720 3504 1775 3550 res
1790 3477 2059 3550 honestissimas
2075 3492 2108 3549 et
2123 3478 2181 3546 uti·

174 3108 245 3181 Sed
269 3102 362 3179 lranc
386 3106 664 3178 consolationem
697 3108 819 3178 multis
845 3106 1056 3179 tristissimis
1080 3133 1159 3197 spe-

172 3211 317 3283 ctaculis
341 3232 582 3302 opponamus,
612 3211 708 3302 qarod
734 3224 870 3279 certum
892 3223 945 3280 est
964 3210 1076 3279 lilium
1091 3210 1158 3279 Dei

172 3314 359 3383 «lominum
388 3326 551 3383 nostrum
583 3310 698 3381 lesum
719 3308 921 3395 Christum,
960 3306 1073 3411 λόγον
1094 3310 1157 3383 καὶ.

175 3410 301 3487 εἰκόνα
332 3410 459 3485 dl'drov
493 3408 620 3483 ἀϊδίου
658 3411 817 3506 πατρὸς,
860 3438 946 3483 voce
970 3410 1157 3505 Evangelii

174 3538 312 3606 scalper
324 3530 503 3584 aeternam
517 3512 710 3582 Ecclesiam
727 3515 909 3605 colligere,
934 3516 1039 3584 etiam
1064 3519 1157 3588 inter
1383 3586 1391 3600 ,
1957 3583 1968 3600 ,
2059 3582 2070 3599 ,

171 3612 363 3685 horribiles
377 3614 602 3684 corilusiones
616 3617 753 3701 generis
768 3611 928 3689 humani.
979 3616 1158 3687 Huncar-
1207 3580 1790 3673 ¹⁰³ge¹¹⁰r¹h¹¹¹¹¹³⁰¹lli⁸⁸¹³⁸⁹⁸⁵²⁶
1843 3579 1987 3669 Malim
2010 3604 2107 3651 “¹¹¹⁰
2119 3578 2181 3649 Μ’
2227 3584 2231 3651 ¹·

172 3717 341 3785 dengbu,
356 3717 448 3785 νοῇ,
461 3738 663 3805 mmmm
688 3729 729 3786 u,
755 3741 819 3787 „03
833 3720 1022 3809 guberne„
1047 3735 1081 3789 εἰ
1098 3721 1155 3789 in,
1207 3687 1251 3754 lis
1277 3700 1521 3776 represserunt
1543 3686 1695 3769 ricinos,
1722 3686 1785 3778 qui
1810 3686 1973 3755 trundum
1991 3693 2180 3773 receperant
2224 3654 2231 3747 l

172 3830 227 3886 ter
242 3838 309 3886 nos
325 3816 465 3903 colligat
481 3829 514 3886 ct
527 3830 640 3887 servet
653 3813 859 3901 Ecclesiam,
885 3833 920 3891 et
939 3820 975 3887 in
993 3823 1154 3893 docendo
1201 3789 1406 3875 ·d⁰⁰¹‘j¹¹³“¹
1421 3787 1617 3873 E⁶⁶¹⁰⁵l²¹et
1644 3802 1675 3857 ⁰¹
1699 3786 1845 3856 d⁰mi¹i⁸
1866 3787 2070 3857 d⁰⁰¹fi¹¹²¹¹⁸
2084 3780 2178 3855 Μ

171 3931 205 3987 et
221 3919 389 3987 discendo
408 3917 556 4006 gloriam
570 3915 649 3997 Dei,
674 3921 854 3989 veritatem
869 3937 902 3991 et
921 3923 1070 3993 salutem
1087 3949 1156 3994 no·
1202 3890 1346 3963 unum·

169 4034 279 4090 *ΨΜ
295 4033 327 4089 ²¹
343 4020 494 4089 “limum
511 4043 738 4112 ‘Pfflfflmmt
766 4047 838 4092 '¹⁰¹¹
856 4040 1034 4115 caPl⁰¹¹¹¹¹⁸
1053 4052 1154 4123 llum
1306 4039 1409 4109 Talia
1428 4039 1636 4133 Principum
1658 4040 1803 4109 consilia
1831 4052 1866 4107 et
1880 4040 1972 4107 iacta
1997 4062 2081 4109 eum
2103 4035 2177 4125 legi·

168 4120 359 4239 P⁰P⁰¹³fe⁸
381 4116 637 4214 80Ρὴῑὸηῑῦωῑη
660 4125 858 4215 Pffl‘ssllssll'
889 4142 921 4197 ‘l
954 4122 1154 4221 ⁸5⁶⁰Pl¹³¹¹⁸
1204 4166 1303 4225 mus,
1335 4165 1565 4232 agnoscamus
1587 4143 1653 4214 Dei
1684 4136 1891 4211 beneficium
1920 4140 2053 4225 scrisse,
2094 4139 2175 4233 quod
2219 4128 2230 4251 ἰ,

167 4238 248 4293 ¹¹⁰³·
1204 4247 1291 4315 tales
1304 4244 1487 4335 Principes
1502 4244 1713 4313 Germaniae
1736 4245 1846 4313 dedit.
1900 4240 2065 4332 ipsorum
2084 4242 2177 4311 etiam

270 4335 313 4406 ln
329 4332 395 4409 hac
408 4353 524 4409 autern
539 4342 750 4429 cogitatione
767 4345 811 4413 de
825 4337 880 4413 lais
894 4347 1153 4434 praestantibus
1205 4350 1371 4417 virtutem
1387 4348 1590 4429 laudemus,
1614 4347 1675 4440 qni
1693 4371 1757 4438 pro
1778 4347 1852 4435 lege
1867 4356 1902 4412 et
1919 4369 1984 4433 pru
2003 4366 2125 4433 grege,
2146 4342 2176 4411 id

167 4440 274 4524 viris,
314 4443 358 4509 de
379 4438 478 4510 Duce
496 4438 649 4513 Ernesto
665 4462 698 4514 et
714 4442 894 4531 Lotlrero,
920 4448 1076 4517 iudicavi
1095 4476 1152 4521 me
1204 4465 1275 4535 est,
1294 4464 1334 4520 ut
1356 4451 1400 4518 ad
1416 4446 1482 4518 Dei
1505 4450 1722 4538 agnitionem
1746 4441 2176 4516 moltoslmmineaaddn·
2215 4472 2230 4521 ι

165 4556 259 4611 recte
279 4541 453 4612 sactorum
483 4566 574 4623 esse,
607 4546 637 4613 si
663 4543 773 4617 Ducis
794 4546 936 4621 Ernesti
965 4545 1150 4621 historiam
1203 4566 1340 4637 cerunt,
1367 4565 1401 4621 et
1415 4553 1597 4621 munirent
1611 4574 1732 4641 pacem
1749 4549 1931 4637 religione,
1957 4547 2108 4637 legibus,
2131 4546 2177 4615 iu-
2212 4536 2230 4659 ’ἓξ

163 4642 369 4725 recitarem,
394 4669 468 4713 nun
491 4670 533 4714 eo
556 4660 711 4731 tanturn,
736 4653 819 4741 qnia
845 4653 920 4742 ipse
936 4652 1103 4742 privatim
1118 4656 1149 4723 ei
1202 4655 1326 4738 diciis,
1351 4653 1558 4744 disciplina,
1580 4654 1671 4722 bella
1686 4667 1884 4741 gesserunt,
1910 4664 1943 4719 et
1960 4668 2176 4719 communen
2211 4668 2230 4767 Ι

163 4746 417 4833 gratitudinem
435 4746 567 4830 debeo,
589 4772 669 4817 cum
687 4750 794 4820 luerit
811 4777 908 4823 meae
923 4755 1056 4844 patriae
1073 4753 1149 4825 Do-
1182 4756 1383 4845 religionis
1397 4752 1656 4824 etGerrnaoiae
1674 4752 1960 4824 coniunctionem
1975 4752 2177 4831 tutatisunl,
2209 4770 2230 4841 ᾗ

157 4846 297 4929 miuus,
320 4850 521 4942 etquidem
544 4849 717 4937 singulari
749 4854 998 4926 benevolentia
1029 4880 1146 4927 meum
1199 4858 1528 4927 nondilacerarunt
1547 4849 1975 4945 privatis'cupidttaribns
2028 4852 2103 4925 Sed
2125 4874 2177 4921 re·
2212 4852 2230 4919 ἓ

156 4962 293 5036 patrem
313 4951 516 5041 complexus
537 4954 664 5037 luerit,
697 4958 757 5024 sed
791 4957 897 5025 etiam
930 4958 1014 5053 quia
1042 4959 1146 5031 nobis
1198 4974 1313 5031 terum
1329 4955 1512 5043 historias,
1537 4960 1602 5028 etsi
1628 4960 1738 5028 marita
1755 4953 1902 5026 honesta
1925 4954 2088 5047 exempla
2102 4978 2178 5025 con·
2216 4976 2229 5023 a

154 5052 322 5121 omnibus
337 5055 454 5121 danda
475 5069 524 5124 est
543 5078 669 5145 opera,
695 5072 735 5128 ut
757 5058 845 5129 sciat
873 5059 1058 5146 posteritas
1079 5063 1145 5130 do·
1197 5063 1331 5145 tinent,
1363 5063 1500 5131 urnitto.
1551 5058 1620 5130 Hic
1633 5056 1806 5131 Ernestus
1819 5057 1899 5128 Dux
1915 5055 2179 5127 Brunsricensir

151 5152 302 5223 ctrinam
342 5150 580 5225 Ecclesiarum
616 5172 818 5228 nostramm
856 5176 1031 5252 receptam
1070 5186 1144 5233 esse
1195 5178 1229 5235 et
1243 5162 1533 5253 Luneburgensis
1547 5175 1652 5233 natus
1666 5178 1718 5233 est
1735 5186 1776 5231 ex
1793 5176 1890 5253 patre
1905 5158 2004 5230 Duce
2024 5154 2179 5229 Hennes

148 5256 366 5367 gravissimis
393 5256 534 5327 iudiciis
557 5259 756 5349 sapientum
788 5277 821 5330 et
838 5262 1017 5333 bonorum
1033 5262 1142 5336 Prin·
1194 5279 1229 5336 et
1258 5280 1371 5336 matre
1402 5267 1474 5335 lilia
1498 5262 1641 5335 Ernesti
1664 5262 1772 5335 Ducis
1793 5262 1970 5333 saxoniae
1992 5256 2181 5331 Electoris.

120 5374 285 5455 ¹egam,
311 5359 405 5429 inter
425 5383 516 5455 qrros
530 5384 611 5431 curn
630 5362 827 5435 lueritllua
841 5360 1030 5453 Ernestus,
1054 5389 1141 5458 pru·
1194 5366 1238 5437 lu
1259 5380 1358 5459 patre
1380 5370 1554 5438 excellens
1575 5367 1759 5458 ingenium
1781 5365 1872 5450 luit,
1894 5378 1934 5435 ut
1957 5363 2065 5433 molti
2079 5360 2181 5434 Priu-
