4680 6038
149 186 227 264 887

154 374 195 432 ut
210 368 330 452 postea
346 351 474 424 dicum.
525 343 618 417 Nam
637 339 775 416 etiamsi
787 349 910 413 nostra
932 358 1036 409 cansa
1059 336 1145 406 fon·-

155 458 212 534 tes'
225 484 297 529 non
314 467 572 548 expeteremus,
599 460 718 518 tamen
733 443 817 515 sciri
835 464 896 513 eos
915 462 1058 512 necesse
1079 451 1144 519 est,

158 587 238 635 cum
254 554 447 630 adversarii
463 549 642 624 refutandi
656 561 750 619 sunt.
803 542 988 635 Quantum
1008 540 1144 616 tumul-

158 666 351 739 tuabantur
366 656 494 730 Ariani
512 654 649 747 prolato
667 674 709 720 ex
725 647 916 721 Salomone
937 639 1007 717 hoe
1029 645 1144 739 dicto:

158 754 464 862 adpreciarentur
480 751 599 853 ἀρχὴν
615 747 845 826 ὂδῶναύτοῦ
860 749 910 830 εἲς
923 744 1026 849 ἔργα.
1052 742 1145 817 Cum

159 871 196 936 in
221 865 381 937 fontibus
403 862 448 936 sit
471 862 619 932 verbum
642 853 817 949 possedit,
850 874 927 922 non
958 846 1148 922 fabricavit

159 994 220 1039 seu
248 965 376 1042 ἔκτισε.
429 964 498 1036 Sed
523 962 568 1031 de
597 958 813 1029 refutatione
842 953 995 1027 aliorum
1026 964 1147 1046 postea

161 1073 286 1141 dicam.
338 1066 441 1138 Nunc
460 1066 503 1135 de
520 1061 714 1133 domestico
731 1083 800 1131 usu
816 1058 956 1151 loquor.

264 1201 426 1273 Tertium
468 1199 578 1288 igitur
617 1191 885 1265 incommodum
921 1185 1147 1266 intueamini,

160 1308 256 1399 quod
285 1305 322 1372 in
348 1302 506 1394 partibus
531 1300 706 1369 librorum
730 1293 830 1388 sequi
853 1312 992 1360 necesse
1012 1303 1083 1370 est,
1117 1288 1148 1357 si

163 1409 281 1497 lingua
298 1405 344 1478 sit
358 1406 490 1494 ignota.
544 1399 681 1471 Multae
690 1392 1000 1467 Hallucinationes
1014 1416 1057 1462 ex
1071 1413 1148 1460 ma·

160 1510 204 1577 lis
220 1506 467 1591 versionibus,
490 1505 574 1573 item
591 1525 631 1571 ex
646 1499 786 1570 inscitia
802 1492 940 1589 phrasis
959 1509 993 1567 et
1017 1495 1146 1584 figura-

159 1636 240 1681 rum
257 1610 435 1679 oriuntur.
487 1604 557 1674 Hic
579 1615 733 1697 quantus
755 1620 897 1689 campus
918 1597 1061 1670 taxandi
1080 1595 1147 1665 fal-

159 1736 215 1782 sas
233 1710 540 1801 interpretationes
554 1706 671 1796 patet?
707 1701 778 1775 Sed
801 1701 985 1772 ordiamur
998 1701 1044 1770 ab
1062 1697 1148 1790 ipsis

161 1813 321 1895 ludaeis,
348 1811 479 1905 quibus
494 1809 557 1880 etsi
574 1809 694 1897 lingua
711 1828 784 1874 raon
799 1804 919 1892 ignota
937 1816 1000 1887 est,
1028 1816 1146 1872 tamen

160 1915 334 1985 indicium
358 1916 402 1981 de
428 1907 549 2004 phrasi
580 1923 613 1980 et
637 1907 758 1997 figuris
780 1908 893 1999 deest:
928 1903 1012 1974 ldeo
1033 1903 1147 1973 multa

162 2017 290 2087 stolide
319 2025 563 2105 corrumpunt.
614 2009 846 2080 Manifestum
873 2019 926 2076 est
947 2005 1145 2076 Psalmum:

160 2115 259 2188 Dixit
276 2114 472 2200 Dominus,
497 2112 683 2186 vaticinari
707 2114 751 2181 de
773 2108 922 2194 Messia,
948 2109 1003 2177 illi
1026 2110 1146 2179 detor-

160 2233 269 2314 quent
283 2220 328 2288 ad
343 2212 538 2302 Abraham,
562 2229 596 2285 et
611 2215 899 2305 interpretantur,
922 2207 976 2280 De
989 2221 1146 2282 torrente

160 2323 198 2391 in
221 2322 278 2391 via
297 2320 415 2404 bibet,
449 2319 486 2388 id
510 2331 581 2402 est,
612 2340 654 2386 ex
675 2315 771 2390 Nilo.
832 2309 940 2405 Apud
964 2306 1145 2382 Micheam

158 2422 325 2513 legimus:
351 2419 435 2490 Non
449 2419 590 2490 intrabo
604 2418 642 2486 in
657 2441 745 2491 eam.
790 2412 832 2484 ln
848 2414 966 2485 verbis
979 2415 1080 2483 nulla
1095 2426 1145 2483 est

160 2522 390 2613 ambiguitas,
422 2524 484 2592 sed
507 2515 646 2613 phrasis
669 2519 789 2609 ignota
811 2529 861 2586 est
880 2516 941 2590 eis.
999 2513 1146 2605 Signifi-

160 2639 216 2696 cat
240 2647 277 2694 se
294 2647 368 2694 non
383 2636 612 2714 regnaturum
627 2643 702 2691 esse
717 2621 755 2689 in
771 2617 947 2690 Samaria:
974 2615 1144 2699 Servabo,

160 2726 297 2820 inquit,
337 2725 479 2814 exiguas
509 2723 696 2818 reliquias,
744 2723 804 2792 sed
830 2743 979 2810 regnum
1007 2721 1144 2794 delebo.

57 2858 61 2863 ·
159 2827 216 2898 lbi
235 2850 315 2897 cum
340 2821 523 2916 emphasin
546 2825 585 2894 in
601 2826 709 2895 verbo
726 2824 885 2895 intrandi
898 2847 972 2892 non
989 2835 1145 2908 cernant,

160 2930 299 3019 fingunt
314 2927 515 3019 peregrinas
529 2928 731 2999 sententias.
771 2924 876 2996 Scitis
891 2925 985 2994 enim
1002 2925 1040 2993 in
1058 2948 1145 3018 qua-

160 3031 248 3100 libet
268 3031 388 3120 lingua
403 3044 438 3101 et
453 3030 613 3123 proprias
628 3027 901 3119 significationes
924 3027 1144 3117 singularum

162 3156 307 3216 vocum,
333 3146 366 3203 et
385 3133 545 3202 usumin
568 3131 759 3222 iungendis
779 3130 916 3214 verbis,
942 3142 976 3199 et
997 3129 1145 3199 allusio-

160 3257 223 3303 nes
239 3234 277 3302 in
292 3234 414 3322 tiguris
429 3235 509 3304 seiri
526 3247 706 3324 oportere,
733 3255 840 3326 quam
862 3233 906 3302 ad
930 3255 1005 3300 rem
1031 3230 1146 3300 scien-

162 3336 208 3405 tia
239 3336 445 3405 formandae
469 3335 640 3405 orationis
663 3357 752 3426 opus
778 3347 850 3413 est,
892 3356 983 3427 quae
1007 3331 1145 3403 ludaeis

161 3439 268 3510 deest.
327 3435 397 3508 Sed
422 3437 561 3507 omissis
585 3434 725 3506 ludaeis
742 3435 937 3505 ·seniamus
966 3435 1012 3505 ad
1034 3435 1145 3506 inter-

162 3552 296 3628 pretes,
322 3539 384 3630 qui
399 3539 437 3606 in
454 3538 611 3627 lingnam
627 3534 799 3608 Graecam
822 3550 882 3607 aut
897 3534 1061 3607 Latinam
1088 3559 1145 3606 sa-

162 3662 240 3708 eros
265 3638 377 3709 libros
401 3641 687 3722 transfuderunt,
720 3661 873 3732 quorum
896 3637 1003 3711 laudo
1026 3652 1059 3711 et
1081 3663 1146 3710 vo-

163 3743 335 3810 luntatem
351 3753 385 3810 et
400 3764 506 3831 opera
522 3741 608 3831 ipsa.
659 3736 739 3813 Etsi
754 3739 850 3812 enim
868 3763 969 3831 saepe
992 3734 1144 3812 halluci-

162 3845 239 3911 nati
251 3854 351 3911 sunt:
376 3854 494 3911 tamen
511 3864 637 3931 magna
653 3866 694 3913 ex
709 3857 807 3934 parte
831 3843 1048 3915 intellectum
1075 3845 1145 3912 lin-

163 3940 422 4032 gnaeEbracae
439 3959 753 4017 conservaverunt:
780 3969 890 4038 quare
913 3946 1143 4016 iudicandum

163 4059 232 4130 est,
253 4067 314 4115 eos
337 4045 428 4116 bene
449 4047 594 4117 meritos
616 4070 699 4117 esse.
751 4046 823 4119 Sed
845 4047 873 4117 si
895 4048 975 4141 quis
997 4048 1044 4117 ita
1067 4048 1145 4118 lau·

162 4148 233 4230 dat,
258 4159 297 4217 ut
311 4147 426 4218 fontes
444 4149 528 4218 velit
543 4148 685 4240 negligi,
710 4161 745 4221 et
760 4149 938 4239 ignaviam
951 4151 1146 4237 confirmet,

162 4247 192 4315 is
206 4249 364 4341 profecto
379 4249 508 4340 dignus
524 4264 575 4322 est
590 4251 685 4322 odio.

264 4379 382 4471 Quam
405 4384 509 4456 multi
534 4383 667 4455 Psalmi
689 4389 777 4457 adeo
803 4385 992 4457 infeliciter
1014 4386 1145 4457 redditi

162 4497 262 4569 sunt,
286 4496 326 4555 ut
348 4485 501 4576 plurima
527 4488 684 4557 membra
707 4512 781 4558 non
810 4487 1074 4576 intelligantur,
1105 4500 1146 4559 ut

161 4586 198 4655 tn
223 4584 260 4654 in
285 4584 450 4659 Psalmis:
489 4584 647 4678 Exurgat
670 4586 777 4661 Deus.
843 4587 949 4660 ltem:
986 4589 1145 4659 Domine

105 4760 109 4766 ,
162 4688 320 4776 probasti
344 4712 412 4762 me.
466 4688 573 4761 ltem:
607 4688 685 4760 Nisi
711 4688 887 4761 Dominus
909 4690 1145 4762 aedificaverit

161 4789 321 4862 (tomum.
372 4786 421 4863 Et
435 4793 574 4886 quoties
589 4791 626 4860 in
643 4787 833 4885 Prophetis
848 4792 982 4862 alienas
1001 4806 1143 4865 senten-

159 4890 224 4958 tias
240 4893 416 4982 gignunt?

553 108 559 117 ⁵
637 161 798 245 nncn
828 158 907 241 na
939 156 1169 237 ursona
1193 153 1366 235 unna.
1390 150 1701 235 ntscnnna

2110 156 2189 243 080

1195 328 1339 405 Arbela.
1389 328 1583 403 Minitatur
1596 327 1777 403 Samariae
1793 330 1992 425 excidium,
2016 333 2112 409 sirm
2126 310 2186 407 ills

1194 436 1271 529 ipse
1288 433 1434 507 Salman
1449 430 1529 507 Rex
1545 431 1714 528 Assyrius
1729 433 1908 506 deleverat
1922 432 2068 508 Arbela.

1299 585 1342 657 ln
1366 582 1667 676 Paralipomenis,
1691 583 1741 656 'ut
1761 587 2010 675 nominamus,
2032 612 2113 681 cap.
2130 588 2185 661 17.

1196 689 1327 783 prioris
1344 687 1449 772 libri,
1475 686 1641 775 legimus:
1667 683 1796 760 Fecisti
1810 712 1867 759 me
1881 688 2110 784 spectabilem
2122 714 2184 769 ¹su-

1197 816 1262 887 per
1283 813 1406 862 omnes
1428 784 1592 859 homines
1603 785 1759 860 Domine
1773 787 1882 865 Deus.
1934 790 2065 865 Graeci
2087 816 2185 865 eom·

1197 895 1355 966 modius:
1389 887 1526 971 luridae
1547 915 1594 984 με
1615 885 1666 972 ὥς
1689 887 1817 989 ὅρασις
1842 888 2066 991 ἀνθρώπου.
2125 894 2184 969 sic

1199 998 1294 1067 enim
1308 993 1459 1068 Ebraice
1474 993 1619 1082 legitur:
1643 990 1691 1065 Et
1707 995 1833 1087 aspicis
1847 1021 1904 1068 me
1923 1012 1966 1071 ut
1977 1000 2098 1071 forma
2118 992 2186 1071 ho·

1199 1100 1327 1185 minis,
1352 1099 1415 1193 qui
1433 1121 1469 1168 es
1484 1091 1614 1167 lehova
1630 1091 1726 1167 Deus
1741 1098 1779 1166 in
1793 1100 1947 1171 excelsis.
1984 1099 2088 1190 Quid
2103 1102 2184 1175 dot·

1200 1205 1274 1272 eins
1300 1213 1351 1272 est
1373 1198 1438 1270 hac
1466 1198 1640 1269 sententia
1671 1198 1893 1289 significante
1919 1203 2184 1293 copulationem

1199 1306 1351 1374 duarum
1370 1315 1576 1372 naturarum
1592 1301 1631 1369 in
1648 1299 1803 1372 Messia?
1850 1301 1899 1376 Et
1918 1307 2081 1396 pondera
2103 1320 2204 1391 sunt,

1199 1407 1238 1476 in
1262 1405 1395 1475 verbis:
1428 1403 1568 1496 Aspicis
1590 1426 1664 1473 me:
1697 1427 1816 1487 curas,
1850 1407 2023 1497 protegis,
2054 1430 2181 1483 servu.

1198 1504 1246 1579 Et
1270 1509 1413 1601 quidem
1441 1506 1588 1576 indutus
1609 1506 1723 1577 forma
1749 1502 1925 1595 hominis,
1951 1509 2124 1581 transfers
2143 1510 2182 1581 in

1201 1624 1234 1682 te
1249 1624 1420 1693 mortem,
1443 1622 1478 1679 et
1496 1607 1623 1677 tribuis
1638 1609 1743 1679 nobis
1757 1622 1856 1681 tuam
1871 1612 2038 1699 formam,
2062 1612 2183 1685 esttibi

1199 1712 1421 1783 reviviscenti
1441 1710 1575 1780 similes
1595 1710 1799 1781 efficiamur.
1851 1710 1949 1785 Haec
1969 1712 2078 1785 lectio
2100 1738 2184 1786 con-

1198 1816 1407 1887 solationem
1425 1813 1614 1908 proponit,
1640 1824 1675 1883 et
1689 1817 1960 1888 commonefacit
1976 1838 2045 1886 nos
2070 1816 2117 1888 de
2136 1818 2183 1889 si·

1199 1918 1344 1987 milibus
1367 1915 1485 1987 dietis:
1509 1909 1603 1985 Eum
1619 1915 1773 2008 quinon
1788 1919 1889 1990 novit
1901 1931 2106 2010 peecatum,
2131 1921 2182 1991 fe·

1199 2021 1246 2089 cit
1261 2032 1459 2108 peccatum,
1484 2030 1525 2088 ut
1546 2038 1613 2085 nos
1634 2017 1759 2087 fiamus
1782 2019 1921 2099 iusticia
1935 2018 2004 2090 Dei
2027 2022 2070 2091 in
2093 2023 2181 2113 ipso.

1199 2116 1275 2191 Etsi
1291 2133 1410 2190 autem
1434 2131 1581 2211 propter
1603 2116 1810 2190 brevitatem
1834 2121 2021 2194 cavillator
2042 2124 2183 2195 eludere

1198 2223 1440 2294 testimonium
1458 2221 1502 2291 de
1517 2220 1657 2291 duabus
1673 2223 1810 2293 naturis
1825 2224 1864 2292 in
1881 2221 2026 2297 Christo
2051 2238 2181 2318 potest:

1197 2339 1316 2396 tamen
1332 2325 1539 2396 adiunctum
1555 2321 1634 2393 aliis
1652 2322 1775 2394 multis
1789 2339 1928 2416 gratum
1940 2340 1994 2399 est
2015 2327 2076 2420 pie
2097 2352 2182 2400 con·

1196 2427 1379 2498 sideranti.

1298 2579 1408 2676 Apud
1423 2576 1565 2651 Esaiam
1582 2580 1728 2671 legitur:
1756 2577 1911 2654 Definita
1927 2585 2179 2659 consummatio

1197 2685 1392 2756 exundabit
1414 2680 1608 2764 iusticiam,
1633 2684 1670 2752 id
1694 2696 1763 2756 est:
1796 2683 1839 2754 ln
1862 2686 1932 2756 fine
1951 2687 2098 2779 politiae
2120 2686 2182 2761 lu·

1196 2788 1327 2872 deicae,
1352 2788 1414 2882 qui
1432 2785 1637 2877 praefinitus
1652 2798 1722 2867 est,
1747 2786 1886 2859 iusticia
1903 2789 2104 2883 largissime
2116 2790 2179 2863 du·

1197 2890 1353 2961 nabitur.
1406 2886 1475 2957 llic
1503 2911 1644 2982 quoque
1675 2901 1819 2979 propter
1846 2891 2058 2964 brevitatem
2082 2892 2179 2987 qnasi

1198 2991 1433 3085 praetervolat
1465 2989 1638 3060 sententia
1670 2989 1849 3065 lectorem.
1911 2990 2045 3064 Graeci
2075 2994 2178 3086 igitur

1199 3095 1317 3164 minus
1336 3092 1519 3184 perspicue
1542 3091 1775 3164 reddiderunt
1798 3094 1920 3165 verba:
1953 3088 2072 3193 λόγον
2094 3120 2175 3171 συν·

1196 3191 1417 3289 τετλημένον
1443 3185 1584 3286 ποιήσει
1606 3188 1625 3264 ὅ
1649 3186 1751 3275 θεός.
1802 3192 1881 3266 Etsi
1904 3210 2024 3277 autem
2048 3196 2176 3271 Graeca

1197 3299 1303 3369 verba
1322 3298 1449 3366 retinet
1475 3294 1630 3383 Paulus,
1669 3309 1786 3366 tamen
1815 3299 1989 3370 sententia
2021 3302 2176 3393 congruit

1197 3424 1277 3470 cum
1301 3400 1481 3479 fontibus,
1509 3397 1640 3490 quibus
1662 3397 1846 3490 inspectis,
1872 3401 1958 3493 qnid
1983 3404 2072 3476 velit
2091 3402 2175 3475 Pau-

1197 3503 1270 3586 lus,
1299 3502 1426 3570 molins
1448 3499 1599 3587 intelligi
1621 3513 1752 3591 potest,
1778 3525 1883 3594 quam
1910 3527 1952 3572 ex
1969 3499 2109 3576 Graeca
2133 3506 2173 3573 le·

1197 3605 1324 3676 ctione.
1375 3600 1423 3672 Et
1440 3601 1583 3696 quidem
1598 3602 1731 3672 multae
1748 3597 1891 3693 phrases
1908 3607 2047 3676 suntin
2065 3607 2170 3677 omni·

1196 3708 1264 3778 bus
1278 3705 1418 3796 seriptis
1436 3702 1636 3795 apostolicis
1656 3704 1797 3795 proprie
1811 3700 1972 3793 Ebraeis,
1998 3733 2093 3802 quac
2106 3708 2171 3779 sine

1197 3833 1264 3879 usu
1279 3805 1437 3878 Ebraeae
1452 3808 1594 3893 linguae
1611 3808 1732 3875 dextre
1752 3805 1904 3895 intelligi
1925 3832 2001 3901 non
2024 3824 2172 3901 ponunt.

1197 3909 1361 4002 Denique
1380 3908 1499 3998 negari
1517 3931 1591 3975 non
1608 3920 1732 3998 potest,
1751 3909 1861 3998 magis
1875 3910 2000 3980 obvias
2015 3935 2090 3983 esse
2102 3936 2173 3983 sen-

1198 4013 1325 4083 tentias
1346 4013 1382 4079 in
1409 4010 1565 4104 qualibet
1588 4009 1710 4099 lingna
1733 4009 1795 4095 its,
1830 4011 1960 4103 quibus
1984 4038 2025 4083 ea
2047 4015 2172 4103 lingna,

1197 4138 1303 4208 quam
1319 4113 1438 4197 audit,
1464 4112 1655 4181 domestica
1676 4135 1737 4182 seu
1760 4112 1947 4183 familiaris
1967 4129 2038 4202 est,
2062 4130 2097 4188 et
2119 4116 2175 4211 qni

1196 4213 1363 4307 phrasin,
1389 4216 1517 4305 figuras
1534 4226 1594 4283 aut
1617 4213 1791 4283 rationem
1816 4214 2024 4288 formandae
2046 4219 2174 4291 oratio

1196 4319 1252 4388 nis
1277 4318 1496 4406 intelligunt,
1528 4339 1635 4408 quam
1659 4315 1721 4399 iis,
1751 4315 1881 4407 quibus
1904 4313 1992 4389 haec
2020 4320 2176 4391 subsidia

1196 4423 1335 4490 desunt.
1393 4416 1527 4489 Audivi
1552 4419 1742 4492 Ductorem
1768 4412 1985 4508 Theologiae
2009 4445 2176 4493 enarran-

1196 4537 1265 4592 tem
1282 4517 1348 4590 hoe
1365 4521 1516 4590 dictum:
1544 4517 1693 4609 Propter
1707 4512 1793 4587 haec
1808 4520 1906 4591 venit
1923 4522 1974 4591 ira
1991 4519 2061 4592 Dei
2077 4546 2176 4617 super

1196 4624 1287 4693 filios
1302 4621 1577 4704 incredulitatis,
1602 4642 1730 4710 magno
1744 4621 1854 4690 boatu
1873 4622 2055 4713 disputare
2071 4629 2115 4697 de
2127 4628 2176 4709 iis,

1195 4727 1257 4818 qui
1276 4727 1348 4794 nati
1373 4739 1456 4795 sunt
1478 4749 1518 4793 ex
1539 4721 1657 4812 impiis
1680 4723 1896 4812 parentibus.
1948 4722 2052 4797 Hanc
2073 4752 2176 4822 quae-

1195 4828 1345 4897 stionem
1361 4828 1525 4898 movebat
1550 4827 1693 4912 ignarus
1707 4819 1878 4894 Ebraicae
1901 4820 2053 4915 phrasis,
2106 4826 2177 4901 Au·

1195 4928 1269 4997 divi
1305 4929 1437 5011 alium,
1469 4930 1530 5021 qui
1567 4925 1719 5015 lingebat
1753 4927 1992 5015 prodigiosam
2027 4954 2176 5011 eausam,

258 5022 367 5119 Apud
390 5024 544 5098 Hoseam
567 5042 602 5098 et
617 5025 747 5097 Graeci
769 5039 803 5096 et
824 5024 945 5097 Latini
966 5030 1143 5119 legerunt:
1195 5055 1303 5121 quare
1323 5025 1417 5117 Deus
1431 5041 1621 5120 poneretur
1641 5027 1788 5098 subiecti
1814 5029 1892 5096 loco
1916 5028 1953 5097 in
1978 5024 2047 5101 hoc
2070 5034 2175 5104 dieto:

157 5126 258 5200 Sicut
273 5142 427 5199 vastatus
443 5142 495 5198 est
510 5127 678 5200 Salmana
695 5152 715 5197 a
732 5130 839 5197 domo
857 5128 953 5212 eius,
982 5131 1044 5223 qui
1060 5131 1143 5198 vin·
1193 5127 1291 5199 Deus
1306 5145 1379 5201 erat
1394 5133 1561 5213 verbum,
1587 5125 1678 5198 Cum
1694 5129 1935 5219 praedicatum
1959 5132 2091 5207 debeat
2109 5156 2175 5205 esse

156 5230 287 5300 dicavit
306 5227 405 5301 Baal.
466 5226 564 5301 Haec
590 5252 733 5322 prorsus
761 5224 889 5323 ἄσημα
918 5245 1022 5319 sunt,
1061 5256 1142 5301 cum
1193 5233 1418 5304 communius
1432 5232 1603 5302 subiecto.
1657 5227 1814 5301 Graecus
1829 5231 2001 5304 articulus
2024 5237 2177 5308 ostendit

154 5330 258 5401 lectio
280 5332 400 5403 nativa
427 5333 473 5404 sit
497 5331 701 5425 perspicua,
734 5329 825 5403 sicut
846 5331 992 5404 Selenen
1015 5333 1142 5407 evertit
1193 5326 1306 5423 λόγον
1325 5357 1398 5405 esse
1420 5333 1630 5404 subiectum.
1683 5328 1820 5403 Audivi
1840 5333 1973 5423 alium,
1998 5337 2064 5431 qui
2090 5338 2179 5411 dicte
