4680 6038
127 214 162 290 a
396 162 401 171 “
844 208 1340 299 rnorosrnonus.
2025 236 2102 314 ιιι

127 378 287 455 ιῑΡιιιΙιιι
303 379 653 476 inquitRoman.8.:
680 377 875 474 Accepistis
893 381 1068 478 Spiritum
1118 387 1216 461 Deus
1240 403 1420 482 peecatum
1440 392 1616 489 reliquum
1641 400 1824 491 approbat.
1875 402 1946 475 Sed
1968 400 2101 478 hasre·

127 484 293 603 lpptionis
308 485 483 569 liliorum,
510 509 580 577 quo
597 484 804 555 clamamus:
830 480 935 556 Abba
958 500 1069 579 pater.
1118 489 1247 584 liquias
1270 493 1374 564 etiam
1394 495 1505 565 deleri
1530 499 1607 568 vult
1626 498 1667 568 in
1687 516 1800 574 morte
1815 505 1990 596 eorporis,
2015 508 2101 579 reii-

127 599 242 656 nrrtus
264 609 409 677 precum
433 587 656 671 nominatur,
684 586 767 678 quia
787 588 906 676 agnita
929 588 1068 658 miseri·
1118 592 1166 662 cit
1188 593 1293 665 etiam
1314 617 1436 667 rursus
1457 620 1642 688 personam
1664 601 1777 692 ipsam
1801 629 1875 674 non
1897 630 2100 699 repugnan-

127 688 208 757 rdia
224 688 263 756 in
284 688 480 758 mediatore
495 687 687 781 proposita,
712 688 883 760 exuscitet
899 692 1004 759 corda
1022 691 1067 759 ad
1118 705 1188 763 tem
1206 708 1364 787 peceato:
1390 696 1432 768 si
1447 700 1603 770 actiones
1626 704 1743 772 earnis
1764 706 1890 796 spiritu
1907 709 2099 782 mortifica·

126 788 366 873 rotationem,
409 790 517 861 etsie
543 789 648 860 simul
671 788 930 861 subiiciunt¹se
961 790 1068 863 corda
1117 795 1219 882 bitis,
1244 797 1388 882 vivetis,
1412 796 1540 875 Roma.
1553 801 1589 876 8.

127 913 163 961 ιο
1218 896 1262 971 L.
1287 897 1413 969 Manet
1430 902 1601 994 sapientia
1615 900 1681 976 Dei
1705 920 1739 976 et
1764 909 1841 994 lex,
1865 929 2002 1000 semper
2018 933 2099 1001 pec·

189 989 320 1068 XLVI.
355 988 435 1063 Etsi
455 988 542 1062 haec
563 988 767 1062 obedientia
790 991 991 1063 voluntaria
1006 1006 1068 1079 est,
1118 1010 1234 1069 catum
1253 1013 1304 1072 est
1318 1001 1488 1093 quiddam
1503 1006 1727 1094 damnatum,
1752 1023 1787 1079 et
1800 1011 1907 1081 eorda
1922 1013 1967 1082 ad
1981 1009 2098 1082 Deum

127 1116 205 1163 men
226 1088 294 1163 hae
315 1095 573 1186 propositiones
599 1116 702 1164 verae
725 1106 829 1175 sunt,
854 1092 956 1164 Nova
981 1095 1066 1165 obe-
1117 1121 1308 1186 eonversa,
1336 1101 1494 1174 sentiunt
1517 1129 1619 1176 veros
1639 1109 1798 1195 dolores,
1824 1110 1954 1204 quibus
1974 1135 2097 1203 peeca-

127 1194 222 1266 sntia
242 1218 439 1286 congruens
450 1195 627 1285 Decalogo
647 1208 699 1267 est
718 1195 898 1276 debitum,
922 1195 1014 1267 sicut
1032 1208 1066 1267 et
1117 1212 1193 1271 tum
1209 1201 1396 1278 iudicatur.
1422 1202 1498 1275 lmo
1506 1202 1660 1277 Ecclesia
1674 1204 1907 1289 horribilibus
1918 1215 2098 1283 aerumnis
2157 1220 2162 1229 '

127 1297 219 1369 tulus
248 1298 428 1391 loquitur,
466 1294 597 1369 Roma.
623 1299 673 1370 8.:
713 1294 901 1368 Debitores
932 1319 1065 1373 sumus.
1115 1303 1271 1375 subiecta
1293 1316 1345 1376 est
1364 1317 1511 1397 propter
1535 1303 1597 1378 has
1613 1310 1799 1404 reliquias,
1825 1310 1898 1383 Nec
1919 1314 2018 1385 venit
2038 1338 2098 1385 re·

127 1420 194 1469 em:
220 1397 320 1469 Nova
343 1398 545 1470 obedientia
565 1421 761 1489 congruens
783 1422 864 1468 eum
887 1397 1063 1488 Decalogo
1117 1405 1278 1488 demtor,
1304 1419 1345 1477 ut
1369 1408 1553 1478 confirmet
1576 1425 1774 1501 peecatum,
1807 1413 1870 1482 sed
1890 1428 1930 1485 ut
1952 1438 2097 1506 prorsus

127 1499 364 1572 tneeessaria.
416 1498 520 1571 Item:
548 1499 729 1594 Quicquid
746 1512 879 1591 pugnat
894 1523 973 1570 cum
989 1501 1065 1590 lege
1115 1506 1290 1593 destruat,
1323 1508 1483 1580 restituta
1507 1510 1642 1600 integra
1669 1512 1827 1603 iusticia,
1866 1514 1957 1586 sicut
1982 1519 2016 1587 1.
2038 1514 2097 1586 Io-

127 1601 170 1686 ei,
196 1615 459 1693 estpeecatum,
484 1614 519 1672 et
532 1602 701 1697 quiddam
715 1603 921 1673 damnatum
944 1599 1066 1688 aDeo,
1115 1603 1197 1681 han.
1221 1612 1257 1682 8.
1282 1607 1428 1680 dicitur:
1454 1606 1632 1703 Apparuit
1655 1612 1749 1684 filius
1763 1611 1850 1700 Dei,
1873 1628 1916 1687 ut
1941 1617 2098 1688 destruat

128 1724 205 1774 non
222 1716 273 1774 est
287 1703 444 1789 iusticia,
467 1727 532 1774 nec
550 1704 714 1794 congruit
734 1726 814 1774 eum
830 1701 969 1796 Spiritu
982 1726 1066 1774 san·
1115 1730 1222 1800 opera
1235 1707 1401 1797 Diaboli,
1426 1712 1559 1784 seilicet
1582 1729 1761 1805 peceatum
1786 1729 1820 1786 et
1833 1730 1997 1791 mortem.
2046 1713 2097 1787 Et

127 1806 153 1876 ι’.
207 1802 390 1894 Quaedam
411 1818 528 1877 autem
551 1805 637 1876 talia
650 1816 752 1890 sunt,
776 1817 835 1885 ut,
861 1828 1064 1898 quanquam
1114 1809 1188 1902 ipse
1202 1807 1378 1883 Dominus
1396 1812 1514 1905 inquit
1528 1810 1659 1888 Matth.
1676 1813 1731 1889 5.:
1764 1816 1847 1887 Non
1860 1820 1942 1888 veni
1959 1819 2097 1889 solvere

127 1906 223 2000 liqua
238 1919 321 1977 sunt
335 1905 373 1975 in
388 1907 522 1977 renatis
534 1905 573 1975 in
589 1900 657 1977 hae
671 1907 760 1991 vita,
785 1919 902 1975 tamen
918 1918 1065 1998 propter
1114 1912 1246 2002 legem,
1286 1914 1347 1982 sed
1376 1913 1534 2004 implere.
1587 1914 1713 2007 implet
1741 1932 1858 1990 autem
1886 1920 2003 2010 primo
2035 1942 2097 1988 sua

127 2008 316 2079 ediatorem
339 2008 604 2093 condonentur,
629 2006 713 2102 quia
734 2006 846 2076 renati
863 2019 897 2076 et
911 2006 1066 2078 retinent
1114 2012 1328 2088 obedientia.
1378 2011 1517 2085 Deinde
1546 2018 1791 2088 satisfaciendo
1823 2043 1890 2110 pro
1922 2021 2027 2090 uobis
2058 2021 2097 2087 in

127 2130 205 2178 ram
227 2110 352 2193 fidem,
386 2122 421 2180 et
443 2122 642 2200 repugnant
664 2108 735 2176 illis
759 2107 930 2198 peccatis,
963 2110 1061 2176 etin
1115 2114 1320 2184 sustinenda
1343 2138 1476 2206 poena,
1516 2141 1622 2209 qnam
1645 2141 1710 2187 nos
1732 2120 1910 2189 debemus.
1961 2119 2096 2201 Tertio,

127 2208 213 2281 libus
229 2224 348 2280 manet
356 2207 511 2301 Spiritus
526 2220 677 2284 sanctus.
727 2202 810 2277 atta
825 2231 908 2278 vero
924 2220 1063 2300 peccata
1115 2215 1298 2286 efficiendo
1315 2217 1353 2284 in
1368 2216 1474 2287 nobis
1491 2216 1684 2304 iusticiam,
1710 2242 1786 2289 eam
1811 2221 1942 2310 ipsam,
1967 2221 2011 2290 de
2026 2245 2096 2313 qua

127 2312 295 2383 utristant
308 2326 341 2382 et
356 2310 538 2410 exputiunt
546 2307 720 2402 Spiritum
737 2321 910 2395 sanctum,
926 2324 966 2381 ut
983 2333 1063 2379 cum
1114 2315 1346 2388 concionatur
1360 2318 1427 2392 lex.
1479 2317 1629 2407 Quarto,
1654 2319 1844 2391 sanciendo
1860 2321 1985 2409 legem,
2011 2321 2096 2413 quia

139 2414 209 2506 qui
231 2414 375 2485 fuerunt
396 2412 511 2483 renati
527 2412 696 2483 amittunt
714 2411 1005 2496 fundamentum,
1030 2423 1065 2481 et
1114 2429 1150 2487 et
1165 2419 1336 2509 approbat
1352 2431 1385 2488 et
1403 2418 1556 2507 illustrat
1570 2443 1660 2492 eam.
1710 2418 1914 2491 Damnandi
1929 2436 2011 2492 sunt
2027 2422 2096 2516 igi-

127 2526 195 2587 ttnt
224 2527 347 2583 contra
372 2512 634 2588 conscientiam.
692 2509 799 2582 Tales
830 2525 973 2604 propter
1002 2511 1064 2581 illa
1114 2531 1173 2588 tur
1193 2531 1227 2587 et
1249 2513 1512 2590 Monachorum
1541 2534 1575 2591 et
1601 2515 1917 2612 Anabaptistarum
1945 2544 2097 2606 errores,

127 2631 221 2686 ecata
243 2615 370 2685 iterum
397 2614 489 2686 liunt
508 2613 561 2685 rei
589 2627 753 2688 aeternae
780 2637 926 2705 poenae.
979 2612 1064 2683 ldeo
1114 2617 1257 2712 utrique
1280 2619 1375 2689 enim
1396 2620 1555 2711 fingunt,
1586 2622 1624 2690 in
1645 2622 1777 2693 renatis
1792 2648 1867 2692 non
1882 2646 1956 2694 esse
1972 2646 2095 2715 peeca-

127 2714 215 2789 tulus
230 2738 389 2808 expresse
403 2716 489 2788 dicit
509 2717 545 2787 1.
560 2711 722 2787 Corinth.
738 2716 792 2788 6.:
825 2713 945 2786 Nolite
967 2737 1065 2784 erra-
1114 2725 1211 2806 t'um,
1251 2720 1317 2792 etsi
1344 2717 1657 2814 Anabaptistarum
1686 2722 1824 2794 insania
1854 2723 2010 2795 atrocior·
2034 2740 2095 2806 est,

129 2868 143 2903 ,
167 2831 375 2889 scortatores
389 2831 423 2888 et
440 2818 612 2904 adulteri,
638 2812 856 2902 homicidae,
881 2818 1064 2902 idolatrae,
1114 2821 1197 2914 quia
1213 2821 1303 2894 facta
1319 2834 1441 2893 eontra
1458 2824 1568 2914 legem
1580 2837 1710 2913 negant
1724 2847 1798 2894 esse
1819 2837 1957 2917 peccata
1980 2838 2045 2900 ete.

127 2942 156 2989 ιι
187 2921 418 3012 possidebunt
446 2942 594 3010 regnum
616 2915 696 2993 Dei.
750 2916 839 2989 ltem
860 2914 1061 2992 Coloss.8.:
1214 2920 1276 2994 LI.
1309 2920 1446 2994 interea
1461 2939 1578 2997 tamen
1595 2918 1687 2995 seire
1706 2949 1845 2996 necesse
1866 2939 1935 3012 est,
1961 2925 2094 2997 doctri-

127 3033 232 3113 opter
261 3017 347 3091 haec
375 3021 473 3094 venit
503 3021 557 3091 ira
582 3017 653 3091 Dei
675 3042 781 3111 super
808 3019 1063 3094 inobedientes.
1114 3045 1197 3092 nam
1227 3023 1272 3092 de
1297 3024 1507 3097 liberatione
1536 3051 1556 3096 a
1586 3027 1680 3114 lege,
1714 3027 1808 3099 iuxta
1833 3029 1967 3098 dictum
1991 3028 2096 3109 illud,

143 3120 315 3195 Matthaei
338 3124 396 3197 12.
422 3123 570 3204 dicitur,
595 3118 729 3193 Redire
744 3120 890 3223 spiritus
906 3120 1063 3191 immun·
1112 3121 1242 3196 Roma.
1257 3127 1312 3196 6.:
1345 3123 1427 3195 Non
1441 3128 1524 3198 estis
1537 3128 1604 3206 sub
1620 3127 1713 3217 lege,
1739 3130 1799 3197 sed
1817 3129 1883 3198 sub
1897 3128 2028 3216 gratia,
2055 3128 2093 3195 id

127 3225 198 3296 sin
214 3228 357 3294 domum
374 3248 532 3309 vacuam,
557 3245 647 3315 quae
659 3223 773 3292 iuerat
787 3235 890 3289 antea
904 3235 1062 3312 purgata.
1114 3237 1185 3305 est,
1208 3226 1369 3294 conversi
1384 3226 1454 3295 iam
1470 3227 1595 3297 fiducia
1611 3227 1814 3297 mediatoris
1835 3229 1879 3296 ad
1895 3226 2030 3311 Βειιιιι,
2056 3227 2095 3296 id

152 3331 188 3400 2.
214 3325 309 3396 Petri
330 3328 381 3400 2:
422 3323 515 3396 Cum
538 3319 597 3408 hi,
636 3322 698 3416 qui
719 3323 919 3412 effugerunt
939 3345 1063 3392 rursus
1113 3336 1183 3410 est,
1208 3326 1428 3408 vererenati,
1454 3351 1528 3398 non
1542 3340 1628 3398 sunt
1642 3329 1802 3398 damnati
1816 3341 1856 3400 ut
1871 3342 1990 3399 antea:
2016 3328 2094 3418 pla·

127 3427 369 3501 utaminantur
384 3426 508 3497 iisdem
523 3425 684 3518 peccatis,
697 3423 788 3495 fiunt
802 3423 852 3494 eis
867 3424 1062 3515 posteriora
1113 3440 1193 3499 cent
1211 3428 1307 3497 enim
1328 3441 1474 3521 propter
1494 3429 1743 3516 mediatorem,
1768 3430 1831 3522 qui
1853 3441 1888 3500 et
1907 3429 1974 3519 legi
1991 3427 2095 3499 satis·-

127 3543 221 3602 eeata
242 3529 418 3598 deteriora
436 3527 628 3620 prioribus.
1112 3527 1196 3601 facit
1210 3552 1276 3620 pro
1293 3529 1411 3616 nobis,
1425 3543 1460 3602 et
1475 3555 1552 3601 eam
1568 3531 1607 3600 in
1621 3530 1725 3600 nobis
1738 3530 1908 3610 restituit,
1930 3542 1965 3601 et
1979 3551 2096 3624 quan·

176 3628 325 3701 XLVII.
361 3628 446 3700 ldeo
470 3628 654 3700 execrandi
672 3641 756 3701 eunt
775 3627 942 3698 diabolici
963 3628 1063 3698 furo·
1113 3653 1219 3722 quam
1243 3625 1359 3701 adhue
1384 3626 1532 3703 haerent
1554 3633 1595 3700 in
1616 3630 1722 3702 nobis
1753 3631 1926 3725 reliquiae
1948 3630 2095 3721 peccati,

127 3754 138 3802 ι
160 3729 492 3824 Anabaptistarum‚
515 3730 578 3825 qui
602 3730 744 3816 dicunt,
768 3729 808 3798 in
832 3729 963 3800 renatis
986 3752 1061 3799 non
1112 3743 1230 3801 tamen
1245 3754 1302 3802 eas
1322 3731 1408 3822 tegit
1431 3733 1601 3826 imputata
1626 3733 1778 3808 iusticia.
1831 3729 1884 3802 Ac
1904 3732 2093 3822 diligenter

127 3855 159 3903 se
179 3834 356 3927 reliquum
381 3847 583 3924 peccatum,
611 3845 645 3904 et
659 3833 708 3902 sic
725 3854 790 3901 nos
805 3856 825 3900 a
840 3832 916 3920 lege
929 3830 1062 3901 libera·
1112 3832 1372 3903 observandum
1387 3847 1456 3918 est,
1482 3837 1577 3929 quod
1602 3834 1764 3905 nominat
1783 3834 1949 3924 gratiam,
1973 3845 2009 3903 et
2028 3855 2095 3901 nos

127 3954 240 4017 resse,
266 3948 305 4006 nt
327 3938 397 4005 iam
422 3930 515 4004 nihil
533 3934 579 4004 sit
596 3935 670 4017 lex,
694 3934 765 4005 sint
782 3955 942 4003 concessa
958 3933 1062 4002 adul·
1111 3934 1222 4024 gratis
1247 3935 1384 4025 placere
1407 3936 1587 4020 adfirmat,
1606 3935 1702 4029 quod
1727 3934 1900 4022 signifieat
1917 3933 2096 4002 bisticiam

127 4034 169 4106 ia
198 4050 233 4106 et
263 4031 474 4121 homicidia,
503 4048 540 4107 et
564 4035 631 4104 alia
654 4034 846 4125 pugnantia
873 4057 953 4104 cum
974 4034 1061 4123 lege.
1111 4034 1321 4124 gratuitam,
1359 4061 1429 4130 qua
1453 4052 1598 4128 propter
1616 4035 1846 4104 mediatorem
1865 4056 2005 4126 passum
2028 4057 2093 4124 pro

127 4156 156 4208 ss
170 4137 365 4207 diabolicos
386 4139 524 4208 [errores
547 4136 686 4206 erudite
709 4139 861 4206 refutare
875 4135 1063 4210 discamus.
1113 4135 1235 4221 nobis,
1261 4150 1296 4208 et
1318 4137 1388 4205 iam
1412 4139 1656 4228 deprecantem
1680 4136 1885 4226 pronubis,
1906 4134 2095 4224 placemus,

179 4236 348 4312 XLVlll.
381 4237 481 4310 Sicut
505 4237 677 4329 sapientia
692 4251 728 4309 et
742 4238 906 4307 voluntas
920 4233 988 4308 Dei
1011 4251 1063 4308 est
1111 4232 1201 4308 sicut
1211 4250 1245 4307 et
1255 4237 1341 4307 alibi
1354 4239 1502 4328 gratiam
1517 4237 1690 4321 nominat,
1704 4231 2093 4330 inquiensRsman.5.:
2110 4298 2114 4305 ,

127 4357 219 4413 terna
244 4352 278 4410 et
300 4340 469 4424 immota,
490 4339 538 4411 ita
555 4353 589 4410 et
605 4340 660 4408 lex
679 4340 827 4411 moralis
842 4353 894 4410 est
909 4352 1062 4424 aeterna,
1112 4337 1256 4427 Quanto
1278 4340 1389 4428 magis
1411 4339 1522 4429 gratia
1538 4336 1606 4408 Dei
1631 4351 1664 4410 ct
1690 4338 1825 4407 donum
1851 4359 1914 4427 per
1935 4334 2095 4426 gratiam,

127 4442 164 4514 ia
177 4437 274 4511 Deus
297 4455 349 4512 est
370 4442 471 4525 talis,
503 4441 645 4534 qualem
668 4463 705 4509 se
721 4440 760 4509 in
785 4442 861 4527 lege
884 4439 1062 4523 describit,
1113 4453 1257 4531 propter
1268 4463 1383 4511 unum
1397 4434 1580 4510 hominem
1596 4438 1711 4510 lesum
1728 4433 1912 4509 Christum
1927 4439 2095 4507 exuberat

127 4545 373 4613 ‚manetordo
390 4543 576 4628 immotus,
601 4555 814 4613 utereatura
830 4536 906 4611 Deo
922 4542 1060 4610 obtem·
1111 4540 1149 4608 in
1168 4541 1312 4612 multos.
1363 4537 1418 4611 Ac
1435 4541 1624 4632 diligenter
1639 4539 1836 4612 consideret
1856 4538 1969 4610 lector
1988 4559 2094 4607 roca·

127 4658 188 4717 ret.
244 4641 305 4713 De'
323 4638 389 4713 huc
410 4643 535 4715 ordine
560 4644 716 4714 dicimus
731 4668 812 4713 cnm
836 4642 1060 4712 nominamus
1111 4642 1236 4712 bulum
1260 4640 1391 4731 gratiae
1414 4642 1452 4710 in
1474 4643 1609 4715 talibus
1629 4642 1733 4723 locis,
1766 4653 1807 4711 ut
1830 4634 2098 4710 hancnecessa·

127 4747 252 4818 tabula
276 4744 388 4816 debiti
409 4759 444 4815 et
467 4746 692 4829 necessitatis.
740 4743 841 4815 Nova
858 4743 1060 4813 obedientia
1112 4742 1201 4812 riam
1215 4742 1492 4814 consolationem
1511 4758 1703 4827 teneamus,
1729 4743 1827 4833 quod
1840 4741 1880 4807 in
1896 4761 2021 4828 magna
2038 4739 2096 4804 in-

127 4849 326 4920 :debitum
377 4844 465 4916 item
488 4859 540 4915 est
561 4845 775 4930 necessaria,
801 4868 874 4914 non
888 4846 993 4937 quod
1014 4845 1060 4914 sit
1109 4842 1273 4916 firmitate
1289 4845 1462 4928 conversi,
1486 4858 1607 4916 tamen·
1620 4846 1780 4936 placeant
1800 4851 1944 4933 propter
1960 4839 2098 4908 media-

127 4950 263 5022 tetione
277 4961 432 5031 extorta,
457 4949 518 5017 sed
533 4947 616 5040 quia
633 4941 691 5018 hic
706 4948 798 5017 ordo
812 4949 979 5016 immotus
996 4958 1060 5031 est,
1108 4960 1239 5024 torem,
1264 4941 1381 5015 Deum
1394 4959 1429 5016 et
1445 4940 1638 5020 hominem.

133 5063 298 5125 creatura
315 5046 391 5118 Deo
407 5049 637 5140 obtemperet,
1208 5044 1288 5119 Lll.
1329 5045 1446 5137 Magis
1469 5047 1654 5138 perspicue
1667 5043 1881 5132 intelligitur
1894 5040 2058 5111 liberatio
2073 5065 2097 5110 a

159 5150 311 5223 ‘XLlX.
351 5148 564 5243 Quanquam
588 5148 698 5240 igitur
719 5173 866 5238 persona
889 5149 1059 5241 recipitur
1108 5149 1206 5237 lege,
1226 5148 1369 5240 quando
1386 5148 1561 5235 integrum
1579 5147 1786 5216 beneficium
1802 5147 2095 5225 interemuntnne

127 5269 222 5349 apter
238 5253 348 5321 lilium
363 5248 448 5330 Dei,
473 5262 508 5319 et
521 5272 685 5340 pereum
703 5266 869 5348 tanquam
886 5253 1058 5320 mediato·
1108 5273 1193 5318 eum⁴
1230 5246 1424 5320 resuscitati
1458 5248 1671 5335 habebimus
1705 5247 1879 5317 iusticiam
1916 5256 1951 5315 et
1983 5242 2104 5315 vitam‘

127 5382 153 5428 ιι
168 5369 204 5428 et
220 5353 465 5427 umbraculum
480 5350 625 5442 tegitur:
651 5364 769 5423 tamer
785 5367 1057 5445 nonpropterea
1108 5364 1312 5433 aeternam,
1334 5348 1414 5421 siue
1433 5362 1575 5443 peccato
1599 5363 1634 5420 et
1656 5349 1734 5420 siue
1749 5360 1888 5430 morte,
1908 5345 2094 5416 mandeste
