<?xml version="1.0" encoding="UTF-8"?>
<!DOCTYPE html PUBLIC "-//W3C//DTD XHTML 1.0 Transitional//EN"
    "http://www.w3.org/TR/xhtml1/DTD/xhtml1-transitional.dtd">
<html xmlns="http://www.w3.org/1999/xhtml" xml:lang="en" lang="en">
 <head>
  <title>
</title>
<meta http-equiv="Content-Type" content="text/html;charset=utf-8" />
  <meta name='ocr-system' content='tesseract 3.04.00' />
  <meta name='ocr-capabilities' content='ocr_page ocr_carea ocr_par ocr_line ocrx_word'/>
</head>
<body>
  <div class='ocr_page' id='page_1' title='image "./corpusreformato00bretgoog_0239.png"; bbox 0 0 4680 6038; ppageno 0'>
   <div class='ocr_carea' id='block_1_1' title="bbox 148 207 2184 305">
    <p class='ocr_par' dir='ltr' id='par_1_1' title="bbox 148 207 2184 305">
     <span class='ocr_line' id='line_1_1' title="bbox 148 207 2184 305; baseline 0.007 -19"><span class='ocrx_word' id='word_1_1' title='bbox 148 226 225 305; x_wconf 65' lang='lat' dir='ltr'><strong>,aa</strong></span> <span class='ocrx_word' id='word_1_2' title='bbox 925 207 1415 293; x_wconf 81' lang='lat' dir='ltr'><strong>ntseur-au1onns</strong></span> <span class='ocrx_word' id='word_1_3' title='bbox 1493 224 1538 233; x_wconf 93' lang='lat'><strong>··</strong></span> <span class='ocrx_word' id='word_1_4' title='bbox 2111 216 2184 301; x_wconf 84' lang='lat' dir='ltr'><strong>toa</strong></span> 
     </span>
    </p>
   </div>
   <div class='ocr_carea' id='block_1_2' title="bbox 77 380 2204 5300">
    <p class='ocr_par' dir='ltr' id='par_1_2' title="bbox 158 380 2187 694">
     <span class='ocr_line' id='line_1_2' title="bbox 255 380 2187 489; baseline 0 -24"><span class='ocrx_word' id='word_1_5' title='bbox 255 398 293 473; x_wconf 77' lang='grc'><strong>8.</strong></span> <span class='ocrx_word' id='word_1_6' title='bbox 324 393 367 469; x_wconf 84' lang='lat' dir='ltr'><strong>Si</strong></span> <span class='ocrx_word' id='word_1_7' title='bbox 380 391 569 489; x_wconf 87' lang='lat' dir='ltr'><strong>promissio</strong></span> <span class='ocrx_word' id='word_1_8' title='bbox 582 390 671 463; x_wconf 89' lang='lat' dir='ltr'><strong>novi</strong></span> <span class='ocrx_word' id='word_1_9' title='bbox 682 388 903 462; x_wconf 78' lang='lat' dir='ltr'>Testamenti</span> <span class='ocrx_word' id='word_1_10' title='bbox 918 390 1090 483; x_wconf 80' lang='lat' dir='ltr'><strong>penderet</strong></span> <span class='ocrx_word' id='word_1_11' title='bbox 1104 410 1145 458; x_wconf 83' lang='lat' dir='ltr'><strong>ex</strong></span> <span class='ocrx_word' id='word_1_12' title='bbox 1199 384 1299 460; x_wconf 87' lang='lat' dir='ltr'><strong>Sient</strong></span> <span class='ocrx_word' id='word_1_13' title='bbox 1320 397 1439 459; x_wconf 86' lang='lat' dir='ltr'><strong>ortum</strong></span> <span class='ocrx_word' id='word_1_14' title='bbox 1454 380 1551 458; x_wconf 84' lang='lat' dir='ltr'><strong>Solis</strong></span> <span class='ocrx_word' id='word_1_15' title='bbox 1565 384 1727 480; x_wconf 85' lang='lat' dir='ltr'><strong>sequitur</strong></span> <span class='ocrx_word' id='word_1_16' title='bbox 1748 385 1840 461; x_wconf 74' lang='lat' dir='ltr'><strong>airis</strong></span> <span class='ocrx_word' id='word_1_17' title='bbox 1859 387 2067 477; x_wconf 70' lang='lat' dir='ltr'><strong>calefactio,</strong></span> <span class='ocrx_word' id='word_1_18' title='bbox 2089 402 2125 465; x_wconf 91' lang='lat' dir='ltr'><strong>et</strong></span> <span class='ocrx_word' id='word_1_19' title='bbox 2140 406 2187 465; x_wconf 73' lang='lat' dir='ltr'><strong>ta·</strong></span> 
     </span>
     <span class='ocr_line' id='line_1_3' title="bbox 158 488 2187 587; baseline -0.006 -13"><span class='ocrx_word' id='word_1_20' title='bbox 158 498 368 575; x_wconf 89' lang='lat' dir='ltr'><strong>conditione</strong></span> <span class='ocrx_word' id='word_1_21' title='bbox 389 496 496 587; x_wconf 83' lang='lat' dir='ltr'><strong>legis,</strong></span> <span class='ocrx_word' id='word_1_22' title='bbox 527 490 623 565; x_wconf 90' lang='lat' dir='ltr'><strong>nihil</strong></span> <span class='ocrx_word' id='word_1_23' title='bbox 644 507 734 566; x_wconf 90' lang='lat' dir='ltr'><strong>esset</strong></span> <span class='ocrx_word' id='word_1_24' title='bbox 755 493 827 564; x_wconf 91' lang='lat' dir='ltr'><strong>nisi</strong></span> <span class='ocrx_word' id='word_1_25' title='bbox 845 494 923 576; x_wconf 81' lang='lat' dir='ltr'><strong>lex,</strong></span> <span class='ocrx_word' id='word_1_26' title='bbox 948 516 1015 564; x_wconf 91' lang='lat' dir='ltr'><strong>nec</strong></span> <span class='ocrx_word' id='word_1_27' title='bbox 1037 490 1150 583; x_wconf 85' lang='lat' dir='ltr'><strong>magis</strong></span> <span class='ocrx_word' id='word_1_28' title='bbox 1199 514 1284 561; x_wconf 91' lang='lat' dir='ltr'><strong>men</strong></span> <span class='ocrx_word' id='word_1_29' title='bbox 1296 488 1476 560; x_wconf 86' lang='lat' dir='ltr'><strong>calefactio</strong></span> <span class='ocrx_word' id='word_1_30' title='bbox 1490 488 1583 559; x_wconf 77' lang='lat' dir='ltr'><strong>aiiris</strong></span> <span class='ocrx_word' id='word_1_31' title='bbox 1596 511 1673 559; x_wconf 92' lang='lat' dir='ltr'><strong>non</strong></span> <span class='ocrx_word' id='word_1_32' title='bbox 1686 503 1738 561; x_wconf 93' lang='lat' dir='ltr'><strong>est</strong></span> <span class='ocrx_word' id='word_1_33' title='bbox 1751 513 1869 578; x_wconf 89' lang='lat' dir='ltr'><strong>causa,</strong></span> <span class='ocrx_word' id='word_1_34' title='bbox 1890 515 1956 565; x_wconf 88' lang='lat' dir='ltr'><strong>cnr</strong></span> <span class='ocrx_word' id='word_1_35' title='bbox 1969 489 2187 569; x_wconf 75' lang='lat' dir='ltr'><strong>Soloriatnu</strong></span> 
     </span>
     <span class='ocr_line' id='line_1_4' title="bbox 158 589 2187 694; baseline -0.002 -19"><span class='ocrx_word' id='word_1_36' title='bbox 158 605 304 676; x_wconf 81' lang='lat' dir='ltr'><strong>iuraret</strong></span> <span class='ocrx_word' id='word_1_37' title='bbox 316 599 584 694; x_wconf 71' lang='lat' dir='ltr'><strong>perterrefactus</strong></span> <span class='ocrx_word' id='word_1_38' title='bbox 598 595 833 668; x_wconf 90' lang='lat' dir='ltr'><strong>conscientias</strong></span> <span class='ocrx_word' id='word_1_39' title='bbox 848 619 954 690; x_wconf 90' lang='lat' dir='ltr'><strong>qnam</strong></span> <span class='ocrx_word' id='word_1_40' title='bbox 969 596 1039 665; x_wconf 78' lang='lat' dir='ltr'><strong>lex.</strong></span> <span class='ocrx_word' id='word_1_41' title='bbox 1202 591 1292 665; x_wconf 89' lang='lat' dir='ltr'><strong>ltem</strong></span> <span class='ocrx_word' id='word_1_42' title='bbox 1308 589 1529 663; x_wconf 89' lang='lat' dir='ltr'><strong>connubium</strong></span> <span class='ocrx_word' id='word_1_43' title='bbox 1546 590 1708 685; x_wconf 89' lang='lat' dir='ltr'><strong>seqnitur</strong></span> <span class='ocrx_word' id='word_1_44' title='bbox 1720 593 1878 681; x_wconf 88' lang='lat' dir='ltr'><strong>soboles,</strong></span> <span class='ocrx_word' id='word_1_45' title='bbox 1901 606 2079 669; x_wconf 82' lang='lat' dir='ltr'><strong>ettamen</strong></span> <span class='ocrx_word' id='word_1_46' title='bbox 2090 596 2187 671; x_wconf 86' lang='lat' dir='ltr'><strong>solso-</strong></span> 
     </span>
    </p>

    <p class='ocr_par' dir='ltr' id='par_1_3' title="bbox 159 692 2187 901">
     <span class='ocr_line' id='line_1_5' title="bbox 260 692 2182 795; baseline -0.009 -16"><span class='ocrx_word' id='word_1_47' title='bbox 260 702 298 779; x_wconf 78' lang='lat'><strong>4.</strong></span> <span class='ocrx_word' id='word_1_48' title='bbox 339 700 400 774; x_wconf 83' lang='lat' dir='ltr'><strong>Au</strong></span> <span class='ocrx_word' id='word_1_49' title='bbox 430 698 518 772; x_wconf 88' lang='lat' dir='ltr'><strong>haec</strong></span> <span class='ocrx_word' id='word_1_50' title='bbox 546 723 693 795; x_wconf 90' lang='lat' dir='ltr'><strong>prorsus</strong></span> <span class='ocrx_word' id='word_1_51' title='bbox 714 700 815 771; x_wconf 89' lang='lat' dir='ltr'><strong>irrita</strong></span> <span class='ocrx_word' id='word_1_52' title='bbox 838 711 872 770; x_wconf 90' lang='grc' dir='ltr'><strong>ει</strong></span> <span class='ocrx_word' id='word_1_53' title='bbox 897 698 1039 769; x_wconf 90' lang='lat' dir='ltr'><strong>inutilis</strong></span> <span class='ocrx_word' id='word_1_54' title='bbox 1061 707 1153 767; x_wconf 86' lang='lat' dir='ltr'><strong>esset</strong></span> <span class='ocrx_word' id='word_1_55' title='bbox 1201 695 1253 768; x_wconf 94' lang='lat' dir='ltr'><strong>les</strong></span> <span class='ocrx_word' id='word_1_56' title='bbox 1269 718 1344 765; x_wconf 92' lang='lat' dir='ltr'><strong>non</strong></span> <span class='ocrx_word' id='word_1_57' title='bbox 1360 706 1411 764; x_wconf 92' lang='grc' dir='ltr'><strong>εει</strong></span> <span class='ocrx_word' id='word_1_58' title='bbox 1428 717 1532 765; x_wconf 89' lang='lat' dir='ltr'><strong>causa</strong></span> <span class='ocrx_word' id='word_1_59' title='bbox 1549 693 1732 766; x_wconf 89' lang='lat' dir='ltr'><strong>connubii.</strong></span> <span class='ocrx_word' id='word_1_60' title='bbox 2177 692 2182 761; x_wconf 74' lang='grc' dir='ltr'>ζ</span> 
     </span>
     <span class='ocr_line' id='line_1_6' title="bbox 159 784 2187 901; baseline -0.002 -21"><span class='ocrx_word' id='word_1_61' title='bbox 159 806 371 901; x_wconf 75' lang='lat' dir='ltr'><strong>promissio,</strong></span> <span class='ocrx_word' id='word_1_62' title='bbox 395 798 532 875; x_wconf 88' lang='lat' dir='ltr'><strong>hahens</strong></span> <span class='ocrx_word' id='word_1_63' title='bbox 548 802 791 876; x_wconf 88' lang='lat' dir='ltr'><strong>conditionem</strong></span> <span class='ocrx_word' id='word_1_64' title='bbox 809 800 1079 893; x_wconf 87' lang='lat' dir='ltr'><strong>impossibilem.</strong></span> <span class='ocrx_word' id='word_1_65' title='bbox 1307 798 1369 873; x_wconf 87' lang='grc'><strong>16.</strong></span> <span class='ocrx_word' id='word_1_66' title='bbox 1402 794 1621 890; x_wconf 78' lang='lat' dir='ltr'><strong>Quanquam</strong></span> <span class='ocrx_word' id='word_1_67' title='bbox 1634 796 1795 891; x_wconf 89' lang='lat' dir='ltr'><strong>seqnitur</strong></span> <span class='ocrx_word' id='word_1_68' title='bbox 1808 798 2016 873; x_wconf 86' lang='lat' dir='ltr'><strong>obedientia</strong></span> <span class='ocrx_word' id='word_1_69' title='bbox 2032 800 2098 875; x_wconf 87' lang='lat' dir='ltr'><strong>illa</strong></span> <span class='ocrx_word' id='word_1_70' title='bbox 2114 784 2187 896; x_wconf 62' lang='lat' dir='ltr'><strong>prs&#39;ss</strong></span> 
     </span>
    </p>

    <p class='ocr_par' dir='ltr' id='par_1_4' title="bbox 77 900 2188 1412">
     <span class='ocr_line' id='line_1_7' title="bbox 263 900 2188 999; baseline -0.002 -20"><span class='ocrx_word' id='word_1_71' title='bbox 263 904 301 983; x_wconf 85' lang='grc'><strong>6.</strong></span> <span class='ocrx_word' id='word_1_72' title='bbox 332 905 447 978; x_wconf 88' lang='lat' dir='ltr'><strong>Nemo</strong></span> <span class='ocrx_word' id='word_1_73' title='bbox 460 905 557 977; x_wconf 89' lang='lat' dir='ltr'><strong>enim</strong></span> <span class='ocrx_word' id='word_1_74' title='bbox 579 905 747 979; x_wconf 76' lang='lat' dir='ltr'><strong>satisfacit</strong></span> <span class='ocrx_word' id='word_1_75' title='bbox 768 904 837 994; x_wconf 90' lang='lat' dir='ltr'><strong>legi</strong></span> <span class='ocrx_word' id='word_1_76' title='bbox 853 903 942 990; x_wconf 88' lang='lat' dir='ltr'><strong>Dei,</strong></span> <span class='ocrx_word' id='word_1_77' title='bbox 973 903 1064 975; x_wconf 91' lang='lat' dir='ltr'><strong>sieut</strong></span> <span class='ocrx_word' id='word_1_78' title='bbox 1079 900 1153 974; x_wconf 88' lang='lat' dir='ltr'><strong>Da·</strong></span> <span class='ocrx_word' id='word_1_79' title='bbox 1204 900 1429 987; x_wconf 87' lang='lat' dir='ltr'><strong>missionem,</strong></span> <span class='ocrx_word' id='word_1_80' title='bbox 1455 912 1575 973; x_wconf 90' lang='lat' dir='ltr'><strong>tamen</strong></span> <span class='ocrx_word' id='word_1_81' title='bbox 1596 914 1742 972; x_wconf 90' lang='lat' dir='ltr'><strong>nonest</strong></span> <span class='ocrx_word' id='word_1_82' title='bbox 1760 924 1862 975; x_wconf 90' lang='lat' dir='ltr'><strong>causa</strong></span> <span class='ocrx_word' id='word_1_83' title='bbox 1876 903 2105 975; x_wconf 85' lang='lat' dir='ltr'><strong>remissionis</strong></span> <span class='ocrx_word' id='word_1_84' title='bbox 2120 928 2188 999; x_wconf 80' lang='lat' dir='ltr'><strong>psa·</strong></span> 
     </span>
     <span class='ocr_line' id='line_1_8' title="bbox 161 998 2187 1099; baseline 0 -18"><span class='ocrx_word' id='word_1_85' title='bbox 161 1011 340 1083; x_wconf 73' lang='lat' dir='ltr'><strong>cidelare</strong></span> <span class='ocrx_word' id='word_1_86' title='bbox 362 1022 530 1095; x_wconf 89' lang='lat' dir='ltr'><strong>testatur,</strong></span> <span class='ocrx_word' id='word_1_87' title='bbox 561 1032 643 1080; x_wconf 92' lang='lat' dir='ltr'><strong>cum</strong></span> <span class='ocrx_word' id='word_1_88' title='bbox 663 1007 730 1079; x_wconf 89' lang='lat' dir='ltr'><strong>ait:</strong></span> <span class='ocrx_word' id='word_1_89' title='bbox 756 1004 839 1077; x_wconf 91' lang='lat' dir='ltr'><strong>Non</strong></span> <span class='ocrx_word' id='word_1_90' title='bbox 862 1006 973 1077; x_wconf 89' lang='lat' dir='ltr'><strong>intres</strong></span> <span class='ocrx_word' id='word_1_91' title='bbox 997 1006 1035 1076; x_wconf 92' lang='lat' dir='ltr'><strong>in</strong></span> <span class='ocrx_word' id='word_1_92' title='bbox 1058 1003 1154 1077; x_wconf 90' lang='lat' dir='ltr'><strong>indi·</strong></span> <span class='ocrx_word' id='word_1_93' title='bbox 1206 1017 1387 1088; x_wconf 86' lang='lat' dir='ltr'><strong>catorum,</strong></span> <span class='ocrx_word' id='word_1_94' title='bbox 1420 1026 1502 1073; x_wconf 92' lang='lat' dir='ltr'><strong>cum</strong></span> <span class='ocrx_word' id='word_1_95' title='bbox 1531 1015 1672 1094; x_wconf 89' lang='lat' dir='ltr'><strong>peccata</strong></span> <span class='ocrx_word' id='word_1_96' title='bbox 1699 1004 1835 1078; x_wconf 87' lang='lat' dir='ltr'><strong>remitti</strong></span> <span class='ocrx_word' id='word_1_97' title='bbox 1864 1019 2025 1099; x_wconf 89' lang='lat' dir='ltr'><strong>constet,</strong></span> <span class='ocrx_word' id='word_1_98' title='bbox 2063 998 2187 1081; x_wconf 71' lang='lat' dir='ltr'><strong>euana‘</strong></span> 
     </span>
     <span class='ocr_line' id='line_1_9' title="bbox 163 1101 1824 1204; baseline -0.001 -19"><span class='ocrx_word' id='word_1_99' title='bbox 163 1115 261 1185; x_wconf 87' lang='lat' dir='ltr'><strong>cium</strong></span> <span class='ocrx_word' id='word_1_100' title='bbox 287 1136 369 1183; x_wconf 89' lang='lat' dir='ltr'><strong>cum</strong></span> <span class='ocrx_word' id='word_1_101' title='bbox 396 1134 498 1182; x_wconf 85' lang='lat' dir='ltr'><strong>servo</strong></span> <span class='ocrx_word' id='word_1_102' title='bbox 524 1123 606 1197; x_wconf 92' lang='lat' dir='ltr'><strong>tun,</strong></span> <span class='ocrx_word' id='word_1_103' title='bbox 639 1110 722 1204; x_wconf 91' lang='lat' dir='ltr'><strong>quia</strong></span> <span class='ocrx_word' id='word_1_104' title='bbox 746 1133 822 1181; x_wconf 91' lang='lat' dir='ltr'><strong>non</strong></span> <span class='ocrx_word' id='word_1_105' title='bbox 842 1107 1092 1182; x_wconf 85' lang='lat' dir='ltr'><strong>iustificabitur</strong></span> <span class='ocrx_word' id='word_1_106' title='bbox 1116 1107 1155 1177; x_wconf 91' lang='lat' dir='ltr'><strong>in</strong></span> <span class='ocrx_word' id='word_1_107' title='bbox 1205 1101 1324 1179; x_wconf 86' lang='lat' dir='ltr'><strong>adhuc</strong></span> <span class='ocrx_word' id='word_1_108' title='bbox 1339 1105 1443 1195; x_wconf 90' lang='lat' dir='ltr'><strong>plena</strong></span> <span class='ocrx_word' id='word_1_109' title='bbox 1459 1104 1505 1177; x_wconf 92' lang='lat' dir='ltr'><strong>sit</strong></span> <span class='ocrx_word' id='word_1_110' title='bbox 1519 1118 1646 1180; x_wconf 88' lang='lat' dir='ltr'><strong>natura</strong></span> <span class='ocrx_word' id='word_1_111' title='bbox 1662 1108 1824 1198; x_wconf 79' lang='lat' dir='ltr'><strong>peccatis.</strong></span> 
     </span>
     <span class='ocr_line' id='line_1_10' title="bbox 163 1205 2184 1308; baseline -0 -21"><span class='ocrx_word' id='word_1_112' title='bbox 163 1229 356 1308; x_wconf 88' lang='lat' dir='ltr'><strong>conspectu</strong></span> <span class='ocrx_word' id='word_1_113' title='bbox 371 1227 433 1286; x_wconf 91' lang='lat' dir='ltr'><strong>tuo</strong></span> <span class='ocrx_word' id='word_1_114' title='bbox 448 1213 566 1284; x_wconf 90' lang='lat' dir='ltr'><strong>omnis</strong></span> <span class='ocrx_word' id='word_1_115' title='bbox 581 1212 716 1288; x_wconf 83' lang='lat' dir='ltr'><strong>vivens.</strong></span> <span class='ocrx_word' id='word_1_116' title='bbox 1310 1207 1371 1283; x_wconf 94' lang='grc'><strong>17.</strong></span> <span class='ocrx_word' id='word_1_117' title='bbox 1411 1205 1558 1279; x_wconf 85' lang='lat' dir='ltr'><strong>Praeter</strong></span> <span class='ocrx_word' id='word_1_118' title='bbox 1593 1207 1863 1301; x_wconf 85' lang='lat' dir='ltr'><strong>promissionem</strong></span> <span class='ocrx_word' id='word_1_119' title='bbox 1894 1213 2084 1304; x_wconf 84' lang='lat' dir='ltr'><strong>propriam</strong></span> <span class='ocrx_word' id='word_1_120' title='bbox 2114 1214 2184 1285; x_wconf 73' lang='lat' dir='ltr'><strong>nst</strong></span> 
     </span>
     <span class='ocr_line' id='line_1_11' title="bbox 77 1306 2186 1412; baseline -0 -25"><span class='ocrx_word' id='word_1_121' title='bbox 77 1402 83 1412; x_wconf 27' lang='grc' dir='ltr'>ι</span> <span class='ocrx_word' id='word_1_122' title='bbox 267 1315 305 1388; x_wconf 88' lang='grc'><strong>6.</strong></span> <span class='ocrx_word' id='word_1_123' title='bbox 348 1313 398 1388; x_wconf 93' lang='lat' dir='ltr'><strong>Ut</strong></span> <span class='ocrx_word' id='word_1_124' title='bbox 427 1315 536 1406; x_wconf 88' lang='lat' dir='ltr'><strong>igitur</strong></span> <span class='ocrx_word' id='word_1_125' title='bbox 563 1314 753 1407; x_wconf 90' lang='lat' dir='ltr'><strong>promissio</strong></span> <span class='ocrx_word' id='word_1_126' title='bbox 778 1313 825 1384; x_wconf 92' lang='lat' dir='ltr'><strong>sit</strong></span> <span class='ocrx_word' id='word_1_127' title='bbox 846 1313 965 1400; x_wconf 87' lang='lat' dir='ltr'><strong>firma,</strong></span> <span class='ocrx_word' id='word_1_128' title='bbox 998 1306 1068 1384; x_wconf 89' lang='lat' dir='ltr'><strong>hoc</strong></span> <span class='ocrx_word' id='word_1_129' title='bbox 1091 1325 1156 1399; x_wconf 90' lang='lat' dir='ltr'><strong>est,</strong></span> <span class='ocrx_word' id='word_1_130' title='bbox 1209 1309 1448 1393; x_wconf 80' lang='lat' dir='ltr'><strong>Testamenti,</strong></span> <span class='ocrx_word' id='word_1_131' title='bbox 1481 1324 1564 1383; x_wconf 91' lang='lat' dir='ltr'><strong>sunt</strong></span> <span class='ocrx_word' id='word_1_132' title='bbox 1593 1324 1629 1383; x_wconf 90' lang='lat' dir='ltr'><strong>et</strong></span> <span class='ocrx_word' id='word_1_133' title='bbox 1655 1311 1784 1403; x_wconf 89' lang='lat' dir='ltr'><strong>legales</strong></span> <span class='ocrx_word' id='word_1_134' title='bbox 1809 1314 2086 1408; x_wconf 84' lang='lat' dir='ltr'><strong>promissiones,</strong></span> <span class='ocrx_word' id='word_1_135' title='bbox 2116 1316 2186 1411; x_wconf 90' lang='lat' dir='ltr'><strong>qnia</strong></span> 
     </span>
    </p>

    <p class='ocr_par' dir='ltr' id='par_1_5' title="bbox 165 1412 2186 1512">
     <span class='ocr_line' id='line_1_12' title="bbox 165 1412 2186 1512; baseline 0 -20"><span class='ocrx_word' id='word_1_136' title='bbox 165 1434 208 1492; x_wconf 91' lang='lat' dir='ltr'><strong>ut</strong></span> <span class='ocrx_word' id='word_1_137' title='bbox 241 1430 339 1492; x_wconf 84' lang='lat' dir='ltr'><strong>certo</strong></span> <span class='ocrx_word' id='word_1_138' title='bbox 368 1440 628 1511; x_wconf 89' lang='lat' dir='ltr'><strong>consequamur</strong></span> <span class='ocrx_word' id='word_1_139' title='bbox 654 1417 863 1510; x_wconf 82' lang='lat' dir='ltr'><strong>promissam</strong></span> <span class='ocrx_word' id='word_1_140' title='bbox 894 1415 1157 1489; x_wconf 86' lang='lat' dir='ltr'><strong>reconciliatio·</strong></span> <span class='ocrx_word' id='word_1_141' title='bbox 1209 1413 1305 1484; x_wconf 89' lang='lat' dir='ltr'><strong>enim</strong></span> <span class='ocrx_word' id='word_1_142' title='bbox 1342 1413 1545 1487; x_wconf 87' lang='lat' dir='ltr'><strong>ohedientia</strong></span> <span class='ocrx_word' id='word_1_143' title='bbox 1582 1412 1670 1504; x_wconf 86' lang='lat' dir='ltr'><strong>legis</strong></span> <span class='ocrx_word' id='word_1_144' title='bbox 1706 1416 1807 1512; x_wconf 88' lang='lat' dir='ltr'><strong>sequi</strong></span> <span class='ocrx_word' id='word_1_145' title='bbox 1836 1418 1961 1505; x_wconf 88' lang='lat' dir='ltr'><strong>debet,</strong></span> <span class='ocrx_word' id='word_1_146' title='bbox 2002 1413 2186 1495; x_wconf 77' lang='lat' dir='ltr'><strong>habentes</strong></span> 
     </span>
    </p>

    <p class='ocr_par' dir='ltr' id='par_1_6' title="bbox 166 1512 2188 1716">
     <span class='ocr_line' id='line_1_13' title="bbox 166 1512 2179 1611; baseline -0.002 -20"><span class='ocrx_word' id='word_1_147' title='bbox 166 1512 273 1606; x_wconf 77' lang='lat' dir='ltr'><strong>nem&#39;,</strong></span> <span class='ocrx_word' id='word_1_148' title='bbox 306 1541 446 1591; x_wconf 89' lang='lat' dir='ltr'><strong>necesse</strong></span> <span class='ocrx_word' id='word_1_149' title='bbox 473 1533 543 1605; x_wconf 86' lang='lat' dir='ltr'><strong>est,</strong></span> <span class='ocrx_word' id='word_1_150' title='bbox 574 1519 612 1588; x_wconf 93' lang='lat' dir='ltr'><strong>in</strong></span> <span class='ocrx_word' id='word_1_151' title='bbox 640 1544 697 1604; x_wconf 91' lang='lat' dir='ltr'><strong>ea,</strong></span> <span class='ocrx_word' id='word_1_152' title='bbox 730 1518 806 1589; x_wconf 90' lang='lat' dir='ltr'><strong>sine</strong></span> <span class='ocrx_word' id='word_1_153' title='bbox 831 1518 1038 1590; x_wconf 91' lang='lat' dir='ltr'><strong>conditione</strong></span> <span class='ocrx_word' id='word_1_154' title='bbox 1061 1519 1158 1611; x_wconf 87' lang='lat' dir='ltr'><strong>legis,</strong></span> <span class='ocrx_word' id='word_1_155' title='bbox 1202 1536 1316 1610; x_wconf 82' lang='lat' dir='ltr'><strong>opera</strong></span> <span class='ocrx_word' id='word_1_156' title='bbox 1335 1538 1415 1587; x_wconf 89' lang='lat' dir='ltr'><strong>suas</strong></span> <span class='ocrx_word' id='word_1_157' title='bbox 1432 1516 1695 1608; x_wconf 88' lang='lat' dir='ltr'><strong>promissiones.</strong></span> <span class='ocrx_word' id='word_1_158' title='bbox 1876 1568 1879 1577; x_wconf 83' lang='lat'>·</span> <span class='ocrx_word' id='word_1_159' title='bbox 2128 1534 2131 1541; x_wconf 87' lang='lat'>&#39;</span> <span class='ocrx_word' id='word_1_160' title='bbox 2169 1554 2179 1591; x_wconf 73' lang='lat' dir='ltr'><strong>s</strong></span> 
     </span>
     <span class='ocr_line' id='line_1_14' title="bbox 167 1617 2188 1716; baseline 0.002 -22"><span class='ocrx_word' id='word_1_161' title='bbox 167 1635 203 1695; x_wconf 88' lang='lat' dir='ltr'><strong>et</strong></span> <span class='ocrx_word' id='word_1_162' title='bbox 217 1647 293 1694; x_wconf 90' lang='lat' dir='ltr'><strong>non</strong></span> <span class='ocrx_word' id='word_1_163' title='bbox 308 1634 454 1716; x_wconf 89' lang='lat' dir='ltr'><strong>propter</strong></span> <span class='ocrx_word' id='word_1_164' title='bbox 465 1622 597 1712; x_wconf 88' lang='lat' dir='ltr'><strong>legem,</strong></span> <span class='ocrx_word' id='word_1_165' title='bbox 622 1620 744 1692; x_wconf 80' lang='lat' dir='ltr'><strong>offerri</strong></span> <span class='ocrx_word' id='word_1_166' title='bbox 761 1622 1097 1697; x_wconf 85' lang='lat' dir='ltr'><strong>reconciliationem.</strong></span> <span class='ocrx_word' id='word_1_167' title='bbox 1316 1617 1375 1692; x_wconf 80' lang='lat'><strong>18.</strong></span> <span class='ocrx_word' id='word_1_168' title='bbox 1423 1617 1530 1691; x_wconf 83' lang='lat' dir='ltr'><strong>Tales</strong></span> <span class='ocrx_word' id='word_1_169' title='bbox 1566 1634 1668 1692; x_wconf 88' lang='lat' dir='ltr'><strong>sunt:</strong></span> <span class='ocrx_word' id='word_1_170' title='bbox 1708 1617 1800 1693; x_wconf 90' lang='lat' dir='ltr'><strong>Date</strong></span> <span class='ocrx_word' id='word_1_171' title='bbox 1838 1636 1875 1694; x_wconf 91' lang='lat' dir='ltr'><strong>et</strong></span> <span class='ocrx_word' id='word_1_172' title='bbox 1907 1623 2061 1697; x_wconf 87' lang='lat' dir='ltr'><strong>dabitur</strong></span> <span class='ocrx_word' id='word_1_173' title='bbox 2090 1622 2188 1699; x_wconf 63' lang='lat' dir='ltr'><strong>voh&#39;ut</strong></span> 
     </span>
    </p>

    <p class='ocr_par' dir='ltr' id='par_1_7' title="bbox 168 1719 2192 2029">
     <span class='ocr_line' id='line_1_15' title="bbox 269 1719 2189 1816; baseline 0.002 -18"><span class='ocrx_word' id='word_1_174' title='bbox 269 1726 308 1798; x_wconf 89' lang='grc'><strong>7.</strong></span> <span class='ocrx_word' id='word_1_175' title='bbox 350 1719 404 1796; x_wconf 85' lang='grc' dir='ltr'><strong>Αε</strong></span> <span class='ocrx_word' id='word_1_176' title='bbox 426 1738 566 1816; x_wconf 90' lang='lat' dir='ltr'><strong>oportet</strong></span> <span class='ocrx_word' id='word_1_177' title='bbox 587 1723 839 1795; x_wconf 90' lang='lat' dir='ltr'><strong>conscientiam</strong></span> <span class='ocrx_word' id='word_1_178' title='bbox 862 1737 993 1796; x_wconf 89' lang='lat' dir='ltr'><strong>certam</strong></span> <span class='ocrx_word' id='word_1_179' title='bbox 1017 1746 1091 1794; x_wconf 89' lang='lat' dir='ltr'><strong>esse</strong></span> <span class='ocrx_word' id='word_1_180' title='bbox 1114 1725 1158 1795; x_wconf 92' lang='lat' dir='ltr'><strong>de</strong></span> <span class='ocrx_word' id='word_1_181' title='bbox 1211 1722 1349 1813; x_wconf 80' lang='lat' dir='ltr'><strong>Frange</strong></span> <span class='ocrx_word' id='word_1_182' title='bbox 1367 1721 1534 1793; x_wconf 88' lang='lat' dir='ltr'><strong>esurienti</strong></span> <span class='ocrx_word' id='word_1_183' title='bbox 1552 1746 1700 1815; x_wconf 87' lang='lat' dir='ltr'><strong>panem,</strong></span> <span class='ocrx_word' id='word_1_184' title='bbox 1726 1736 1760 1795; x_wconf 89' lang='lat' dir='ltr'><strong>et</strong></span> <span class='ocrx_word' id='word_1_185' title='bbox 1775 1720 1954 1799; x_wconf 88' lang='lat' dir='ltr'><strong>Dominus</strong></span> <span class='ocrx_word' id='word_1_186' title='bbox 1972 1727 2189 1807; x_wconf 86' lang='lat' dir='ltr'><strong>exaudiette.</strong></span> 
     </span>
     <span class='ocr_line' id='line_1_16' title="bbox 168 1821 2189 1927; baseline 0.001 -28"><span class='ocrx_word' id='word_1_187' title='bbox 168 1826 379 1899; x_wconf 88' lang='lat' dir='ltr'><strong>remissione</strong></span> <span class='ocrx_word' id='word_1_188' title='bbox 408 1839 651 1920; x_wconf 87' lang='lat' dir='ltr'><strong>peccatorum,</strong></span> <span class='ocrx_word' id='word_1_189' title='bbox 684 1840 720 1898; x_wconf 91' lang='lat' dir='ltr'><strong>et</strong></span> <span class='ocrx_word' id='word_1_190' title='bbox 741 1827 965 1918; x_wconf 90' lang='lat' dir='ltr'><strong>reputatione</strong></span> <span class='ocrx_word' id='word_1_191' title='bbox 988 1826 1160 1913; x_wconf 79' lang='lat' dir='ltr'><strong>iusticias,</strong></span> <span class='ocrx_word' id='word_1_192' title='bbox 1316 1823 1375 1897; x_wconf 92' lang='grc'><strong>19.</strong></span> <span class='ocrx_word' id='word_1_193' title='bbox 1408 1821 1501 1896; x_wconf 92' lang='lat' dir='ltr'><strong>Cum</strong></span> <span class='ocrx_word' id='word_1_194' title='bbox 1523 1849 1628 1896; x_wconf 91' lang='lat' dir='ltr'><strong>nemo</strong></span> <span class='ocrx_word' id='word_1_195' title='bbox 1649 1826 1720 1917; x_wconf 89' lang='lat' dir='ltr'><strong>legi</strong></span> <span class='ocrx_word' id='word_1_196' title='bbox 1735 1826 1946 1915; x_wconf 82' lang='lat' dir='ltr'><strong>satisfaciat,</strong></span> <span class='ocrx_word' id='word_1_197' title='bbox 1973 1824 2045 1903; x_wconf 88' lang='lat' dir='ltr'><strong>hae</strong></span> <span class='ocrx_word' id='word_1_198' title='bbox 2064 1854 2189 1927; x_wconf 80' lang='lat' dir='ltr'><strong>quoque</strong></span> 
     </span>
     <span class='ocr_line' id='line_1_17' title="bbox 170 1926 2192 2029; baseline 0.002 -29"><span class='ocrx_word' id='word_1_199' title='bbox 170 1942 205 2003; x_wconf 86' lang='lat' dir='ltr'><strong>et</strong></span> <span class='ocrx_word' id='word_1_200' title='bbox 220 1928 416 2001; x_wconf 91' lang='lat' dir='ltr'><strong>donatione</strong></span> <span class='ocrx_word' id='word_1_201' title='bbox 428 1928 521 2000; x_wconf 91' lang='lat' dir='ltr'><strong>vitae</strong></span> <span class='ocrx_word' id='word_1_202' title='bbox 535 1942 710 2004; x_wconf 79' lang='lat' dir='ltr'><strong>aeternae.</strong></span> <span class='ocrx_word' id='word_1_203' title='bbox 1212 1926 1464 2022; x_wconf 89' lang='lat' dir='ltr'><strong>promissiones</strong></span> <span class='ocrx_word' id='word_1_204' title='bbox 1486 1926 1632 1999; x_wconf 90' lang='lat' dir='ltr'><strong>inutiles</strong></span> <span class='ocrx_word' id='word_1_205' title='bbox 1654 1943 1689 2002; x_wconf 88' lang='lat' dir='ltr'><strong>et</strong></span> <span class='ocrx_word' id='word_1_206' title='bbox 1712 1929 1833 2001; x_wconf 90' lang='lat' dir='ltr'><strong>irritae</strong></span> <span class='ocrx_word' id='word_1_207' title='bbox 1850 1946 1991 2019; x_wconf 80' lang='lat' dir='ltr'><strong>essent,</strong></span> <span class='ocrx_word' id='word_1_208' title='bbox 2016 1932 2098 2005; x_wconf 90' lang='lat' dir='ltr'><strong>sine</strong></span> <span class='ocrx_word' id='word_1_209' title='bbox 2121 1946 2192 2029; x_wconf 89' lang='lat' dir='ltr'><strong>pm·</strong></span> 
     </span>
    </p>

    <p class='ocr_par' dir='ltr' id='par_1_8' title="bbox 165 2026 2204 2841">
     <span class='ocr_line' id='line_1_18' title="bbox 273 2026 2185 2122; baseline -0.003 -20"><span class='ocrx_word' id='word_1_210' title='bbox 273 2030 311 2107; x_wconf 86' lang='lat'><strong>8.</strong></span> <span class='ocrx_word' id='word_1_211' title='bbox 349 2028 441 2102; x_wconf 90' lang='lat' dir='ltr'><strong>Nam</strong></span> <span class='ocrx_word' id='word_1_212' title='bbox 459 2030 676 2103; x_wconf 90' lang='lat' dir='ltr'><strong>couscientia</strong></span> <span class='ocrx_word' id='word_1_213' title='bbox 698 2030 885 2119; x_wconf 90' lang='lat' dir='ltr'><strong>dubitans,</strong></span> <span class='ocrx_word' id='word_1_214' title='bbox 914 2054 959 2102; x_wconf 92' lang='lat' dir='ltr'><strong>au</strong></span> <span class='ocrx_word' id='word_1_215' title='bbox 982 2029 1059 2102; x_wconf 90' lang='lat' dir='ltr'><strong>Deo</strong></span> <span class='ocrx_word' id='word_1_216' title='bbox 1083 2031 1161 2121; x_wconf 89' lang='lat' dir='ltr'><strong>pla·</strong></span> <span class='ocrx_word' id='word_1_217' title='bbox 1213 2031 1382 2103; x_wconf 88' lang='lat' dir='ltr'><strong>missione</strong></span> <span class='ocrx_word' id='word_1_218' title='bbox 1397 2026 1595 2122; x_wconf 79' lang='lat' dir='ltr'><strong>Evangelii.</strong></span> <span class='ocrx_word' id='word_1_219' title='bbox 2178 2074 2185 2083; x_wconf 91' lang='lat'>·</span> 
     </span>
     <span class='ocr_line' id='line_1_19' title="bbox 171 2130 2196 2231; baseline -0 -24"><span class='ocrx_word' id='word_1_220' title='bbox 171 2147 266 2222; x_wconf 87' lang='lat' dir='ltr'><strong>ceat,</strong></span> <span class='ocrx_word' id='word_1_221' title='bbox 291 2132 369 2205; x_wconf 89' lang='lat' dir='ltr'><strong>odit</strong></span> <span class='ocrx_word' id='word_1_222' title='bbox 384 2146 418 2204; x_wconf 91' lang='lat' dir='ltr'><strong>et</strong></span> <span class='ocrx_word' id='word_1_223' title='bbox 433 2132 524 2224; x_wconf 90' lang='lat' dir='ltr'><strong>fugit</strong></span> <span class='ocrx_word' id='word_1_224' title='bbox 539 2131 711 2205; x_wconf 88' lang='lat' dir='ltr'><strong>iudicium</strong></span> <span class='ocrx_word' id='word_1_225' title='bbox 729 2132 814 2217; x_wconf 89' lang='lat' dir='ltr'><strong>Dei,</strong></span> <span class='ocrx_word' id='word_1_226' title='bbox 841 2148 875 2207; x_wconf 90' lang='lat' dir='ltr'><strong>et</strong></span> <span class='ocrx_word' id='word_1_227' title='bbox 891 2134 964 2205; x_wconf 88' lang='lat' dir='ltr'><strong>ruit</strong></span> <span class='ocrx_word' id='word_1_228' title='bbox 981 2134 1021 2206; x_wconf 91' lang='lat' dir='ltr'><strong>in</strong></span> <span class='ocrx_word' id='word_1_229' title='bbox 1036 2136 1162 2227; x_wconf 86' lang='lat' dir='ltr'><strong>despe-</strong></span> <span class='ocrx_word' id='word_1_230' title='bbox 1312 2134 1375 2209; x_wconf 90' lang='grc'><strong>10.</strong></span> <span class='ocrx_word' id='word_1_231' title='bbox 1408 2131 1508 2205; x_wconf 90' lang='lat' dir='ltr'><strong>Sient</strong></span> <span class='ocrx_word' id='word_1_232' title='bbox 1527 2132 1637 2224; x_wconf 86' lang='lat' dir='ltr'><strong>igitur</strong></span> <span class='ocrx_word' id='word_1_233' title='bbox 1658 2130 1714 2201; x_wconf 83' lang='lat' dir='ltr'><strong>lex</strong></span> <span class='ocrx_word' id='word_1_234' title='bbox 1727 2130 1897 2224; x_wconf 81' lang='lat' dir='ltr'><strong>impletur</strong></span> <span class='ocrx_word' id='word_1_235' title='bbox 1912 2133 2129 2229; x_wconf 85' lang='lat' dir='ltr'><strong>imputative</strong></span> <span class='ocrx_word' id='word_1_236' title='bbox 2142 2156 2196 2231; x_wconf 84' lang='lat' dir='ltr'><strong>pse</strong></span> 
     </span>
     <span class='ocr_line' id='line_1_20' title="bbox 169 2230 2198 2328; baseline 0.004 -23"><span class='ocrx_word' id='word_1_237' title='bbox 169 2237 358 2310; x_wconf 88' lang='lat' dir='ltr'><strong>rationem.</strong></span> <span class='ocrx_word' id='word_1_238' title='bbox 1212 2230 1467 2327; x_wconf 80' lang='lat' dir='ltr'><strong>Evangelium,</strong></span> <span class='ocrx_word' id='word_1_239' title='bbox 1499 2235 1549 2308; x_wconf 90' lang='lat' dir='ltr'><strong>ita</strong></span> <span class='ocrx_word' id='word_1_240' title='bbox 1578 2230 1831 2328; x_wconf 87' lang='lat' dir='ltr'><strong>promissiones</strong></span> <span class='ocrx_word' id='word_1_241' title='bbox 1861 2235 1951 2327; x_wconf 88' lang='lat' dir='ltr'><strong>legis</strong></span> <span class='ocrx_word' id='word_1_242' title='bbox 1981 2238 2074 2311; x_wconf 84' lang='lat' dir='ltr'><strong>funt</strong></span> <span class='ocrx_word' id='word_1_243' title='bbox 2101 2238 2198 2313; x_wconf 81' lang='lat' dir='ltr'><strong>utiles</strong></span> 
     </span>
     <span class='ocr_line' id='line_1_21' title="bbox 165 2330 2188 2433; baseline -0.003 -23"><span class='ocrx_word' id='word_1_244' title='bbox 165 2383 171 2396; x_wconf 92' lang='lat'><strong>·</strong></span> <span class='ocrx_word' id='word_1_245' title='bbox 271 2337 307 2410; x_wconf 93' lang='grc'><strong>9.</strong></span> <span class='ocrx_word' id='word_1_246' title='bbox 349 2332 488 2431; x_wconf 91' lang='lat' dir='ltr'><strong>Opinio</strong></span> <span class='ocrx_word' id='word_1_247' title='bbox 508 2333 774 2430; x_wconf 81' lang='lat' dir='ltr'><strong>sophistarum,</strong></span> <span class='ocrx_word' id='word_1_248' title='bbox 808 2363 899 2433; x_wconf 90' lang='lat' dir='ltr'><strong>quae</strong></span> <span class='ocrx_word' id='word_1_249' title='bbox 930 2338 1030 2410; x_wconf 89' lang='lat' dir='ltr'><strong>iubet</strong></span> <span class='ocrx_word' id='word_1_250' title='bbox 1051 2333 1161 2409; x_wconf 87' lang='lat' dir='ltr'><strong>dubi·</strong></span> <span class='ocrx_word' id='word_1_251' title='bbox 1214 2352 1248 2409; x_wconf 90' lang='lat' dir='ltr'><strong>et</strong></span> <span class='ocrx_word' id='word_1_252' title='bbox 1262 2352 1357 2410; x_wconf 88' lang='lat' dir='ltr'><strong>ratae</strong></span> <span class='ocrx_word' id='word_1_253' title='bbox 1371 2362 1435 2431; x_wconf 92' lang='lat' dir='ltr'><strong>per</strong></span> <span class='ocrx_word' id='word_1_254' title='bbox 1449 2335 1696 2428; x_wconf 86' lang='lat' dir='ltr'><strong>Evangelium.</strong></span> <span class='ocrx_word' id='word_1_255' title='bbox 2182 2330 2188 2349; x_wconf 89' lang='lat'>&#39;</span> 
     </span>
     <span class='ocr_line' id='line_1_22' title="bbox 170 2436 2198 2537; baseline 0.001 -25"><span class='ocrx_word' id='word_1_256' title='bbox 170 2455 246 2512; x_wconf 91' lang='lat' dir='ltr'><strong>tare</strong></span> <span class='ocrx_word' id='word_1_257' title='bbox 275 2440 545 2527; x_wconf 83' lang='lat' dir='ltr'><strong>conscientiam,</strong></span> <span class='ocrx_word' id='word_1_258' title='bbox 577 2465 625 2510; x_wconf 86' lang='lat' dir='ltr'><strong>an</strong></span> <span class='ocrx_word' id='word_1_259' title='bbox 649 2443 728 2511; x_wconf 90' lang='lat' dir='ltr'><strong>Deo</strong></span> <span class='ocrx_word' id='word_1_260' title='bbox 757 2440 912 2532; x_wconf 88' lang='lat' dir='ltr'><strong>placeat,</strong></span> <span class='ocrx_word' id='word_1_261' title='bbox 943 2464 1088 2532; x_wconf 90' lang='lat' dir='ltr'><strong>prorsus</strong></span> <span class='ocrx_word' id='word_1_262' title='bbox 1111 2451 1163 2510; x_wconf 88' lang='lat' dir='ltr'><strong>est</strong></span> <span class='ocrx_word' id='word_1_263' title='bbox 1313 2440 1376 2515; x_wconf 90' lang='grc'><strong>11.</strong></span> <span class='ocrx_word' id='word_1_264' title='bbox 1407 2438 1600 2535; x_wconf 89' lang='lat' dir='ltr'><strong>Postquam</strong></span> <span class='ocrx_word' id='word_1_265' title='bbox 1623 2439 1720 2510; x_wconf 90' lang='lat' dir='ltr'><strong>enim</strong></span> <span class='ocrx_word' id='word_1_266' title='bbox 1742 2439 1811 2511; x_wconf 86' lang='lat' dir='ltr'><strong>fide</strong></span> <span class='ocrx_word' id='word_1_267' title='bbox 1833 2436 2005 2515; x_wconf 86' lang='lat' dir='ltr'><strong>habemus</strong></span> <span class='ocrx_word' id='word_1_268' title='bbox 2020 2443 2079 2527; x_wconf 88' lang='lat' dir='ltr'><strong>id,</strong></span> <span class='ocrx_word' id='word_1_269' title='bbox 2103 2440 2198 2537; x_wconf 86' lang='lat' dir='ltr'><strong>quod</strong></span> 
     </span>
     <span class='ocr_line' id='line_1_23' title="bbox 171 2536 2199 2641; baseline 0.002 -29"><span class='ocrx_word' id='word_1_270' title='bbox 171 2542 301 2633; x_wconf 88' lang='lat' dir='ltr'><strong>impia,</strong></span> <span class='ocrx_word' id='word_1_271' title='bbox 332 2554 368 2611; x_wconf 88' lang='lat' dir='ltr'><strong>et</strong></span> <span class='ocrx_word' id='word_1_272' title='bbox 389 2542 485 2613; x_wconf 91' lang='lat' dir='ltr'><strong>tollit</strong></span> <span class='ocrx_word' id='word_1_273' title='bbox 502 2541 710 2613; x_wconf 90' lang='lat' dir='ltr'><strong>universum</strong></span> <span class='ocrx_word' id='word_1_274' title='bbox 733 2566 856 2612; x_wconf 90' lang='lat' dir='ltr'><strong>verum</strong></span> <span class='ocrx_word' id='word_1_275' title='bbox 879 2542 1014 2613; x_wconf 89' lang='lat' dir='ltr'><strong>cultum</strong></span> <span class='ocrx_word' id='word_1_276' title='bbox 1037 2540 1105 2615; x_wconf 91' lang='lat' dir='ltr'><strong>Dei</strong></span> <span class='ocrx_word' id='word_1_277' title='bbox 1129 2554 1164 2612; x_wconf 90' lang='lat' dir='ltr'><strong>et</strong></span> <span class='ocrx_word' id='word_1_278' title='bbox 1213 2544 1270 2614; x_wconf 86' lang='lat' dir='ltr'><strong>lex</strong></span> <span class='ocrx_word' id='word_1_279' title='bbox 1291 2541 1443 2637; x_wconf 89' lang='lat' dir='ltr'><strong>requirit</strong></span> <span class='ocrx_word' id='word_1_280' title='bbox 1464 2541 1692 2635; x_wconf 89' lang='lat' dir='ltr'><strong>imputative,</strong></span> <span class='ocrx_word' id='word_1_281' title='bbox 1717 2536 1786 2613; x_wconf 92' lang='lat' dir='ltr'><strong>hoc</strong></span> <span class='ocrx_word' id='word_1_282' title='bbox 1807 2557 1879 2626; x_wconf 89' lang='lat' dir='ltr'><strong>est,</strong></span> <span class='ocrx_word' id='word_1_283' title='bbox 1905 2556 2087 2641; x_wconf 82' lang='lat' dir='ltr'><strong>postquam</strong></span> <span class='ocrx_word' id='word_1_284' title='bbox 2112 2543 2199 2617; x_wconf 86' lang='lat' dir='ltr'><strong>insti</strong></span> 
     </span>
     <span class='ocr_line' id='line_1_24' title="bbox 171 2642 2204 2740; baseline 0.003 -27"><span class='ocrx_word' id='word_1_285' title='bbox 171 2642 448 2715; x_wconf 78' lang='lat' dir='ltr'><strong>invocationem.</strong></span> <span class='ocrx_word' id='word_1_286' title='bbox 497 2642 691 2733; x_wconf 84' lang='lat' dir='ltr'><strong>Quomodo</strong></span> <span class='ocrx_word' id='word_1_287' title='bbox 712 2643 808 2714; x_wconf 91' lang='lat' dir='ltr'><strong>enim</strong></span> <span class='ocrx_word' id='word_1_288' title='bbox 829 2645 1067 2732; x_wconf 89' lang='lat' dir='ltr'><strong>invocabunt,</strong></span> <span class='ocrx_word' id='word_1_289' title='bbox 1092 2642 1163 2713; x_wconf 91' lang='lat' dir='ltr'><strong>nisi</strong></span> <span class='ocrx_word' id='word_1_290' title='bbox 1215 2647 1515 2740; x_wconf 88' lang='lat' dir='ltr'><strong>pronunciamnr,</strong></span> <span class='ocrx_word' id='word_1_291' title='bbox 1547 2669 1655 2736; x_wconf 91' lang='lat' dir='ltr'><strong>opera</strong></span> <span class='ocrx_word' id='word_1_292' title='bbox 1680 2644 1751 2714; x_wconf 89' lang='lat' dir='ltr'><strong>iam</strong></span> <span class='ocrx_word' id='word_1_293' title='bbox 1782 2660 1963 2720; x_wconf 88' lang='lat' dir='ltr'><strong>merentur</strong></span> <span class='ocrx_word' id='word_1_294' title='bbox 1990 2649 2204 2735; x_wconf 83' lang='lat' dir='ltr'><strong>mercedem,</strong></span> 
     </span>
     <span class='ocr_line' id='line_1_25' title="bbox 172 2743 2054 2841; baseline 0.002 -23"><span class='ocrx_word' id='word_1_295' title='bbox 172 2745 416 2818; x_wconf 87' lang='lat' dir='ltr'><strong>crediderint?</strong></span> <span class='ocrx_word' id='word_1_296' title='bbox 448 2744 568 2841; x_wconf 90' lang='lat' dir='ltr'><strong>inquit</strong></span> <span class='ocrx_word' id='word_1_297' title='bbox 582 2743 728 2821; x_wconf 79' lang='lat' dir='ltr'><strong>Paulus.</strong></span> <span class='ocrx_word' id='word_1_298' title='bbox 1214 2773 1255 2820; x_wconf 88' lang='lat' dir='ltr'><strong>ac</strong></span> <span class='ocrx_word' id='word_1_299' title='bbox 1270 2748 1300 2820; x_wconf 87' lang='lat' dir='ltr'><strong>si</strong></span> <span class='ocrx_word' id='word_1_300' title='bbox 1316 2748 1384 2838; x_wconf 90' lang='lat' dir='ltr'><strong>legi</strong></span> <span class='ocrx_word' id='word_1_301' title='bbox 1399 2747 1616 2819; x_wconf 88' lang='lat' dir='ltr'><strong>satisfactum</strong></span> <span class='ocrx_word' id='word_1_302' title='bbox 1631 2760 1733 2822; x_wconf 84' lang='lat' dir='ltr'><strong>esset.</strong></span> <span class='ocrx_word' id='word_1_303' title='bbox 2051 2768 2054 2775; x_wconf 85' lang='lat'>&#39;</span> 
     </span>
    </p>

    <p class='ocr_par' dir='ltr' id='par_1_9' title="bbox 171 2846 2203 3146">
     <span class='ocr_line' id='line_1_26' title="bbox 277 2846 2203 2946; baseline 0.003 -26"><span class='ocrx_word' id='word_1_304' title='bbox 277 2849 338 2924; x_wconf 92' lang='grc'><strong>10.</strong></span> <span class='ocrx_word' id='word_1_305' title='bbox 372 2846 486 2919; x_wconf 90' lang='lat' dir='ltr'><strong>Tollit</strong></span> <span class='ocrx_word' id='word_1_306' title='bbox 507 2862 542 2919; x_wconf 93' lang='lat' dir='ltr'><strong>et</strong></span> <span class='ocrx_word' id='word_1_307' title='bbox 562 2848 765 2919; x_wconf 83' lang='lat' dir='ltr'><strong>nniversam</strong></span> <span class='ocrx_word' id='word_1_308' title='bbox 781 2847 1059 2921; x_wconf 91' lang='lat' dir='ltr'><strong>consolationem</strong></span> <span class='ocrx_word' id='word_1_309' title='bbox 1077 2873 1164 2920; x_wconf 90' lang='lat' dir='ltr'><strong>con·</strong></span> <span class='ocrx_word' id='word_1_310' title='bbox 1316 2852 1379 2924; x_wconf 87' lang='grc'><strong>11.</strong></span> <span class='ocrx_word' id='word_1_311' title='bbox 1412 2846 1462 2921; x_wconf 89' lang='grc' dir='ltr'><strong>Ει</strong></span> <span class='ocrx_word' id='word_1_312' title='bbox 1481 2849 1626 2946; x_wconf 90' lang='lat' dir='ltr'><strong>quidem</strong></span> <span class='ocrx_word' id='word_1_313' title='bbox 1649 2849 1718 2939; x_wconf 86' lang='lat' dir='ltr'><strong>legi</strong></span> <span class='ocrx_word' id='word_1_314' title='bbox 1733 2850 1967 2924; x_wconf 88' lang='lat' dir='ltr'><strong>satisfecimus</strong></span> <span class='ocrx_word' id='word_1_315' title='bbox 1985 2851 2203 2946; x_wconf 79' lang='lat' dir='ltr'><strong>imputative.</strong></span> 
     </span>
     <span class='ocr_line' id='line_1_27' title="bbox 173 2949 2202 3048; baseline 0.002 -25"><span class='ocrx_word' id='word_1_316' title='bbox 173 2951 422 3038; x_wconf 86' lang='lat' dir='ltr'><strong>scientiarum,</strong></span> <span class='ocrx_word' id='word_1_317' title='bbox 452 2951 607 3046; x_wconf 90' lang='lat' dir='ltr'><strong>denique</strong></span> <span class='ocrx_word' id='word_1_318' title='bbox 627 2952 745 3022; x_wconf 90' lang='lat' dir='ltr'><strong>abolet</strong></span> <span class='ocrx_word' id='word_1_319' title='bbox 765 2952 974 3023; x_wconf 87' lang='lat' dir='ltr'><strong>universum</strong></span> <span class='ocrx_word' id='word_1_320' title='bbox 998 2949 1164 3045; x_wconf 81' lang='lat' dir='ltr'><strong>Evange-</strong></span> <span class='ocrx_word' id='word_1_321' title='bbox 1214 2952 1502 3025; x_wconf 81' lang='lat' dir='ltr'><strong>Pronuntiamur</strong></span> <span class='ocrx_word' id='word_1_322' title='bbox 1515 2952 1610 3023; x_wconf 91' lang='lat' dir='ltr'><strong>enim</strong></span> <span class='ocrx_word' id='word_1_323' title='bbox 1630 2951 1714 3023; x_wconf 91' lang='lat' dir='ltr'><strong>iusti</strong></span> <span class='ocrx_word' id='word_1_324' title='bbox 1729 2967 1875 3045; x_wconf 90' lang='lat' dir='ltr'><strong>propter</strong></span> <span class='ocrx_word' id='word_1_325' title='bbox 1891 2950 2105 3044; x_wconf 89' lang='lat' dir='ltr'><strong>Christum,</strong></span> <span class='ocrx_word' id='word_1_326' title='bbox 2125 2978 2202 3048; x_wconf 85' lang='lat' dir='ltr'><strong>pcr-</strong></span> 
     </span>
     <span class='ocr_line' id='line_1_28' title="bbox 171 3054 1794 3146; baseline 0 -21"><span class='ocrx_word' id='word_1_327' title='bbox 171 3055 274 3132; x_wconf 75' lang='lat' dir='ltr'><strong>lium,</strong></span> <span class='ocrx_word' id='word_1_328' title='bbox 1214 3057 1299 3128; x_wconf 91' lang='lat' dir='ltr'><strong>inde</strong></span> <span class='ocrx_word' id='word_1_329' title='bbox 1312 3080 1352 3127; x_wconf 93' lang='lat' dir='ltr'><strong>ac</strong></span> <span class='ocrx_word' id='word_1_330' title='bbox 1368 3057 1397 3126; x_wconf 92' lang='lat' dir='ltr'><strong>si</strong></span> <span class='ocrx_word' id='word_1_331' title='bbox 1413 3056 1482 3146; x_wconf 89' lang='lat' dir='ltr'><strong>legi</strong></span> <span class='ocrx_word' id='word_1_332' title='bbox 1496 3054 1794 3126; x_wconf 80' lang='lat' dir='ltr'><strong>satisfecissemus.</strong></span> 
     </span>
    </p>

    <p class='ocr_par' dir='ltr' id='par_1_10' title="bbox 170 3153 2199 3766">
     <span class='ocr_line' id='line_1_29' title="bbox 275 3153 2199 3257; baseline 0.002 -26"><span class='ocrx_word' id='word_1_333' title='bbox 275 3158 336 3232; x_wconf 93' lang='grc'><strong>11.</strong></span> <span class='ocrx_word' id='word_1_334' title='bbox 375 3154 445 3227; x_wconf 84' lang='grc' dir='ltr'><strong>Ηίε</strong></span> <span class='ocrx_word' id='word_1_335' title='bbox 464 3153 581 3240; x_wconf 83' lang='grc' dir='ltr'><strong>Ιοειιε,</strong></span> <span class='ocrx_word' id='word_1_336' title='bbox 614 3159 710 3250; x_wconf 89' lang='lat' dir='ltr'><strong>quod</strong></span> <span class='ocrx_word' id='word_1_337' title='bbox 733 3155 920 3249; x_wconf 88' lang='lat' dir='ltr'><strong>promissio</strong></span> <span class='ocrx_word' id='word_1_338' title='bbox 942 3157 1068 3230; x_wconf 90' lang='lat' dir='ltr'><strong>debeat</strong></span> <span class='ocrx_word' id='word_1_339' title='bbox 1090 3182 1163 3228; x_wconf 89' lang='lat' dir='ltr'><strong>esse</strong></span> <span class='ocrx_word' id='word_1_340' title='bbox 1314 3162 1378 3235; x_wconf 82' lang='grc'><strong>13.</strong></span> <span class='ocrx_word' id='word_1_341' title='bbox 1418 3157 1565 3229; x_wconf 91' lang='lat' dir='ltr'><strong>Placent</strong></span> <span class='ocrx_word' id='word_1_342' title='bbox 1587 3156 1696 3247; x_wconf 90' lang='lat' dir='ltr'><strong>igitur</strong></span> <span class='ocrx_word' id='word_1_343' title='bbox 1717 3158 1780 3231; x_wconf 87' lang='lat' dir='ltr'><strong>illa</strong></span> <span class='ocrx_word' id='word_1_344' title='bbox 1801 3182 1928 3251; x_wconf 89' lang='lat' dir='ltr'><strong>opera,</strong></span> <span class='ocrx_word' id='word_1_345' title='bbox 1962 3184 2042 3233; x_wconf 90' lang='lat' dir='ltr'><strong>non</strong></span> <span class='ocrx_word' id='word_1_346' title='bbox 2068 3173 2199 3257; x_wconf 63' lang='lat' dir='ltr'><strong>proptss</strong></span> 
     </span>
     <span class='ocr_line' id='line_1_30' title="bbox 171 3254 2198 3355; baseline 0.003 -23"><span class='ocrx_word' id='word_1_347' title='bbox 171 3274 285 3345; x_wconf 88' lang='lat' dir='ltr'><strong>certa,</strong></span> <span class='ocrx_word' id='word_1_348' title='bbox 309 3254 379 3330; x_wconf 91' lang='lat' dir='ltr'><strong>hoc</strong></span> <span class='ocrx_word' id='word_1_349' title='bbox 395 3273 467 3343; x_wconf 90' lang='lat' dir='ltr'><strong>est,</strong></span> <span class='ocrx_word' id='word_1_350' title='bbox 491 3259 587 3351; x_wconf 92' lang='lat' dir='ltr'><strong>quod</strong></span> <span class='ocrx_word' id='word_1_351' title='bbox 608 3260 822 3330; x_wconf 89' lang='lat' dir='ltr'><strong>conscientia</strong></span> <span class='ocrx_word' id='word_1_352' title='bbox 837 3261 964 3331; x_wconf 84' lang='lat' dir='ltr'><strong>debeat</strong></span> <span class='ocrx_word' id='word_1_353' title='bbox 979 3276 1073 3333; x_wconf 91' lang='lat' dir='ltr'><strong>certo</strong></span> <span class='ocrx_word' id='word_1_354' title='bbox 1091 3275 1164 3331; x_wconf 91' lang='lat' dir='ltr'><strong>sta·</strong></span> <span class='ocrx_word' id='word_1_355' title='bbox 1214 3286 1314 3335; x_wconf 90' lang='lat' dir='ltr'><strong>suam</strong></span> <span class='ocrx_word' id='word_1_356' title='bbox 1334 3259 1563 3352; x_wconf 86' lang='lat' dir='ltr'><strong>dignitatem,</strong></span> <span class='ocrx_word' id='word_1_357' title='bbox 1590 3283 1664 3329; x_wconf 92' lang='lat' dir='ltr'><strong>nun</strong></span> <span class='ocrx_word' id='word_1_358' title='bbox 1685 3261 1768 3355; x_wconf 91' lang='lat' dir='ltr'><strong>quia</strong></span> <span class='ocrx_word' id='word_1_359' title='bbox 1787 3261 1857 3353; x_wconf 87' lang='lat' dir='ltr'><strong>legi</strong></span> <span class='ocrx_word' id='word_1_360' title='bbox 1878 3264 2123 3353; x_wconf 86' lang='lat' dir='ltr'><strong>satisfaciant,</strong></span> <span class='ocrx_word' id='word_1_361' title='bbox 2144 3262 2198 3337; x_wconf 83' lang='lat' dir='ltr'><strong>ttal</strong></span> 
     </span>
     <span class='ocr_line' id='line_1_31' title="bbox 170 3359 2198 3459; baseline 0.004 -28"><span class='ocrx_word' id='word_1_362' title='bbox 170 3375 287 3447; x_wconf 89' lang='lat' dir='ltr'><strong>tuere,</strong></span> <span class='ocrx_word' id='word_1_363' title='bbox 312 3363 408 3455; x_wconf 91' lang='lat' dir='ltr'><strong>quod</strong></span> <span class='ocrx_word' id='word_1_364' title='bbox 422 3374 657 3452; x_wconf 88' lang='lat' dir='ltr'><strong>consequatur</strong></span> <span class='ocrx_word' id='word_1_365' title='bbox 670 3364 913 3433; x_wconf 87' lang='lat' dir='ltr'><strong>remissionem</strong></span> <span class='ocrx_word' id='word_1_366' title='bbox 928 3375 1163 3454; x_wconf 85' lang='lat' dir='ltr'><strong>peccatorum,</strong></span> <span class='ocrx_word' id='word_1_367' title='bbox 1214 3365 1357 3458; x_wconf 85' lang='lat' dir='ltr'><strong>placent</strong></span> <span class='ocrx_word' id='word_1_368' title='bbox 1377 3377 1523 3457; x_wconf 90' lang='lat' dir='ltr'><strong>propter</strong></span> <span class='ocrx_word' id='word_1_369' title='bbox 1537 3359 1739 3448; x_wconf 86' lang='lat' dir='ltr'><strong>Christum,</strong></span> <span class='ocrx_word' id='word_1_370' title='bbox 1764 3388 1958 3459; x_wconf 90' lang='lat' dir='ltr'><strong>perquem</strong></span> <span class='ocrx_word' id='word_1_371' title='bbox 1982 3390 2135 3459; x_wconf 86' lang='lat' dir='ltr'><strong>persona</strong></span> <span class='ocrx_word' id='word_1_372' title='bbox 2152 3376 2198 3451; x_wconf 57' lang='lat' dir='ltr'>n</span> 
     </span>
     <span class='ocr_line' id='line_1_32' title="bbox 173 3459 2198 3563; baseline 0.002 -28"><span class='ocrx_word' id='word_1_373' title='bbox 173 3477 209 3535; x_wconf 87' lang='lat' dir='ltr'><strong>et</strong></span> <span class='ocrx_word' id='word_1_374' title='bbox 235 3464 499 3554; x_wconf 87' lang='lat' dir='ltr'><strong>reputationem</strong></span> <span class='ocrx_word' id='word_1_375' title='bbox 529 3461 707 3548; x_wconf 82' lang='lat' dir='ltr'><strong>institiae,</strong></span> <span class='ocrx_word' id='word_1_376' title='bbox 738 3465 821 3533; x_wconf 87' lang='lat' dir='ltr'><strong>item</strong></span> <span class='ocrx_word' id='word_1_377' title='bbox 853 3467 949 3556; x_wconf 92' lang='lat' dir='ltr'><strong>quod</strong></span> <span class='ocrx_word' id='word_1_378' title='bbox 975 3465 1161 3555; x_wconf 87' lang='lat' dir='ltr'><strong>promissio</strong></span> <span class='ocrx_word' id='word_1_379' title='bbox 1213 3482 1372 3560; x_wconf 88' lang='lat' dir='ltr'><strong>accepta,</strong></span> <span class='ocrx_word' id='word_1_380' title='bbox 1398 3489 1488 3561; x_wconf 90' lang='lat' dir='ltr'><strong>quae</strong></span> <span class='ocrx_word' id='word_1_381' title='bbox 1512 3459 1748 3557; x_wconf 90' lang='lat' dir='ltr'><strong>apprehendit</strong></span> <span class='ocrx_word' id='word_1_382' title='bbox 1764 3467 2052 3541; x_wconf 90' lang='lat' dir='ltr'><strong>misericordiam</strong></span> <span class='ocrx_word' id='word_1_383' title='bbox 2067 3460 2198 3563; x_wconf 74' lang='lat' dir='ltr'><strong>propiet</strong></span> 
     </span>
     <span class='ocr_line' id='line_1_33' title="bbox 172 3559 1633 3661; baseline 0.006 -28"><span class='ocrx_word' id='word_1_384' title='bbox 172 3588 249 3634; x_wconf 90' lang='lat' dir='ltr'><strong>non</strong></span> <span class='ocrx_word' id='word_1_385' title='bbox 269 3559 401 3633; x_wconf 91' lang='lat' dir='ltr'><strong>habeat</strong></span> <span class='ocrx_word' id='word_1_386' title='bbox 419 3561 661 3632; x_wconf 90' lang='lat' dir='ltr'><strong>conditionem</strong></span> <span class='ocrx_word' id='word_1_387' title='bbox 688 3565 795 3655; x_wconf 90' lang='lat' dir='ltr'><strong>legis,</strong></span> <span class='ocrx_word' id='word_1_388' title='bbox 825 3566 934 3636; x_wconf 90' lang='lat' dir='ltr'><strong>totius</strong></span> <span class='ocrx_word' id='word_1_389' title='bbox 955 3580 1162 3650; x_wconf 82' lang='lat' dir='ltr'><strong>controver-</strong></span> <span class='ocrx_word' id='word_1_390' title='bbox 1211 3566 1396 3642; x_wconf 87' lang='lat' dir='ltr'><strong>Christum</strong></span> <span class='ocrx_word' id='word_1_391' title='bbox 1410 3567 1633 3661; x_wconf 78' lang='lat' dir='ltr'><strong>promissam.</strong></span> 
     </span>
     <span class='ocr_line' id='line_1_34' title="bbox 173 3656 2190 3766; baseline 0.005 -31"><span class='ocrx_word' id='word_1_392' title='bbox 173 3665 246 3735; x_wconf 88' lang='lat' dir='ltr'><strong>siae</strong></span> <span class='ocrx_word' id='word_1_393' title='bbox 259 3664 303 3732; x_wconf 92' lang='lat' dir='ltr'><strong>de</strong></span> <span class='ocrx_word' id='word_1_394' title='bbox 319 3661 568 3733; x_wconf 83' lang='lat' dir='ltr'><strong>iustificatione</strong></span> <span class='ocrx_word' id='word_1_395' title='bbox 584 3656 742 3758; x_wconf 82' lang='grc' dir='ltr'><strong>σύνεχον</strong></span> <span class='ocrx_word' id='word_1_396' title='bbox 757 3679 819 3736; x_wconf 89' lang='grc' dir='ltr'><strong>εει.</strong></span> <span class='ocrx_word' id='word_1_397' title='bbox 1315 3669 1378 3746; x_wconf 81' lang='grc'><strong>14.</strong></span> <span class='ocrx_word' id='word_1_398' title='bbox 1412 3669 1494 3742; x_wconf 90' lang='lat' dir='ltr'><strong>Non</strong></span> <span class='ocrx_word' id='word_1_399' title='bbox 1515 3670 1624 3762; x_wconf 86' lang='lat' dir='ltr'><strong>igitur</strong></span> <span class='ocrx_word' id='word_1_400' title='bbox 1645 3668 1837 3742; x_wconf 87' lang='lat' dir='ltr'><strong>iustificant</strong></span> <span class='ocrx_word' id='word_1_401' title='bbox 1856 3668 1918 3741; x_wconf 91' lang='lat' dir='ltr'><strong>illa</strong></span> <span class='ocrx_word' id='word_1_402' title='bbox 1940 3696 2068 3766; x_wconf 87' lang='lat' dir='ltr'><strong>opera.</strong></span> <span class='ocrx_word' id='word_1_403' title='bbox 2108 3670 2190 3745; x_wconf 79' lang='lat' dir='ltr'><strong>ttnc</strong></span> 
     </span>
    </p>

    <p class='ocr_par' dir='ltr' id='par_1_11' title="bbox 169 3757 2193 4381">
     <span class='ocr_line' id='line_1_35' title="bbox 281 3757 2193 3873; baseline 0.007 -40"><span class='ocrx_word' id='word_1_404' title='bbox 281 3764 354 3871; x_wconf 78' lang='grc' dir='ltr'><strong>11.ι</strong></span> <span class='ocrx_word' id='word_1_405' title='bbox 372 3760 416 3833; x_wconf 92' lang='lat' dir='ltr'><strong>ln</strong></span> <span class='ocrx_word' id='word_1_406' title='bbox 431 3757 534 3861; x_wconf 26' lang='lat' dir='ltr'><strong>&#39;hunc</strong></span> <span class='ocrx_word' id='word_1_407' title='bbox 555 3763 663 3854; x_wconf 90' lang='lat' dir='ltr'><strong>igitur</strong></span> <span class='ocrx_word' id='word_1_408' title='bbox 684 3767 820 3853; x_wconf 90' lang='lat' dir='ltr'><strong>locum,</strong></span> <span class='ocrx_word' id='word_1_409' title='bbox 852 3769 948 3863; x_wconf 89' lang='lat' dir='ltr'><strong>quod</strong></span> <span class='ocrx_word' id='word_1_410' title='bbox 972 3768 1161 3863; x_wconf 91' lang='lat' dir='ltr'><strong>promissio</strong></span> <span class='ocrx_word' id='word_1_411' title='bbox 1212 3788 1249 3847; x_wconf 90' lang='lat' dir='ltr'><strong>et</strong></span> <span class='ocrx_word' id='word_1_412' title='bbox 1265 3796 1418 3866; x_wconf 87' lang='lat' dir='ltr'><strong>persona</strong></span> <span class='ocrx_word' id='word_1_413' title='bbox 1432 3786 1484 3844; x_wconf 90' lang='lat' dir='ltr'><strong>est</strong></span> <span class='ocrx_word' id='word_1_414' title='bbox 1497 3785 1636 3865; x_wconf 86' lang='lat' dir='ltr'><strong>accepta</strong></span> <span class='ocrx_word' id='word_1_415' title='bbox 1649 3785 1795 3866; x_wconf 86' lang='lat' dir='ltr'><strong>propter</strong></span> <span class='ocrx_word' id='word_1_416' title='bbox 1808 3773 1930 3861; x_wconf 92' lang='lat' dir='ltr'><strong>aliud,</strong></span> <span class='ocrx_word' id='word_1_417' title='bbox 1955 3789 1992 3848; x_wconf 88' lang='lat' dir='ltr'><strong>et</strong></span> <span class='ocrx_word' id='word_1_418' title='bbox 2009 3775 2193 3873; x_wconf 74' lang='lat' dir='ltr'><strong>opmipss</strong></span> 
     </span>
     <span class='ocr_line' id='line_1_36' title="bbox 174 3864 2183 3972; baseline 0.005 -34"><span class='ocrx_word' id='word_1_419' title='bbox 174 3866 305 3938; x_wconf 89' lang='lat' dir='ltr'><strong>debeat</strong></span> <span class='ocrx_word' id='word_1_420' title='bbox 323 3888 397 3938; x_wconf 89' lang='lat' dir='ltr'><strong>esse</strong></span> <span class='ocrx_word' id='word_1_421' title='bbox 419 3877 531 3951; x_wconf 87' lang='lat' dir='ltr'><strong>certa,</strong></span> <span class='ocrx_word' id='word_1_422' title='bbox 556 3866 641 3936; x_wconf 92' lang='lat' dir='ltr'><strong>item</strong></span> <span class='ocrx_word' id='word_1_423' title='bbox 663 3871 759 3961; x_wconf 91' lang='lat' dir='ltr'><strong>quod</strong></span> <span class='ocrx_word' id='word_1_424' title='bbox 776 3864 904 3941; x_wconf 92' lang='lat' dir='ltr'><strong>habeat</strong></span> <span class='ocrx_word' id='word_1_425' title='bbox 918 3871 1160 3944; x_wconf 86' lang='lat' dir='ltr'><strong>conditionem</strong></span> <span class='ocrx_word' id='word_1_426' title='bbox 1212 3901 1277 3972; x_wconf 91' lang='lat' dir='ltr'><strong>per</strong></span> <span class='ocrx_word' id='word_1_427' title='bbox 1290 3898 1365 3948; x_wconf 86' lang='lat' dir='ltr'><strong>sese</strong></span> <span class='ocrx_word' id='word_1_428' title='bbox 1380 3875 1450 3967; x_wconf 86' lang='lat' dir='ltr'><strong>legi</strong></span> <span class='ocrx_word' id='word_1_429' title='bbox 1465 3899 1541 3946; x_wconf 91' lang='lat' dir='ltr'><strong>non</strong></span> <span class='ocrx_word' id='word_1_430' title='bbox 1558 3874 1787 3948; x_wconf 86' lang='lat' dir='ltr'><strong>satisfaciunt.</strong></span> <span class='ocrx_word' id='word_1_431' title='bbox 2176 3900 2183 3909; x_wconf 92' lang='lat'>·</span> 
     </span>
     <span class='ocr_line' id='line_1_37' title="bbox 169 3967 2193 4071; baseline 0.005 -32"><span class='ocrx_word' id='word_1_432' title='bbox 169 3968 279 4062; x_wconf 87' lang='lat' dir='ltr'><strong>legis,</strong></span> <span class='ocrx_word' id='word_1_433' title='bbox 304 3991 443 4060; x_wconf 90' lang='lat' dir='ltr'><strong>semper</strong></span> <span class='ocrx_word' id='word_1_434' title='bbox 461 3967 593 4038; x_wconf 88' lang='lat' dir='ltr'><strong>intueri</strong></span> <span class='ocrx_word' id='word_1_435' title='bbox 613 3992 679 4040; x_wconf 91' lang='lat' dir='ltr'><strong>nos</strong></span> <span class='ocrx_word' id='word_1_436' title='bbox 701 3984 859 4062; x_wconf 87' lang='lat' dir='ltr'><strong>oportet,</strong></span> <span class='ocrx_word' id='word_1_437' title='bbox 885 3986 918 4042; x_wconf 92' lang='lat' dir='ltr'><strong>et</strong></span> <span class='ocrx_word' id='word_1_438' title='bbox 940 3988 982 4045; x_wconf 91' lang='lat' dir='ltr'><strong>ut</strong></span> <span class='ocrx_word' id='word_1_439' title='bbox 1001 3968 1086 4047; x_wconf 86' lang='lat' dir='ltr'><strong>hinc</strong></span> <span class='ocrx_word' id='word_1_440' title='bbox 1100 3976 1162 4047; x_wconf 86' lang='lat' dir='ltr'><strong>lir-</strong></span> <span class='ocrx_word' id='word_1_441' title='bbox 1312 3974 1375 4056; x_wconf 83' lang='grc'><strong>16.</strong></span> <span class='ocrx_word' id='word_1_442' title='bbox 1406 3978 1529 4069; x_wconf 83' lang='lat' dir='ltr'><strong>Quare</strong></span> <span class='ocrx_word' id='word_1_443' title='bbox 1551 4001 1689 4071; x_wconf 86' lang='lat' dir='ltr'><strong>semper</strong></span> <span class='ocrx_word' id='word_1_444' title='bbox 1713 3978 1940 4050; x_wconf 89' lang='lat' dir='ltr'><strong>statuendum</strong></span> <span class='ocrx_word' id='word_1_445' title='bbox 1963 3994 2040 4068; x_wconf 91' lang='lat' dir='ltr'><strong>est,</strong></span> <span class='ocrx_word' id='word_1_446' title='bbox 2065 3978 2193 4052; x_wconf 87' lang='lat' dir='ltr'><strong>nosin·</strong></span> 
     </span>
     <span class='ocr_line' id='line_1_38' title="bbox 173 4071 2193 4176; baseline 0.005 -34"><span class='ocrx_word' id='word_1_447' title='bbox 173 4094 268 4142; x_wconf 88' lang='lat' dir='ltr'><strong>mam</strong></span> <span class='ocrx_word' id='word_1_448' title='bbox 291 4080 477 4143; x_wconf 84' lang='lat' dir='ltr'><strong>etcertum</strong></span> <span class='ocrx_word' id='word_1_449' title='bbox 501 4071 779 4143; x_wconf 89' lang='lat' dir='ltr'><strong>consolationem</strong></span> <span class='ocrx_word' id='word_1_450' title='bbox 803 4099 843 4145; x_wconf 87' lang='lat' dir='ltr'><strong>ae</strong></span> <span class='ocrx_word' id='word_1_451' title='bbox 864 4075 1082 4164; x_wconf 88' lang='lat' dir='ltr'><strong>doctrinam,</strong></span> <span class='ocrx_word' id='word_1_452' title='bbox 1115 4081 1160 4149; x_wconf 92' lang='lat' dir='ltr'><strong>de</strong></span> <span class='ocrx_word' id='word_1_453' title='bbox 1212 4083 1334 4175; x_wconf 83' lang='lat' dir='ltr'><strong>digere</strong></span> <span class='ocrx_word' id='word_1_454' title='bbox 1351 4080 1613 4165; x_wconf 90' lang='lat' dir='ltr'><strong>misericordia,</strong></span> <span class='ocrx_word' id='word_1_455' title='bbox 1640 4080 1775 4176; x_wconf 77' lang='lat' dir='ltr'><strong>quiret</strong></span> <span class='ocrx_word' id='word_1_456' title='bbox 1791 4094 1919 4153; x_wconf 89' lang='lat' dir='ltr'><strong>natura</strong></span> <span class='ocrx_word' id='word_1_457' title='bbox 1935 4095 1989 4154; x_wconf 88' lang='lat' dir='ltr'><strong>est</strong></span> <span class='ocrx_word' id='word_1_458' title='bbox 2008 4082 2193 4169; x_wconf 86' lang='lat' dir='ltr'><strong>immunda,</strong></span> 
     </span>
     <span class='ocr_line' id='line_1_39' title="bbox 172 4170 2192 4275; baseline 0.007 -33"><span class='ocrx_word' id='word_1_459' title='bbox 172 4197 259 4243; x_wconf 89' lang='lat' dir='ltr'><strong>vero</strong></span> <span class='ocrx_word' id='word_1_460' title='bbox 282 4174 381 4243; x_wconf 86' lang='lat' dir='ltr'><strong>cultu</strong></span> <span class='ocrx_word' id='word_1_461' title='bbox 397 4170 466 4242; x_wconf 91' lang='lat' dir='ltr'><strong>Dei</strong></span> <span class='ocrx_word' id='word_1_462' title='bbox 486 4194 685 4258; x_wconf 90' lang='lat' dir='ltr'><strong>sumamus,</strong></span> <span class='ocrx_word' id='word_1_463' title='bbox 711 4188 745 4247; x_wconf 90' lang='lat' dir='ltr'><strong>et</strong></span> <span class='ocrx_word' id='word_1_464' title='bbox 767 4190 808 4249; x_wconf 91' lang='lat' dir='ltr'><strong>ut</strong></span> <span class='ocrx_word' id='word_1_465' title='bbox 829 4176 945 4250; x_wconf 90' lang='lat' dir='ltr'><strong>fontes</strong></span> <span class='ocrx_word' id='word_1_466' title='bbox 964 4182 1160 4252; x_wconf 87' lang='lat' dir='ltr'><strong>sententiae</strong></span> <span class='ocrx_word' id='word_1_467' title='bbox 1212 4200 1247 4257; x_wconf 90' lang='lat' dir='ltr'><strong>et</strong></span> <span class='ocrx_word' id='word_1_468' title='bbox 1262 4208 1369 4275; x_wconf 88' lang='lat' dir='ltr'><strong>opera</strong></span> <span class='ocrx_word' id='word_1_469' title='bbox 1387 4183 1681 4268; x_wconf 85' lang='lat' dir='ltr'><strong>suntimmunda,</strong></span> <span class='ocrx_word' id='word_1_470' title='bbox 1695 4195 1729 4255; x_wconf 92' lang='lat' dir='ltr'><strong>et</strong></span> <span class='ocrx_word' id='word_1_471' title='bbox 1743 4183 1969 4256; x_wconf 91' lang='lat' dir='ltr'><strong>sentiendum</strong></span> <span class='ocrx_word' id='word_1_472' title='bbox 1986 4199 2054 4273; x_wconf 90' lang='lat' dir='ltr'><strong>est,</strong></span> <span class='ocrx_word' id='word_1_473' title='bbox 2070 4206 2192 4257; x_wconf 82' lang='lat' dir='ltr'><strong>nasse·</strong></span> 
     </span>
     <span class='ocr_line' id='line_1_40' title="bbox 170 4271 2184 4381; baseline 0.001 -24"><span class='ocrx_word' id='word_1_474' title='bbox 170 4271 277 4345; x_wconf 68' lang='grc' dir='ltr'><strong>Ρὸΰῑῑ</strong></span> <span class='ocrx_word' id='word_1_475' title='bbox 290 4296 553 4364; x_wconf 68' lang='lat' dir='ltr'><strong>e⁰8¹¹⁰⁸⁰³¹¹ss¹¹⁸·</strong></span> <span class='ocrx_word' id='word_1_476' title='bbox 1212 4287 1327 4381; x_wconf 91' lang='lat' dir='ltr'><strong>putari</strong></span> <span class='ocrx_word' id='word_1_477' title='bbox 1343 4285 1455 4358; x_wconf 88' lang='lat' dir='ltr'><strong>iustus</strong></span> <span class='ocrx_word' id='word_1_478' title='bbox 1469 4299 1613 4377; x_wconf 88' lang='lat' dir='ltr'><strong>propter</strong></span> <span class='ocrx_word' id='word_1_479' title='bbox 1625 4281 1807 4358; x_wconf 88' lang='lat' dir='ltr'><strong>Christum</strong></span> <span class='ocrx_word' id='word_1_480' title='bbox 1824 4310 1887 4379; x_wconf 86' lang='lat' dir='ltr'><strong>per</strong></span> <span class='ocrx_word' id='word_1_481' title='bbox 1899 4286 2184 4361; x_wconf 83' lang='lat' dir='ltr'><strong>misericordiam.</strong></span> 
     </span>
    </p>

    <p class='ocr_par' dir='ltr' id='par_1_12' title="bbox 170 4367 2191 4787">
     <span class='ocr_line' id='line_1_41' title="bbox 276 4367 2191 4485; baseline 0.011 -41"><span class='ocrx_word' id='word_1_482' title='bbox 276 4375 336 4451; x_wconf 87' lang='lat' dir='ltr'><strong>ts.</strong></span> <span class='ocrx_word' id='word_1_483' title='bbox 368 4374 459 4445; x_wconf 89' lang='lat' dir='ltr'><strong>Nam</strong></span> <span class='ocrx_word' id='word_1_484' title='bbox 482 4367 568 4445; x_wconf 89' lang='lat' dir='ltr'><strong>hinc</strong></span> <span class='ocrx_word' id='word_1_485' title='bbox 587 4374 738 4470; x_wconf 88' lang='lat' dir='ltr'><strong>intelligi</strong></span> <span class='ocrx_word' id='word_1_486' title='bbox 756 4392 886 4471; x_wconf 91' lang='lat' dir='ltr'><strong>potest,</strong></span> <span class='ocrx_word' id='word_1_487' title='bbox 912 4406 1022 4475; x_wconf 88' lang='lat' dir='ltr'><strong>quare</strong></span> <span class='ocrx_word' id='word_1_488' title='bbox 1037 4386 1160 4456; x_wconf 92' lang='lat' dir='ltr'><strong>doceat</strong></span> <span class='ocrx_word' id='word_1_489' title='bbox 1311 4388 1373 4460; x_wconf 90' lang='grc'><strong>16.</strong></span> <span class='ocrx_word' id='word_1_490' title='bbox 1400 4386 1448 4461; x_wconf 85' lang='lat' dir='ltr'><strong>Et</strong></span> <span class='ocrx_word' id='word_1_491' title='bbox 1457 4381 1543 4457; x_wconf 91' lang='lat' dir='ltr'><strong>haec</strong></span> <span class='ocrx_word' id='word_1_492' title='bbox 1552 4387 1637 4458; x_wconf 85' lang='lat' dir='ltr'><strong>fides</strong></span> <span class='ocrx_word' id='word_1_493' title='bbox 1648 4389 1692 4456; x_wconf 92' lang='lat' dir='ltr'><strong>ad</strong></span> <span class='ocrx_word' id='word_1_494' title='bbox 1701 4410 1888 4480; x_wconf 88' lang='lat' dir='ltr'><strong>personam</strong></span> <span class='ocrx_word' id='word_1_495' title='bbox 1898 4391 2088 4479; x_wconf 87' lang='lat' dir='ltr'><strong>referatur,</strong></span> <span class='ocrx_word' id='word_1_496' title='bbox 2109 4386 2191 4485; x_wconf 69' lang='lat' dir='ltr'><strong>qood</strong></span> 
     </span>
     <span class='ocr_line' id='line_1_42' title="bbox 170 4474 1895 4585; baseline 0.008 -36"><span class='ocrx_word' id='word_1_497' title='bbox 170 4474 325 4563; x_wconf 87' lang='lat' dir='ltr'><strong>Paulus,</strong></span> <span class='ocrx_word' id='word_1_498' title='bbox 356 4478 452 4570; x_wconf 91' lang='lat' dir='ltr'><strong>quod</strong></span> <span class='ocrx_word' id='word_1_499' title='bbox 473 4477 548 4546; x_wconf 92' lang='lat' dir='ltr'><strong>sola</strong></span> <span class='ocrx_word' id='word_1_500' title='bbox 569 4477 637 4549; x_wconf 86' lang='lat' dir='ltr'><strong>tide</strong></span> <span class='ocrx_word' id='word_1_501' title='bbox 658 4480 742 4551; x_wconf 91' lang='lat' dir='ltr'><strong>iusti</strong></span> <span class='ocrx_word' id='word_1_502' title='bbox 764 4497 987 4574; x_wconf 87' lang='lat' dir='ltr'><strong>reputemur,</strong></span> <span class='ocrx_word' id='word_1_503' title='bbox 1016 4486 1160 4573; x_wconf 90' lang='lat' dir='ltr'><strong>scilicet,</strong></span> <span class='ocrx_word' id='word_1_504' title='bbox 1210 4514 1361 4585; x_wconf 87' lang='lat' dir='ltr'><strong>persona</strong></span> <span class='ocrx_word' id='word_1_505' title='bbox 1376 4491 1512 4583; x_wconf 89' lang='lat' dir='ltr'><strong>placeat</strong></span> <span class='ocrx_word' id='word_1_506' title='bbox 1525 4512 1588 4581; x_wconf 87' lang='lat' dir='ltr'><strong>per</strong></span> <span class='ocrx_word' id='word_1_507' title='bbox 1602 4489 1895 4563; x_wconf 88' lang='lat' dir='ltr'><strong>misericordiam.</strong></span> 
     </span>
     <span class='ocr_line' id='line_1_43' title="bbox 172 4578 2187 4689; baseline 0.008 -43"><span class='ocrx_word' id='word_1_508' title='bbox 172 4578 257 4674; x_wconf 91' lang='lat' dir='ltr'><strong>qnia</strong></span> <span class='ocrx_word' id='word_1_509' title='bbox 287 4579 371 4649; x_wconf 90' lang='lat' dir='ltr'><strong>iusti</strong></span> <span class='ocrx_word' id='word_1_510' title='bbox 400 4590 625 4670; x_wconf 91' lang='lat' dir='ltr'><strong>reputamur,</strong></span> <span class='ocrx_word' id='word_1_511' title='bbox 657 4605 733 4652; x_wconf 90' lang='lat' dir='ltr'><strong>non</strong></span> <span class='ocrx_word' id='word_1_512' title='bbox 759 4599 906 4674; x_wconf 88' lang='lat' dir='ltr'><strong>propter</strong></span> <span class='ocrx_word' id='word_1_513' title='bbox 931 4587 1064 4682; x_wconf 87' lang='lat' dir='ltr'><strong>legem,</strong></span> <span class='ocrx_word' id='word_1_514' title='bbox 1097 4591 1158 4659; x_wconf 88' lang='lat' dir='ltr'><strong>sed</strong></span> <span class='ocrx_word' id='word_1_515' title='bbox 1312 4590 1377 4664; x_wconf 87' lang='grc'><strong>17.</strong></span> <span class='ocrx_word' id='word_1_516' title='bbox 1417 4590 1524 4683; x_wconf 90' lang='lat' dir='ltr'><strong>Quod</strong></span> <span class='ocrx_word' id='word_1_517' title='bbox 1548 4587 1681 4661; x_wconf 86' lang='lat' dir='ltr'><strong>Paulus</strong></span> <span class='ocrx_word' id='word_1_518' title='bbox 1707 4592 1814 4664; x_wconf 80' lang='lat' dir='ltr'><strong>dixit:</strong></span> <span class='ocrx_word' id='word_1_519' title='bbox 1846 4587 1968 4665; x_wconf 90' lang='lat' dir='ltr'><strong>Omne</strong></span> <span class='ocrx_word' id='word_1_520' title='bbox 1998 4596 2100 4689; x_wconf 89' lang='lat' dir='ltr'><strong>quod</strong></span> <span class='ocrx_word' id='word_1_521' title='bbox 2128 4612 2187 4663; x_wconf 85' lang='lat' dir='ltr'><strong>nott</strong></span> 
     </span>
     <span class='ocr_line' id='line_1_44' title="bbox 170 4680 2186 4787; baseline 0.004 -35"><span class='ocrx_word' id='word_1_522' title='bbox 170 4695 267 4753; x_wconf 87' lang='lat' dir='ltr'><strong>certo</strong></span> <span class='ocrx_word' id='word_1_523' title='bbox 284 4703 348 4768; x_wconf 87' lang='lat' dir='ltr'><strong>per</strong></span> <span class='ocrx_word' id='word_1_524' title='bbox 362 4680 641 4751; x_wconf 90' lang='lat' dir='ltr'><strong>misericordiam</strong></span> <span class='ocrx_word' id='word_1_525' title='bbox 658 4698 802 4776; x_wconf 90' lang='lat' dir='ltr'><strong>propter</strong></span> <span class='ocrx_word' id='word_1_526' title='bbox 816 4683 1010 4764; x_wconf 85' lang='lat' dir='ltr'><strong>Christum.</strong></span> <span class='ocrx_word' id='word_1_527' title='bbox 1211 4707 1263 4766; x_wconf 81' lang='lat' dir='ltr'><strong>est</strong></span> <span class='ocrx_word' id='word_1_528' title='bbox 1291 4718 1332 4764; x_wconf 81' lang='lat' dir='ltr'><strong>ex</strong></span> <span class='ocrx_word' id='word_1_529' title='bbox 1359 4696 1447 4780; x_wconf 76' lang='lat' dir='ltr'><strong>fide,</strong></span> <span class='ocrx_word' id='word_1_530' title='bbox 1479 4708 1657 4787; x_wconf 84' lang='lat' dir='ltr'><strong>peccatum</strong></span> <span class='ocrx_word' id='word_1_531' title='bbox 1680 4707 1751 4775; x_wconf 86' lang='grc' dir='ltr'><strong>εει,</strong></span> <span class='ocrx_word' id='word_1_532' title='bbox 1784 4694 1889 4766; x_wconf 83' lang='lat' dir='ltr'><strong>fidem</strong></span> <span class='ocrx_word' id='word_1_533' title='bbox 1910 4709 2014 4767; x_wconf 74' lang='lat' dir='ltr'><strong>vocat</strong></span> <span class='ocrx_word' id='word_1_534' title='bbox 2035 4694 2186 4767; x_wconf 78' lang='lat' dir='ltr'><strong>fiduciam</strong></span> 
     </span>
    </p>

    <p class='ocr_par' dir='ltr' id='par_1_13' title="bbox 168 4781 2186 5089">
     <span class='ocr_line' id='line_1_45' title="bbox 276 4781 2186 4883; baseline 0.008 -29"><span class='ocrx_word' id='word_1_535' title='bbox 276 4781 335 4855; x_wconf 82' lang='lat'><strong>14.</strong></span> <span class='ocrx_word' id='word_1_536' title='bbox 369 4781 527 4857; x_wconf 80' lang='lat' dir='ltr'><strong>sienim</strong></span> <span class='ocrx_word' id='word_1_537' title='bbox 549 4806 624 4853; x_wconf 92' lang='lat' dir='ltr'><strong>non</strong></span> <span class='ocrx_word' id='word_1_538' title='bbox 646 4801 792 4876; x_wconf 86' lang='lat' dir='ltr'><strong>propter</strong></span> <span class='ocrx_word' id='word_1_539' title='bbox 812 4788 944 4879; x_wconf 85' lang='lat' dir='ltr'><strong>legem,</strong></span> <span class='ocrx_word' id='word_1_540' title='bbox 970 4793 1030 4861; x_wconf 91' lang='lat' dir='ltr'><strong>sed</strong></span> <span class='ocrx_word' id='word_1_541' title='bbox 1050 4791 1158 4883; x_wconf 88' lang='lat' dir='ltr'><strong>gratis</strong></span> <span class='ocrx_word' id='word_1_542' title='bbox 1210 4795 1494 4880; x_wconf 85' lang='lat' dir='ltr'><strong>misericordiae,</strong></span> <span class='ocrx_word' id='word_1_543' title='bbox 1518 4795 1609 4866; x_wconf 89' lang='lat' dir='ltr'><strong>sicut</strong></span> <span class='ocrx_word' id='word_1_544' title='bbox 1629 4794 1728 4869; x_wconf 88' lang='lat' dir='ltr'><strong>alias.</strong></span> <span class='ocrx_word' id='word_1_545' title='bbox 1778 4794 1861 4867; x_wconf 89' lang='lat' dir='ltr'><strong>Non</strong></span> <span class='ocrx_word' id='word_1_546' title='bbox 1880 4798 2186 4870; x_wconf 80' lang='lat' dir='ltr'><strong>vncotlidcmtstt·</strong></span> 
     </span>
     <span class='ocr_line' id='line_1_46' title="bbox 168 4884 2158 4991; baseline 0.007 -36"><span class='ocrx_word' id='word_1_547' title='bbox 168 4886 452 4979; x_wconf 89' lang='lat' dir='ltr'><strong>pronunciamnr</strong></span> <span class='ocrx_word' id='word_1_548' title='bbox 479 4884 584 4966; x_wconf 89' lang='lat' dir='ltr'><strong>insti,</strong></span> <span class='ocrx_word' id='word_1_549' title='bbox 615 4888 776 4980; x_wconf 90' lang='lat' dir='ltr'><strong>sequitur</strong></span> <span class='ocrx_word' id='word_1_550' title='bbox 803 4913 869 4961; x_wconf 91' lang='lat' dir='ltr'><strong>nos</strong></span> <span class='ocrx_word' id='word_1_551' title='bbox 891 4893 1019 4965; x_wconf 86' lang='lat' dir='ltr'><strong>fiducia</strong></span> <span class='ocrx_word' id='word_1_552' title='bbox 1047 4896 1157 4967; x_wconf 90' lang='lat' dir='ltr'><strong>solius</strong></span> <span class='ocrx_word' id='word_1_553' title='bbox 1209 4910 1285 4969; x_wconf 93' lang='lat' dir='ltr'><strong>tum</strong></span> <span class='ocrx_word' id='word_1_554' title='bbox 1301 4899 1468 4971; x_wconf 81' lang='lat' dir='ltr'><strong>noticiam</strong></span> <span class='ocrx_word' id='word_1_555' title='bbox 1480 4896 1585 4986; x_wconf 87' lang='lat' dir='ltr'><strong>legis,</strong></span> <span class='ocrx_word' id='word_1_556' title='bbox 1608 4909 1671 4968; x_wconf 88' lang='lat' dir='ltr'><strong>aut</strong></span> <span class='ocrx_word' id='word_1_557' title='bbox 1683 4897 1922 4970; x_wconf 90' lang='lat' dir='ltr'><strong>obedientiam</strong></span> <span class='ocrx_word' id='word_1_558' title='bbox 1938 4922 2021 4991; x_wconf 87' lang='lat' dir='ltr'><strong>erga</strong></span> <span class='ocrx_word' id='word_1_559' title='bbox 2039 4899 2158 4991; x_wconf 83' lang='lat' dir='ltr'><strong>legem.</strong></span> 
     </span>
     <span class='ocr_line' id='line_1_47' title="bbox 168 4986 2183 5089; baseline 0.002 -25"><span class='ocrx_word' id='word_1_560' title='bbox 168 4987 432 5060; x_wconf 80' lang='lat' dir='ltr'><strong>misericordiae</strong></span> <span class='ocrx_word' id='word_1_561' title='bbox 448 4986 560 5058; x_wconf 81' lang='lat' dir='ltr'><strong>iustos</strong></span> <span class='ocrx_word' id='word_1_562' title='bbox 572 4988 741 5079; x_wconf 79' lang='lat' dir='ltr'><strong>reputari.</strong></span> <span class='ocrx_word' id='word_1_563' title='bbox 1308 4999 1371 5076; x_wconf 77' lang='lat'><strong>28.</strong></span> <span class='ocrx_word' id='word_1_564' title='bbox 1404 4998 1544 5072; x_wconf 79' lang='lat' dir='ltr'><strong>Netteia</strong></span> <span class='ocrx_word' id='word_1_565' title='bbox 1564 4999 1652 5089; x_wconf 80' lang='lat' dir='ltr'><strong>legis</strong></span> <span class='ocrx_word' id='word_1_566' title='bbox 1672 5012 1724 5070; x_wconf 82' lang='lat' dir='ltr'><strong>est</strong></span> <span class='ocrx_word' id='word_1_567' title='bbox 1746 5000 1872 5087; x_wconf 86' lang='lat' dir='ltr'><strong>timor,</strong></span> <span class='ocrx_word' id='word_1_568' title='bbox 1895 5002 1984 5072; x_wconf 85' lang='lat' dir='ltr'><strong>fides</strong></span> <span class='ocrx_word' id='word_1_569' title='bbox 2004 5016 2124 5075; x_wconf 79' lang='lat' dir='ltr'><strong>sutem</strong></span> <span class='ocrx_word' id='word_1_570' title='bbox 2141 5006 2183 5069; x_wconf 86' lang='lat' dir='ltr'><strong>est</strong></span> 
     </span>
    </p>

    <p class='ocr_par' dir='ltr' id='par_1_14' title="bbox 165 5085 2182 5300">
     <span class='ocr_line' id='line_1_48' title="bbox 272 5085 1622 5182; baseline 0.007 -22"><span class='ocrx_word' id='word_1_571' title='bbox 272 5085 333 5169; x_wconf 77' lang='grc'><strong>16.</strong></span> <span class='ocrx_word' id='word_1_572' title='bbox 367 5086 582 5182; x_wconf 88' lang='lat' dir='ltr'><strong>Quanquam</strong></span> <span class='ocrx_word' id='word_1_573' title='bbox 598 5103 713 5160; x_wconf 91' lang='lat' dir='ltr'><strong>autem</strong></span> <span class='ocrx_word' id='word_1_574' title='bbox 728 5094 916 5182; x_wconf 90' lang='lat' dir='ltr'><strong>promissio</strong></span> <span class='ocrx_word' id='word_1_575' title='bbox 932 5098 1017 5168; x_wconf 90' lang='lat' dir='ltr'><strong>novi</strong></span> <span class='ocrx_word' id='word_1_576' title='bbox 1030 5096 1156 5170; x_wconf 88' lang='lat' dir='ltr'><strong>Testa·</strong></span> <span class='ocrx_word' id='word_1_577' title='bbox 1208 5102 1335 5174; x_wconf 89' lang='lat' dir='ltr'><strong>fidncia</strong></span> <span class='ocrx_word' id='word_1_578' title='bbox 1350 5100 1622 5173; x_wconf 86' lang='lat' dir='ltr'><strong>misericordiae.</strong></span> 
     </span>
     <span class='ocr_line' id='line_1_49' title="bbox 165 5184 2182 5300; baseline 0.007 -41"><span class='ocrx_word' id='word_1_579' title='bbox 165 5192 282 5263; x_wconf 89' lang='lat' dir='ltr'><strong>menti</strong></span> <span class='ocrx_word' id='word_1_580' title='bbox 315 5215 390 5262; x_wconf 92' lang='lat' dir='ltr'><strong>non</strong></span> <span class='ocrx_word' id='word_1_581' title='bbox 427 5184 534 5261; x_wconf 87' lang='lat' dir='ltr'><strong>habet</strong></span> <span class='ocrx_word' id='word_1_582' title='bbox 562 5192 804 5263; x_wconf 88' lang='lat' dir='ltr'><strong>conditionem</strong></span> <span class='ocrx_word' id='word_1_583' title='bbox 836 5196 941 5286; x_wconf 87' lang='lat' dir='ltr'><strong>legis,</strong></span> <span class='ocrx_word' id='word_1_584' title='bbox 987 5213 1154 5293; x_wconf 86' lang='lat' dir='ltr'><strong>tanquam</strong></span> <span class='ocrx_word' id='word_1_585' title='bbox 1305 5204 1366 5276; x_wconf 80' lang='grc'><strong>19.</strong></span> <span class='ocrx_word' id='word_1_586' title='bbox 1400 5203 1484 5274; x_wconf 91' lang='lat' dir='ltr'><strong>ldeo</strong></span> <span class='ocrx_word' id='word_1_587' title='bbox 1508 5216 1624 5273; x_wconf 90' lang='lat' dir='ltr'><strong>autem</strong></span> <span class='ocrx_word' id='word_1_588' title='bbox 1648 5217 1828 5293; x_wconf 88' lang='lat' dir='ltr'><strong>peccatum</strong></span> <span class='ocrx_word' id='word_1_589' title='bbox 1851 5218 1924 5292; x_wconf 88' lang='lat' dir='ltr'><strong>est,</strong></span> <span class='ocrx_word' id='word_1_590' title='bbox 1944 5208 2045 5300; x_wconf 85' lang='lat' dir='ltr'><strong>quod</strong></span> <span class='ocrx_word' id='word_1_591' title='bbox 2070 5202 2182 5278; x_wconf 83' lang='lat' dir='ltr'><strong>nonlt</strong></span> 
     </span>
    </p>
   </div>
   <div class='ocr_carea' id='block_1_3' title="bbox 167 5293 2180 5502">
    <p class='ocr_par' dir='ltr' id='par_1_15' title="bbox 167 5293 2180 5502">
     <span class='ocr_line' id='line_1_50' title="bbox 167 5293 2180 5402; baseline 0.009 -41"><span class='ocrx_word' id='word_1_592' title='bbox 167 5314 329 5378; x_wconf 91' lang='lat' dir='ltr'><strong>cansam,</strong></span> <span class='ocrx_word' id='word_1_593' title='bbox 359 5307 478 5365; x_wconf 90' lang='lat' dir='ltr'><strong>tamen</strong></span> <span class='ocrx_word' id='word_1_594' title='bbox 509 5293 711 5375; x_wconf 82' lang='lat' dir='ltr'><strong>obedientia</strong></span> <span class='ocrx_word' id='word_1_595' title='bbox 742 5320 825 5387; x_wconf 83' lang='lat' dir='ltr'><strong>erga</strong></span> <span class='ocrx_word' id='word_1_596' title='bbox 854 5299 966 5388; x_wconf 87' lang='lat' dir='ltr'><strong>legem</strong></span> <span class='ocrx_word' id='word_1_597' title='bbox 993 5303 1154 5396; x_wconf 90' lang='lat' dir='ltr'><strong>sequitur</strong></span> <span class='ocrx_word' id='word_1_598' title='bbox 1205 5325 1246 5372; x_wconf 82' lang='lat' dir='ltr'><strong>ex</strong></span> <span class='ocrx_word' id='word_1_599' title='bbox 1268 5305 1357 5386; x_wconf 84' lang='lat' dir='ltr'><strong>fide,</strong></span> <span class='ocrx_word' id='word_1_600' title='bbox 1390 5306 1476 5400; x_wconf 90' lang='lat' dir='ltr'><strong>quia</strong></span> <span class='ocrx_word' id='word_1_601' title='bbox 1499 5305 1677 5377; x_wconf 89' lang='lat' dir='ltr'><strong>dubitatio</strong></span> <span class='ocrx_word' id='word_1_602' title='bbox 1691 5305 1927 5380; x_wconf 87' lang='lat' dir='ltr'><strong>conscientiae</strong></span> <span class='ocrx_word' id='word_1_603' title='bbox 1944 5323 1996 5382; x_wconf 89' lang='lat' dir='ltr'><strong>cst</strong></span> <span class='ocrx_word' id='word_1_604' title='bbox 2013 5325 2180 5402; x_wconf 85' lang='lat' dir='ltr'><strong>peccatum</strong></span> 
     </span>
     <span class='ocr_line' id='line_1_51' title="bbox 167 5395 1463 5502; baseline 0.018 -39"><span class='ocrx_word' id='word_1_605' title='bbox 167 5395 458 5485; x_wconf 90' lang='lat' dir='ltr'><strong>promissionem,</strong></span> <span class='ocrx_word' id='word_1_606' title='bbox 491 5407 662 5493; x_wconf 81' lang='lat' dir='ltr'><strong>tanquam</strong></span> <span class='ocrx_word' id='word_1_607' title='bbox 690 5397 853 5490; x_wconf 84' lang='lat' dir='ltr'><strong>effectus,</strong></span> <span class='ocrx_word' id='word_1_608' title='bbox 884 5425 947 5474; x_wconf 91' lang='lat' dir='ltr'><strong>seu</strong></span> <span class='ocrx_word' id='word_1_609' title='bbox 977 5405 1152 5477; x_wconf 82' lang='lat' dir='ltr'><strong>debitum.</strong></span> <span class='ocrx_word' id='word_1_610' title='bbox 1203 5407 1463 5502; x_wconf 80' lang='lat' dir='ltr'><strong>etdesperatio.</strong></span> 
     </span>
    </p>
   </div>
   <div class='ocr_carea' id='block_1_4' title="bbox 0 0 2366 6036">
    <p class='ocr_par' dir='ltr' id='par_1_16' title="bbox 0 0 2366 6036">
     <span class='ocr_line' id='line_1_52' title="bbox 0 0 2366 6036; baseline 0 0"><span class='ocrx_word' id='word_1_611' title='bbox 0 0 2366 6036; x_wconf 95' lang='lat' dir='ltr'><strong> </strong></span> 
     </span>
    </p>
   </div>
  </div>
 </body>
</html>
