4680 6038
136 224 214 307 οο
439 205 445 216 ’
771 202 1035 303 nutarem
1062 206 1520 316 nnnasrnours.
2052 162 2176 312 ‘aaa

135 400 266 484 fibo,
289 424 366 471 non
381 399 497 471 solum
512 386 817 497 inseparabiliter,
850 401 914 471 ted
937 398 988 472 ita
1010 396 1132 487 etiam,
1181 406 1356 471 catorum.
1417 390 1511 471 Vult
1536 392 1646 489 igitur
1667 396 1768 491 argui
1784 395 1916 473 'omnia
1947 412 2108 496 peccata,
2144 408 2181 476 'et
2267 476 2272 491 ..

135 512 180 575 tlt
198 501 270 572 nisi
293 501 343 573 sie
365 507 640 590 sustentaretur,
680 500 743 573 illa
762 520 877 574 massa
904 502 1131 596 prorsus,in-
1181 502 1293 591 legem
1312 500 1471 572 enarrari
1486 501 1525 572 in
1539 500 1738 572 ministerio
1758 504 1974 596 evangelico,
1996 504 2180 599 sicutipse

137 605 275 677 teriret.
1180 600 1379 684 Dominus,
1406 603 1469 699 qui
1488 616 1540 674 est
1556 603 1637 673 linis
1653 617 1688 675 et
1704 605 1881 698 interpres
1896 607 1984 698 legis
1999 606 2179 701 interpre-

242 704 305 778 24.
346 701 426 776 Etsi
451 705 649 798 'exemplum
673 728 820 797 prorsus
843 707 959 779 simile
989 704 1131 779 nullum
1180 718 1276 777 tatur
1288 698 1466 781 ¹Matthaei
1483 701 1519 781 ὑ.
1538 719 1572 777 et
1588 706 1693 792 alibi,
1720 720 1755 779 et
1770 709 1849 780 vult
1866 703 1936 781 hoc
1952 702 2176 781 horrendum

132 820 205 894 est,
230 821 515 879 tamen.vetustas
529 831 591 877 usa
606 821 658 879 est
673 803 738 879 hac
751 809 1008 881 similitudines
1033 808 1133 881 Sicut
1180 819 1362 900 peccatum
1393 808 1571 890 accusari,
1608 809 1705 902 quod
1737 805 1902 881 homines
1930 834 2006 882 non
2039 824 2178 883 norunt

138 904 251 981 hemo
266 922 317 981 est
333 933 446 980 uuum
463 902 739 1005 ὑφιστάμενον,
771 905 906 983 habens
923 911 1081 983 animaru
1098 923 1133 982 et
1180 908 1313 994 lilium,
1340 931 1405 979 nec
1421 911 1572 980 credunt
1592 910 1631 979 in
1656 933 1757 997 eum,
1782 912 1873 985 sicut
1894 912 2030 1008 inquit:
2051 911 2177 1006 ¹Spiri-

140 1035 288 1104 oorpus,
322 1013 370 1081 ita
393 1003 502 1110 λόγος
523 1024 558 1083 et
583 1024 762 1105 assumpta
778 1028 907 1086 natura
921 1027 1133 1087 suntunnm
1183 1024 1240 1082 tus
1262 1024 1384 1101 arguet
1405 1012 1580 1082 mundum
1605 1014 1649 1082 de
1673 1026 1836 1105 peccato,
1874 1017 1970 1109 quod
1998 1038 2073 1086 non
2097 1036 2177 1086 ere·

140 1107 423 1211 ὑφιστάμενον,
449 1138 528 1183 cum
548 1126 702 1203 gestetur
718 1110 873 1187 humana
888 1131 1015 1187 natura
1037 1115 1133 1186 adi·
1182 1114 1274 1184 dunt
1297 1113 1338 1181 in
1362 1136 1430 1184 me.
1496 1110 1728 1185 Manifestum
1753 1128 1805 1186 est
1825 1129 1943 1188 autem
1966 1117 2111 1209 proprie
2134 1117 2174 1188 in

141 1216 239 1286 rina.
291 1213 367 1284 Hac
383 1215 617 1288 similitudine
633 1216 688 1287 nsi
706 1229 790 1288 sunt
805 1212 1036 1304 Athanasius,
1060 1213 1133 1313 cy·
1181 1210 1377 1306 Evangelio
1399 1213 1538 1302 doceri,
1572 1215 1652 1312 quis
1675 1216 1722 1288 sit
1744 1217 1858 1305 lilius,
1896 1230 1931 1288 et
1951 1238 2059 1314 quare
2084 1218 2172 1290 mis·
2235 1255 2245 1269 ··

140 1318 248 1388 rlllus
263 1331 297 1386 et
314 1314 489 1401 lustinus,
515 1318 577 1414 qui
595 1331 714 1389 tamen
735 1319 836 1390 addit
857 1322 1131 1392 correctionems
1181 1339 1242 1388 sus
1262 1317 1319 1390 sit.
1583 1330 1586 1337 “

145 1413 253 1499 Τίνες
277 1411 348 1510 μὲν
375 1414 446 1511 τὴν
477 1417 629 1506 ἕνωσιν,
674 1416 725 1501 ὥς
752 1425 876 1517 ψυχῆς
905 1418 997 1520 πρὸς
1023 1426 1133 1517 σῶμα
1283 1419 1345 1494 st.
1377 1415 1515 1490 Deinde
1531 1421 1607 1491 vult
1622 1434 1657 1492 et
1672 1420 1944 1514 promissionem
1959 1419 2111 1515 gratiae,
2135 1435 2171 1495 et

141 1513 344 1614 νοήσαντες
363 1517 481 1602 οὑτως
505 1515 773 1608 aaronem,
800 1520 864 1595 καὶ
885 1517 1068 1621 άρμόὺιόν
1089 1547 1133 1623 ys
1182 1520 1305 1593 salutis
1321 1533 1484 1591 aeternae
1497 1523 1670 1615 proponi,
1692 1548 1760 1617 qua
1782 1525 1822 1595 lit
1844 1524 2060 1606 consolatio,
2087 1524 2171 1617 quia

142 1619 187 1694 τὸ
201 1614 458 1720 παράδειγμα,
487 1624 518 1695 al
532 1620 661 1719 καὶμὴ
676 1620 774 1697 κατὰ
797 1619 946 1717 πάντα,
978 1622 1133 1725 sortiri
1182 1623 1340 1694 credenti
1360 1636 1458 1693 certo·
1478 1624 1660 1695 donantur
1679 1626 1786 1712 gratis
1810 1641 1956 1717 propter
1977 1626 2091 1697 filium
2112 1646 2173 1696 re·

142 1728 252 1821 γοῦν.
1182 1724 1304 1795 missio
1325 1739 1567 1818 peccatorum,
1599 1727 1785 1818 imputatio
1805 1727 1983 1813 iustitiae,
2014 1726 2171 1821 Spiritus

246 1820 308 1896 26.
340 1821 562 1911 Damnamus
581 1841 616 1900 et
632 1824 839 1925 Eutychen,
871 1830 934 1927 qni
954 1830 1134 1903 conlusio-
1183 1839 1341 1912 sanctus,
1366 1841 1401 1898 et
1416 1822 1613 1898 haereditas
1628 1841 1790 1900 aeternae
1806 1829 1942 1906 salutis.
1978 1824 2077 1900 Haec
2092 1828 2169 1899 sola

132 1948 228 1998 'nem
250 1940 414 1998 naturam
435 1926 557 2018 finxit,
598 1929 689 2004 dixit
707 1932 930 2007 divinitatem
955 1946 1133 2006 mortuam
1184 1930 1252 2000 fale
1280 1927 1527 2018 accipiuntur,
1566 1941 1601 1999 et
1628 1952 1709 1999 cum
1738 1930 1981 2022 accipiuntur,
2012 1929 2171 2023 Spiritus

145 2050 232 2101 esse.
1182 2043 1323 2102 sanetus
1338 2029 1740 2103 exuscitatincordibus
1754 2032 1928 2103 laeticiam
1942 2033 2172 2128 acquiescen-

248 2132 311 2203 26.
345 2128 498 2202 Canitur
514 2153 612 2205 nunc
635 2157 777 2230 quoque
800 2132 839 2205 in
858 2131 996 2206 Graeca
1010 2130 1133 2205 Litur·
1183 2138 1255 2205 tem
1268 2132 1309 2203 in
1323 2131 1418 2218 Deo,
1444 2130 1705 2203 invocationem
1725 2145 1762 2204 et
1784 2133 1871 2204 alias
1890 2133 2057 2219 virtutes,
2075 2132 2170 2203 sieut

143 2231 203 2323 gia
217 2234 374 2324 precatio
389 2232 550 2324 opposita
564 2233 806 2322 samosateno,
829 2231 932 2317 Ario,
956 2234 1133 2316 Nestorio,
1183 2234 1354 2326 seriptum
1371 2247 1441 2305 est:
1476 2232 1658 2305 lustilicati
1673 2233 1741 2303 fide
1760 2256 1881 2325 pacem
1898 2228 2072 2305 habemns
2087 2254 2172 2320 erga

143 2344 182 2405 et
196 2329 373 2429 Eutychi,
396 2330 454 2404 his
468 2335 605 2406 verbis:
631 2333 857 2437 Μονογενὴς
884 2332 967 2418 υἱὸς
984 2332 1048 2409 καὶ
1070 2329 1133 2409 λό-
1182 2333 1312 2410 Deum.
1377 2334 1483 2405 Item:
1524 2331 1719 2405 Effundam
1749 2358 1855 2429 super
1875 2334 2026 2407 domum
2047 2331 2169 2407 David

140 2439 296 2534 yocroci
309 2434 423 2520 θεοῦ,
451 2428 646 2517 ἀθάνατος
660 2431 861 2534 ὑπάρχων,
888 2434 952 2530 καὶ
972 2432 1132 2511 ananie·
1183 2436 1359 2530 Spiritum
1372 2438 1506 2526 gratiae
1522 2449 1557 2506 et
1574 2459 1731 2527 precum.
1763 2436 1765 2441 ’

143 2526 303 2627 ξάμενος
323 2530 386 2606 διὰ
404 2531 475 2627 τὴν
494 2531 676 2634 ἡμετέραν
693 2534 882 2636 σωτηρίαν
898 2538 1133 2636 σαρκοθῆναι
1281 2540 1343 2611 82.
1384 2536 1481 2608 Haec
1508 2538 1599 2607 fiunt
1636 2540 1745 2609 uerbo
1772 2534 1842 2608 Dei
1880 2538 2051 2630 cogitato,
2094 2535 2170 2607 sive

146 2635 187 2709 ἔν
202 2629 269 2728 τὴς
282 2630 416 2733 άγνίας
430 2631 613 2711 θεοτόκον
627 2635 761 2713 saisiri
774 2638 970 2733 παρθένου
982 2635 1132 2736 μορίας,
1183 2639 1331 2723 lectum,
1368 2637 1443 2709 sire
1471 2639 1633 2709 auditum
1664 2639 1721 2713 sit.
1776 2637 1851 2710 Nec
1873 2638 2172 2711 communicatae

145 2732 334 2831 llrpe‘nawc
356 2733 652 2835 ἐνανθριοπὴσας
674 2740 908 2838 σταυρωθείς
931 2769 971 2816 τε
983 2738 1135 2837 χριστὸς
1182 2739 1279 2812 Deus
1295 2741 1334 2809 in
1348 2739 1596 2813 iustificatione
1611 2739 1688 2810 sinc
1704 2763 1768 2811 suo
1789 2741 1921 2827 verbo,
1951 2753 1993 2813 ut
2014 2738 2171 2812 lunatica

146 2833 289 2922 ὑθεὸς,
315 2832 478 2934 θανάτῳ
497 2823 671 2915 θάνατον
695 2838 882 2938 πατήσας,
906 2837 1132 2932 συνὺοξαζὺ·
1183 2842 1417 2916 Stenekleldii
1434 2843 1538 2913 turba
1560 2842 1662 2931 lingit
1683 2842 1835 2913 adllatus
1856 2843 1933 2913 sine
1957 2840 2171 2931 cogitatione

146 2962 257 3114 ἔρνος
269 2944 324 3034 τῷ
339 2937 452 3038 πατρὶ
467 2939 530 3013 καὶ
547 2938 644 3042 ἁγίῳ
657 2939 859 3040 πνεύματι,
884 2948 1009 3019 σῶσον
1021 2941 1133 3041 ἡμᾶς.
1182 2947 1283 3017 verbi
1297 2941 1386 3031 Dei,
1408 2969 1490 3016 cum
1507 2942 1639 3017 Paulus
1661 2967 1821 3036 expresse
1844 2944 1957 3018 dicata
1992 2941 2101 3019 Fides
2127 2964 2171 3017 ex

204 3066 240 3110 m
263 3042 507 3134 precationem
529 3058 622 3116 recte
649 3046 864 3123 intellectam
897 3060 933 3120 et
956 3072 1024 3121 nos
1049 3072 1133 3141 pro·
1182 3049 1307 3120 auditu
1319 3059 1384 3119 est.
2259 3048 2269 3059 '

147 3144 287 3214 bamus.
1284 3148 1345 3220 33.
1375 3142 1426 3218 Et
1440 3146 1585 3240 quidem
1602 3169 1704 3238 saepe
1719 3148 1955 3241 comperimus
1967 3159 2170 3217 monstrosa
2284 3212 2288 3217 .

249 3247 309 3318 2⁷.
336 3245 492 3338 Spiritus
506 3262 659 3333 sanetus,
686 3252 815 3347 dequo
831 3251 978 3322 dicitur:
1003 3246 1133 3322 Effun-
1183 3250 1326 3340 ingenia
1350 3249 1439 3319 falso
1461 3249 1591 3319 iactare
1614 3250 1784 3333 adflatus,
1824 3263 1861 3322 et
1883 3249 1966 3343 quia
1988 3244 2171 3319 domicilia

147 3347 232 3418 dam
260 3346 305 3416 de
329 3346 466 3439 Spiritu
495 3374 574 3419 meo
604 3374 710 3442 super
738 3376 881 3422 omnem
904 3374 1045 3423 carnem
1069 3365 1134 3426 etc.
1183 3365 1266 3423 sunt
1286 3347 1543 3432 Diaboiorum,
1577 3349 1691 3420 furiae
1715 3364 1749 3422 et
1771 3344 1973 3445 ἀλάστορες
1993 3350 2085 3422 finnt
2102 3368 2170 3421 nr·

147 3442 258 3533 itero,
284 3443 364 3523 Act.
378 3451 429 3525 Ως
461 3447 612 3522 Dextera
629 3450 696 3523 Dei
710 3452 899 3537 exaltatus,
926 3453 1134 3546 promissio-
1182 3453 1284 3524 bium
1301 3464 1335 3522 et
1351 3452 1521 3543 gentium.
1556 3449 1663 3522 Tales
1680 3463 1780 3522 erant
1796 3450 2038 3536 Monetarius,
2062 3449 2170 3523 nolti

148 3572 231 3619 nem
240 3548 395 3640 Spiritus
412 3553 524 3621 sancti
542 3553 750 3645 accipieusa
769 3569 888 3645 patre,
914 3557 1041 3627 effudit
1056 3570 1134 3640 etc,
1183 3556 1222 3625 in
1245 3553 1334 3626 urbe
1350 3551 1644 3638 Monasteriensi,
1675 3566 1711 3624 et
1734 3553 1797 3625 alii
1819 3553 1924 3625 multi
1948 3552 2084 3623 similes
2108 3573 2170 3620 ve-

148 3670 225 3721 non
245 3663 298 3722 est
314 3664 429 3722 motus
447 3669 602 3741 creatus,
628 3657 689 3725 sed
708 3669 758 3741 est
775 3650 1034 3754 ὑφιστάμενον
1048 3682 1134 3751 pro·
1182 3670 1298 3728 terum
1334 3655 1480 3727 illorum
1515 3651 1758 3747 Carpocratis,
1805 3653 2022 3741 Marcionis,
2057 3650 2169 3725 utos

149 3754 277 3825 cedens
293 3778 313 3822 a
328 3766 425 3842 patre
439 3767 474 3826 et
490 3756 583 3841 lilio,
607 3749 814 3848 irruptionem
828 3760 919 3849 patri
935 3773 970 3830 et
986 3759 1073 3834 filio.
1183 3757 1259 3831 tani
1286 3770 1354 3831 etc.
2083 3834 2089 3841 .

250 3854 312 3927 28.
345 3853 447 3925 Hanc
466 3858 723 3928 consessionem
747 3861 963 3952 opponimus
984 3885 1059 3932 non
1076 3882 1136 3932 so-
1285 3859 1349 3931 aa.
1382 3856 1539 3954 Utraque
1561 3857 1685 3930 concio
1711 3858 1922 3929 universalis
1944 3871 2014 3944 est,
2046 3856 2171 3929 ooneio

145 3956 224 4028 lum
239 3951 429 4027 Serveticis
445 3971 478 4028 et
496 3956 686 4050 Stancaro,
713 3961 776 4054 qui
791 3962 895 4034 falsas
919 3977 953 4033 et
975 3962 1134 4032 virulen-
1183 3983 1333 4053 arguens
1348 3974 1500 4054 peccata,
1525 3973 1561 4030 et
1576 3959 1760 4052 promissio
1775 3960 1916 4051 gratiae.
1956 3956 2012 4031 De
2027 3971 2171 4050 peccato

146 4070 203 4131 tas
226 4057 422 4128 calumnias
453 4060 497 4128 ‹le
528 4061 659 4131 nostris
681 4057 849 4136 Ecclesiis
882 4063 1033 4156 spargit,
1074 4065 1134 4136 sed
1184 4063 1304 4159 inquit
1318 4061 1452 4134 Paulus
1466 4060 1597 4134 Roma.
1613 4061 1668 4134 8.:
1694 4057 1745 4133 Ut
1763 4082 1870 4131 omne
1893 4082 1933 4131 os
1953 4061 2173 4144 obstruatur,
2228 4063 2232 4071 “

144 4160 256 4233 etiam
271 4158 356 4251 ipsis
370 4156 551 4247 Diabolis,
576 4174 617 4232 ut
633 4164 844 4235 asseveratio
858 4180 980 4238 nostra
1001 4168 1046 4237 ad
1070 4186 1136 4259 po·
1184 4178 1219 4237 et
1234 4187 1315 4236 reus
1329 4165 1374 4236 sit
1389 4176 1486 4235 totos
1499 4164 1654 4236 mundus
1670 4158 1760 4234 Deo.
1808 4159 2010 4257 Promissio
2024 4159 2172 4233 univer·

143 4260 341 4337 Ueritatem
365 4259 548 4349 ostendat,
582 4286 649 4333 nos
679 4278 882 4337 constanter
908 4267 1073 4359 amplecti
1102 4280 1136 4340 et
1184 4266 1267 4337 salis
1285 4278 1355 4337 est:
1395 4263 1524 4336 Venite
1539 4267 1584 4334 ad
1605 4289 1662 4351 sne
1684 4286 1827 4352 omnes,
1859 4262 1922 4361 qui
1943 4258 2120 4351 laboratis·
2136 4274 2172 4331 et

131 4362 305 4451 gretinere
341 4364 543 4458 symbolum
572 4360 839 4457 Apostolicum,
885 4364 1062 4440 Nicenum
1102 4382 1136 4442 et
1184 4367 1323 4439 onerati
1344 4367 1446 4452 estis,
1472 4379 1507 4439 et
1531 4389 1595 4458 ego
1618 4364 1774 4436 reficiam
1796 4390 1870 4441 vos.
1911 4360 1961 4437 Et
1982 4356 2077 4435 nihil
2099 4360 2171 4434 du-

143 4459 447 4540 Athanasianum.
1184 4469 1284 4541 bium
1305 4481 1376 4561 est,
1401 4490 1579 4539 summum
1603 4481 1637 4539 et
1659 4466 1918 4538 severissimum
1945 4477 2172 4559 praeceptum

250 4563 313 4636 29.
347 4564 429 4637 Non
446 4588 550 4652 casu,
574 4590 638 4639 nec
655 4580 793 4639 tantum
817 4570 861 4640 ad
885 4570 1045 4663 ingentes
1067 4569 1136 4639 mi·
1184 4594 1276 4656 esse,
1301 4583 1342 4641 ut
1363 4594 1487 4640 omnes
1508 4563 1672 4639 homines
1693 4566 1840 4643 credant
1863 4568 1937 4639 lilio
1951 4565 2038 4651 Dei,
2061 4560 2171 4637 'insta

144 4666 257 4738 serias
274 4663 381 4737 huius
402 4691 633 4742 aerumnosae
654 4670 747 4741 vitae
769 4671 964 4760 nascimur,
988 4673 1050 4744 sed
1066 4670 1136 4744 im-
1184 4672 1335 4744 dictum:
1359 4670 1515 4764 Spiritus
1527 4684 1649 4762 arguet
1661 4670 1835 4742 mundum
1850 4672 1894 4742 de
1908 4680 2060 4763 peccato,
2074 4664 2172 4759 quod

144 4790 272 4839 mensa
298 4770 455 4840 bonitate
471 4767 567 4839 Deus
586 4783 733 4862 propter
752 4773 886 4864 tilium,
912 4787 947 4846 et
967 4798 1031 4867 per
1054 4796 1136 4844 eum
1184 4798 1258 4844 non
1277 4772 1428 4844 credunt
1444 4774 1483 4842 in
1500 4795 1565 4841 me.

144 4870 287 4960 colligit
316 4885 494 4941 aeternam
525 4866 738 4958 Ecclesiam,
775 4875 869 4945 edita
900 4875 1136 4968 promissione
1287 4872 1350 4946 85.
1389 4870 1592 4966 Utrumque
1622 4862 1842 4944 severissime
1873 4875 2081 4945 mandatum
2111 4884 2174 4956 est,

143 4972 302 5063 gratiae,
342 4996 449 5066 quarn
481 4973 637 5062 ignotam
659 4975 827 5046 omnibus
848 4976 1018 5048 creaturis
1040 4976 1136 5046 lilius
1185 4988 1225 5047 nt
1248 4974 1455 5047 dolentibus
1480 4974 1758 5046 consolationem
1775 4996 2043 5065 proponamus,
2075 4975 2174 5045 iuxta

142 5073 301 5167 protulit
314 5096 355 5142 er
370 5072 451 5145 sinu
472 5073 605 5144 aeterni
620 5076 741 5166 patris.
1184 5073 1420 5168 Evangelium
1436 5078 1480 5148 de
1493 5076 1567 5146 lilio
1583 5075 1669 5157 Dei,
1702 5086 1737 5145 et
1757 5087 1797 5146 ut
1818 5075 1886 5167 ipsi
1906 5074 2054 5146 autliant
2078 5086 2115 5147 et
2136 5094 2175 5143 se

253 5174 315 5244 80.
354 5172 451 5245 ldem
473 5175 568 5246 tilius
588 5171 666 5247 Dei'
682 5173 860 5249 Dominus
890 5192 1013 5249 noster
1037 5176 1136 5251 lesus
1185 5179 1382 5251 sustentent
1397 5174 1821 5269 'cogitationeEvangelii‚
1844 5190 1878 5248 et
1892 5174 2174 5270 repugnentcl'u-

143 5268 314 5351 Christus
331 5275 476 5348 mittens
493 5273 703 5368 Apostolos,
729 5279 829 5351 iubet
844 5301 905 5350 eos
919 5279 960 5349 in
982 5302 1047 5351 suo
1068 5304 1137 5352 no·
1185 5278 1363 5354 bitationi.
1428 5278 1507 5352 Hoc
1531 5302 1611 5349 cum
1634 5276 1788 5358 iaciunt,
1825 5300 1909 5348 vere
1934 5274 2174 5349 trabuntura

142 5376 247 5449 mine
259 5378 461 5470 praedicare
477 5377 733 5472 poenitentiam
747 5380 1040 5456 etremluionem
1053 5404 1137 5478 pec-
1185 5376 1274 5455 lleo.
1316 5379 1408 5455 Nam
1418 5376 1515 5454 Deus
1529 5378 1637 5454 verbo
1652 5372 1881 5466 trahit,„non
1895 5392 1936 5451 ut
1951 5374 2083 5451 herbae
2097 5377 2175 5448 sine
