4680 6038
65 214 144 289 sta
362 216 365 221 ·
737 206 775 287 r.
827 201 1397 290 cunomcoucanroms.
1499 180 1503 185 ’
2022 230 2098 306 01⁸

66 387 203 456 laturos
220 405 318 473 esse,
347 377 526 452 Mantinei
542 380 659 451 exules
679 379 761 451 freti
782 374 849 452 hae
868 402 953 473 pace
969 404 1056 452 con·
1206 380 1454 458 Commoratus
1476 400 1592 461 autom
1612 385 1880 482 Epaminondas
1897 399 1941 468 ad
1964 402 2090 474 urbem

68 486 231 565 veniunt,
257 497 293 555 et
311 479 694 577 patriamMentineam
710 483 907 555 instaurare
922 506 1056 554 conan-
1105 481 1268 577 Spartam
1293 488 1503 583 quatriduo,
1545 514 1625 562 cum
1659 507 1694 565 et
1725 497 1838 568 dilabi
1858 499 2014 573 Arcades
2043 506 2087 576 ad

67 604 138 663 tur·
190 585 322 657 Fuerat
341 597 458 657 autem
474 583 657 656 Mantinea
675 585 862 679 praecipua
882 584 1054 658 urbsAr-
1105 590 1271 679 praedam
1296 589 1431 662 videret
1455 591 1495 663 in
1516 594 1660 684 regione
1682 598 1870 688 opulenta,
1910 600 1948 673 in
1981 626 2089 699 quam

66 690 205 779 cadiae,
232 688 375 760 condita
391 710 411 756 a
426 686 700 782 filioLycaonis,
724 687 824 759 cuius
841 710 972 757 nomen
985 687 1054 760 luit
1104 690 1216 781 spolia
1233 715 1273 760 ex
1289 692 1410 763 multis
1425 695 1589 782 gentibus
1604 713 1767 788 congesta
1785 715 1902 790 erant,
1929 704 2088 783 discessit

65 790 286 863 Mantineus
339 788 440 879 Quae
457 812 537 859 cum
552 788 670 858 vicina
684 805 771 861 esset
781 787 993 875 Laconicae,
1018 802 1053 860 et
1103 788 1248 862 indeed
1265 794 1336 864 alia
1351 795 1481 887 oppida
1508 802 1728 889 occupanda,
1754 804 1893 897 fuitque
1912 805 1950 875 in
1966 804 2087 878 Laco-

64 909 186 968 tamen
210 888 269 988 (ut
292 913 378 982 gens
402 889 574 963 Arcadica
597 890 755 985 inquieta
776 891 863 971 tuit,
897 903 932 961 et
958 914 1052 961 mer·
1101 892 1181 965 nica
1197 905 1268 964 tres
1283 918 1430 970 menses.
1484 896 1621 970 Interea
1630 897 1902 977 Lacedaemonii
1915 903 2084 979 abAthe-

66 995 153 1068 cede
184 992 339 1065 militare
368 987 617 1085 consueverat)
647 1014 749 1084 saepe
782 992 989 1083 adiungeret
1015 1016 1052 1065 se
1101 994 1288 1066 aiensibus
1311 998 1483 1069 auxilium
1505 1002 1723 1092 petiverunt,
1758 1006 1848 1078 lacta
1870 1031 2086 1080 commemo-

65 1093 232 1169 hostibus
257 1093 637 1178 Lacedaemoniorum,
678 1106 712 1164 et
744 1093 842 1166 velut
870 1118 933 1164 arx
962 1109 1052 1167 esset
1100 1097 1238 1167 ratione
1260 1113 1466 1170 mutuorum
1491 1101 1762 1186 beneficiorum,
1795 1120 1830 1178 et
1852 1122 2010 1196 orantes,
2038 1134 2084 1181 sse

63 1195 250 1272 hostilium
268 1196 468 1289 copiamm,
491 1194 818 1267 aLucedaemoniis
835 1219 954 1267 eversa
971 1195 1050 1269 luit.
1099 1191 1186 1284 hos,
1226 1200 1289 1291 qui
1309 1201 1349 1269 in
1371 1203 1533 1273 maximis
1560 1201 1730 1275 Graeciae
1751 1208 1917 1298 periculis
1934 1210 2084 1283 fuissent

63 1298 186 1392 Quare
207 1322 288 1370 cum
311 1299 491 1384 viderent,
524 1319 599 1368 non
618 1297 694 1367 sine
717 1297 875 1388 periculo
897 1296 1048 1368 viciniae
1099 1301 1196 1372 velut
1209 1293 1444 1397 παραστάται
1460 1299 1753 1388 Atheniensium,
1777 1310 1888 1380 deleri
1912 1312 2082 1386 sinerent.

61 1426 141 1474 eam
164 1400 374 1489 instaurari,
401 1397 587 1490 Agesilaus
611 1399 784 1490 impedire
819 1398 1048 1471 instauratio-
1099 1398 1154 1471 lbi
1169 1425 1248 1472 cum
1272 1403 1394 1475 civitas
1408 1401 1546 1491 Attica,
1572 1420 1612 1478 ut
1639 1430 1741 1499 saepe
1762 1410 1867 1497 alias,
1892 1413 2005 1485 oblita
2024 1414 2081 1482 ol-

63 1527 148 1575 nem
170 1514 324 1578 conatus.
338 1514 400 1575 est.
456 1498 616 1573 Accersit
637 1500 746 1590 igitur
765 1522 850 1591 gens
872 1499 1045 1572 Arcadica
1096 1503 1321 1590 fensionnm‚
1344 1505 1449 1575 vellet
1464 1503 1651 1578 Graeciam
1676 1510 1807 1579 salvam
1833 1535 1926 1595 esse,
1958 1515 2081 1585 decre-

64 1600 272 1676 Thebanos.
326 1601 377 1675 lta
392 1626 527 1673 novum
545 1603 678 1673 bellum
695 1602 732 1671 in
752 1599 899 1674 Graecia
922 1626 1047 1674 accen·
1095 1604 1148 1674 vit
1163 1619 1201 1676 ut
1217 1605 1324 1676 misso
1341 1607 1493 1677 exercitu
1503 1606 1775 1681 Lacedaemonii
1792 1612 2081 1688 defenderentur·

63 1731 143 1779 sum
158 1720 221 1787 est,
247 1707 285 1775 in
300 1703 508 1800 quoSparta
522 1728 611 1797 pene
625 1703 787 1776 funditus
802 1705 919 1794 periit.
953 1702 1045 1775 Nam
1095 1702 1197 1778 Misit
1212 1721 1246 1778 et
1261 1704 1457 1799 Dionysius
1475 1706 1617 1780 Siculus
1633 1724 1734 1802 pater
1755 1713 1883 1804 viginti
1905 1716 2080 1803 triremes,

60 1804 345 1901 Epaminondas,
368 1828 473 1899 quem
490 1819 637 1898 propter
649 1805 760 1898 ipsius
774 1806 942 1877 virtutem
958 1807 1043 1877 socii
1067 1804 1070 1809 ’
1094 1805 1132 1875 in
1148 1807 1278 1902 quibus
1292 1808 1399 1877 luisse
1413 1805 1530 1879 Celtas
1546 1824 1581 1882 et
1597 1809 1717 1883 Iberos
1734 1813 2079 1909 narratXenophon.

62 1911 217 1981 libenter
246 1908 503 2002 sequebantur,
545 1907 734 1978 exercitum
766 1908 805 1976 in
832 1906 1045 1978 Laconicam
1094 1903 1144 1980 Et
1173 1910 1317 2002 quidem
1346 1923 1465 2001 postea
1486 1910 1682 2001 plurimum
1704 1917 1878 2006 proluisse
1901 1916 2080 1989 Lacedae·

60 2011 163 2082 duxit
187 2009 421 2105 quadraginta
444 2008 599 2079 millium
628 2007 809 2093 virorum,
850 2022 884 2079 et
910 2022 1041 2080 vastata
1094 2011 1225 2082 moniis
1239 2008 1357 2084 Celtas
1372 2010 1503 2106 inquit.

59 2110 236 2184 Laconica
262 2125 296 2183 et
319 2110 439 2181 multis
455 2109 597 2203 oppidis
617 2109 796 2201 occupatis
818 2110 862 2178 ad
880 2108 1043 2201 Spartam

60 2213 222 2298 accessit,
254 2236 319 2283 nec
341 2225 459 2283 tamen
483 2212 632 2282 fluvium
650 2208 841 2292 Eurotam,
868 2210 931 2303 qui
948 2212 1043 2280 nivi·
1397 2248 1753 2341 Epaminonda,

60 2315 131 2384 bus
154 2315 390 2394 intumuerat,
423 2313 576 2386 transiit.
630 2309 684 2384 Ac
707 2325 827 2383 tantus
850 2326 966 2384 terror
987 2313 1044 2381 in·
1753 2299 1764 2325 ⁹

61 2436 182 2484 cussus
208 2428 259 2484 est
281 2413 482 2506 Spartanis,
520 2429 561 2486 ut
584 2435 703 2483 servos
728 2428 927 2499 armarent,
961 2437 1041 2506 pro·
1196 2412 1387 2508 Postquam
1402 2439 1487 2486 vero
1503 2416 1661 2491 discessit
1682 2417 1913 2490 exLaconica
1929 2414 2078 2512 Epami·

58 2516 165 2585 missa
181 2515 230 2583 eis
253 2516 426 2591 libertate.
477 2512 638 2609 Cumque
659 2514 810 2605 speciem
835 2515 919 2585 iusti
943 2538 1043 2585 erer—
1065 2554 1068 2637 q
1092 2518 1250 2596 nondas,
1291 2515 1457 2609 Spartani
1482 2532 1628 2609 propter
1657 2520 1856 2591 societatem
1877 2515 2078 2591 Athenien-

58 2616 168 2701 citus,
200 2639 258 2685 ser
283 2617 397 2687 millia
421 2630 657 2702 armatorum,
690 2615 729 2684 in
749 2617 837 2687 urbe
859 2612 1044 2706 Agesilaus
1093 2617 1201 2699 sium,
1226 2629 1262 2693 et
1280 2615 1443 2688 instructi
1460 2619 1603 2689 auxiliis
1625 2644 1666 2691 er
1681 2620 1804 2692 Sicilia
1826 2622 1961 2707 missis,
1987 2645 2078 2714 pau·

59 2712 226 2798 haberet,
257 2716 432 2811 disposuit
454 2741 513 2789 eos
538 2716 641 2789 certis
662 2716 767 2798 locis,
802 2716 886 2811 quia
915 2716 1042 2809 Sparta
1092 2716 1193 2787 latim
1216 2717 1345 2810 oppida
1369 2740 1431 2788 sua
1453 2718 1642 2812 recipiunt.
1692 2719 1864 2793 Hoscum
1885 2722 2078 2813 reprimere

58 2817 137 2889 sine
153 2819 339 2890 moenibus
360 2834 445 2890 erat·
495 2814 547 2890 Ea
564 2842 618 2889 res
634 2817 804 2889 deterruit
816 2815 1042 2910 Epaminon·
1093 2815 1247 2889 Arcades
1286 2833 1518 2906 conarentur,
1568 2824 1729 2894 nondum
1761 2821 1843 2894 finis
1876 2823 1945 2894 fuit
1978 2824 2076 2895 belli.

58 2924 163 3006 dam,
186 2943 232 2990 ne
246 2919 546 3013 oppugnationem
563 2931 723 2992 tentaret.
763 2917 1041 3011 NecAgesilaus,
1092 2916 1254 3012 Cumque
1268 2916 1454 3010 Agesilaus
1470 2934 1615 3012 propter
1632 2937 1806 2994 senectam
1826 2925 1956 2995 ducere
1978 2946 2077 2994 exer-

58 3022 125 3093 etsi
142 3022 311 3093 conviciis
328 3023 587 3113 provocabatur
604 3023 648 3090 ad
669 3019 931 3107 dimicandum,
956 3035 1041 3094 tunc
1092 3021 1200 3092 citum
1228 3043 1301 3090 non
1325 3036 1459 3112 posset,
1499 3022 1626 3093 missus
1647 3039 1699 3094 est
1722 3025 1816 3095 lilius
1836 3019 2077 3095 Archidamus

59 3123 241 3194 iudicabat
280 3148 322 3193 ex
354 3123 444 3193 urbe
473 3123 664 3193 exereitum
697 3122 919 3193 educendum
954 3144 1041 3194 esse.
1092 3145 1171 3192 cum
1194 3120 1378 3212 Spartanis
1399 3122 1511 3213 copiis
1533 3135 1568 3193 et
1590 3125 1730 3195 auxiliis
1744 3122 1888 3196 Celticis
1909 3127 2078 3195 adversus

56 3225 241 3298 Steterunt
258 3238 375 3294 autem
390 3224 495 3295 ambo
513 3224 551 3293 in
571 3221 758 3294 contrariis
773 3220 861 3314 ripis
874 3217 1043 3308 Eurotae,
1094 3218 1270 3306 Arcades,
1295 3245 1384 3316 quos
1400 3223 1449 3293 ila
1465 3223 1568 3308 vicit,
1592 3238 1631 3296 ut
1648 3247 1776 3315 magna
1798 3220 1955 3297 hostium
1981 3225 2075 3295 mul·

56 3328 245 3419 Agesilaus
259 3341 293 3398 et
304 3322 593 3418 Epaminondas,
624 3347 697 3394 sese
719 3338 845 3395 mutuo
868 3336 1041 3395 contuen·
1090 3323 1245 3394 titudine
1259 3324 1459 3409 interiecta,
1485 3337 1519 3396 et
1534 3326 1634 3395 nullo
1648 3325 1824 3419 Spartano
1839 3326 1985 3411 amisso,
2008 3350 2076 3396 no·
2165 3332 2168 3337 '

22 3443 129 3514 tes,
155 3445 189 3501 et
205 3430 295 3499 alter
311 3428 456 3498 alterius
472 3427 638 3498 virtutem
657 3424 890 3510 admirantes,
915 3440 950 3497 et
966 3425 1042 3495 for·
1092 3425 1225 3494 minata
1247 3424 1294 3496 sit
1318 3425 1379 3495 illa
1403 3448 1539 3517 pugna:
1582 3422 1750 3521 ἀδακρύς
1771 3423 1886 3522 μαχὴ.
1950 3424 2075 3519 Neque

57 3533 275 3602 tunaevices
296 3530 498 3619 cogitantes.
549 3525 637 3598 Erat
661 3527 757 3597 enim
781 3525 883 3597 triste
904 3539 1042 3617 specta·
1092 3541 1209 3599 tamen
1231 3521 1387 3597 Arcades
1416 3528 1626 3599 tumultuari
1655 3529 1847 3599 desierunt.
1912 3525 2075 3621 Cumque

55 3633 196 3714 culum,
222 3656 303 3703 curn
318 3631 403 3701 anni
418 3629 571 3701 sexcenti
587 3642 702 3701 essent
715 3629 762 3699 ab
770 3625 1041 3699 Heraclidarum
1091 3652 1184 3699 nova
1199 3627 1341 3698 foedera
1356 3626 1518 3699 fecissent
1534 3653 1613 3698 cum
1622 3625 1720 3700 Eleis
1735 3644 1769 3701 et
1783 3629 1875 3710 aliis,
1898 3643 1933 3701 et
1944 3628 2076 3699 deinde

56 3756 168 3824 regno
190 3734 228 3803 in
250 3732 442 3818 Laconica,
469 3755 534 3803 nec
556 3755 715 3825 unquam
738 3729 777 3800 in
799 3752 840 3800 ea
862 3730 1042 3821 conspecti
1091 3728 1247 3801 Arcades
1264 3728 1332 3821 ipsi
1347 3729 1441 3801 inter
1456 3752 1529 3800 sese
1547 3730 1714 3802 disiuncti
1730 3745 1862 3817 essent,
1885 3743 1926 3802 ut
1939 3750 2078 3819 semper

54 3848 176 3908 essent
196 3829 341 3905 hostiles
365 3833 555 3918 exercitus,
580 3855 646 3902 nec
662 3831 826 3902 incendia
844 3844 878 3902 et
892 3832 1042 3924 popula·
1091 3831 1161 3902 fuit
1177 3852 1287 3918 genus
1303 3826 1489 3900 hominum
1508 3830 1708 3925 inquietum
1732 3846 1768 3904 et
1789 3855 1914 3924 rapax,
1938 3844 1973 3901 et
1994 3850 2076 3920 pars

55 3939 176 4010 tiones
188 3937 234 4007 ab
246 3931 409 4007 hostibus
434 3934 484 4004 ibi
505 3936 617 4007 laetae
640 3946 774 4019 essem,
812 3956 909 4004 nnnc
931 3946 1041 4004 totam
1093 3931 1289 4027 (Mantinei
1309 3927 1493 4025 videlicet)
1508 3932 1689 4004 deiecisset
1703 3934 1748 4003 ad
1763 3931 2076 4014 Lacedaemonios,

53 4040 240 4132 regionem
253 4036 310 4108 uri
330 4052 364 4110 et
383 4037 525 4106 vastari.
577 4033 684 4108 Aeut
703 4027 863 4106 Athenae
879 4035 1042 4106 antetri-
1092 4033 1153 4103 alii
1175 4026 1395 4103 eThebanis
1421 4032 1594 4103 auxilinm
1617 4045 1793 4126 peterent,
1828 4046 1863 4103 et
1888 4031 2073 4103 Messanae

53 4142 157 4234 ginta
181 4162 294 4210 anuos
315 4137 497 4209 deditione
517 4139 608 4208 lacta
630 4135 817 4228 imperium
841 4149 877 4208 et
896 4136 1043 4207 liberta-
1092 4134 1303 4205 instauratio
1325 4128 1511 4203 Thebanis
1533 4156 1638 4204 curae
1658 4146 1767 4219 esset,
1799 4133 1906 4204 rediit
1926 4128 2074 4223 Epami·

52 4257 130 4315 tem
156 4242 364 4313 amiserant:
410 4239 460 4310 sic
483 4237 631 4331 Spartae
659 4261 756 4308 nunc
777 4260 866 4329 pene
889 4237 1041 4308 similem
1091 4235 1230 4305 nondas
1245 4233 1283 4303 in
1292 4233 1502 4318 Arcadiam,
1529 4235 1660 4306 ducens
1674 4258 1713 4305 er
1723 4232 1871 4306 Boeotia
1884 4229 2073 4306 etEnboea
2191 4322 2195 4329 .

53 4342 295 4415 calamitatem
307 4365 392 4412 esse.
429 4339 509 4433 lpse
524 4340 628 4411 etiem
642 4337 828 4429 Agesilaus
842 4338 1041 4431 exemplum
1092 4351 1128 4409 et
1151 4331 1366 4407 Thessalicis
1389 4334 1570 4430 equitibus
1593 4336 1788 4408 mediocres
1811 4336 1948 4430 copias,
1987 4354 2074 4427 quas

51 4444 129 4518 fuit
143 4443 402 4513 inconstantiae
422 4452 540 4512 rerum
562 4436 820 4526 humanarum,
846 4439 907 4534 qui
924 4452 958 4511 et
973 4440 1042 4510 llo·
1090 4437 1289 4509 accessione
1308 4437 1486 4508 sociorum
1517 4436 1555 4505 in
1579 4432 1732 4509 Arcadia
1760 4438 1869 4513 auxit.
1935 4433 2075 4504 lamet

54 4545 297 4620 rentissimam
328 4539 479 4633 patriam
507 4554 703 4632 acceperat,
743 4552 778 4611 et
804 4540 1042 4613 formidabilis
1090 4537 1362 4610 Lacedaemonii
1390 4537 1585 4610 mediocres
1612 4539 1730 4631 copias
1752 4534 1952 4619 habebant,
1988 4534 2097 4627 quia-

52 4652 174 4721 fuerat
198 4645 271 4736 regi
286 4642 447 4723 Persico,
481 4654 515 4712 et
529 4663 613 4711 suae
627 4641 749 4711 aetatis
765 4655 911 4733 propter
926 4642 1042 4713 virtu·
1090 4639 1226 4734 equites
1250 4634 1546 4723 Atheniensium,
1581 4652 1616 4710 et
1638 4664 1719 4732 pars
1740 4635 1938 4720 Arcadum,
1963 4632 2074 4704 Man·

52 4765 129 4825 tem
146 4745 408 4820 laudatissimus
425 4745 498 4813 dur
512 4744 646 4827 fuerat,
671 4765 768 4813 nunc
783 4763 889 4811 senex
906 4742 1041 4835 patriae
1090 4741 1178 4811 tinei
1193 4752 1226 4811 et
1243 4734 1375 4825 Acbei,
1396 4742 1440 4810 ad
1456 4761 1517 4809 eos
1530 4754 1756 4811 accesserant.
1807 4735 1942 4810 Eduxit
1963 4736 2074 4825 igitur

53 4855 156 4925 videt
180 4848 345 4920 incendia
370 4863 404 4918 et
426 4843 557 4915 civium
578 4842 715 4915 lunera.
766 4839 905 4914 Proluit
922 4857 1040 4914 tamen
1063 4884 1066 4889 <
1090 4842 1276 4933 Agesilaus
1292 4842 1482 4914 exercitum
1496 4841 1541 4911 ed
1556 4840 1788 4912 Mantineam.
1840 4838 1909 4911 Hic
1924 4833 2073 4929 Epaioi-

54 4953 195 5049 patriae
213 4950 325 5022 animi
338 4949 468 5018 robore
485 4959 520 5017 et
538 4944 700 5018 consilio.
750 4942 834 5014 Non
858 4944 952 5014 enim
975 4946 1041 5015 de·
1090 4945 1229 5014 nondas
1244 4965 1390 5031 sperans
1404 4966 1441 5012 se
1455 4956 1599 5014 nactum
1618 4943 1838 5015 occasionem
1856 4940 1908 5010 rei
1927 4959 2074 5052 magnae

56 5053 170 5129 seruit
184 5054 330 5136 urbem,
361 5065 396 5120 et
410 5047 503 5118 cives
519 5045 681 5120 armavit.
735 5039 885 5116 Etcum
907 5046 1040 5117 exerci-
1089 5043 1339 5137 perficiendae,
1364 5044 1530 5115 videlicet
1552 5046 1776 5133 occupandae
1790 5042 1956 5134 Spartae,
1989 5057 2073 5127 quta

56 5174 135 5231 ¹⁰¹⁰
152 5151 419 5244 ΕΡἢῐῃίιιοῃάίις
435 5148 582 5237 P¹⁰Pius
596 5146 721 5217 urbem
735 5146 900 5228 adduxit,
932 5146 1058 5218 emis-¹
1088 5145 1261 5217 exercitus
1276 5143 1361 5214 inde
1377 5147 1517 5226 eberat,
1543 5144 1673 5214 omisso
1689 5145 1822 5227 praello
1842 5143 1910 5206 iter
1927 5134 2073 5225 suscipit

54 5264 106 5334 sis
123 5257 300 5350 equitibus
317 5264 407 5320 etex
423 5246 561 5314 insidiis
583 5245 728 5312 adortus
743 5240 888 5311 hostiles
907 5248 1040 5333 copias,
1089 5245 1395 5328 vsesusSpartam.
1434 5244 1504 5307 Sed
1521 5259 1558 5305 re
1573 5235 1727 5308 indicata
1744 5236 1934 5310 aCretensi
1950 5237 2075 5320 milite,

55 5379 229 5436 terrorem
246 5355 297 5425 eis
313 5350 476 5434 incussit,
500 5346 802 5437 neprocederent.
977 5366 980 5371 ·
1058 5362 1064 5423 ᾗ
1088 5336 1274 5431 Agesilaus
1292 5339 1385 5411 redit
1404 5336 1569 5430 Spartam
1591 5359 1671 5409 cnm
1697 5338 1771 5410 filio
1797 5335 2017 5413 Archidamo
2037 5351 2073 5409 et
