4680 6038
177 197 255 282 ua
588 166 608 189 ‘
953 186 1435 273 msruutmonus
2134 194 2215 275 uo

192 390 362 468 tanquam
378 369 542 456 fulmine,
566 369 646 444 'cum
660 371 765 442 corda
783 369 926 450 iudicat,
951 380 994 439 ut
1008 367 1180 462 scriptum
1230 367 1280 438 sic
1313 374 1587 450 sustentaretur,
1612 359 1689 436 'illa
1723 384 1837 435 massa
1868 383 2016 457 prorsus
2038 363 2213 442 tumea

195 490 263 547 est:
290 473 446 545 Aculeus
459 473 586 544 mortis
603 487 783 567 peccatum
799 484 860 541 eat.
910 468 1076 543 Potentia
1095 492 1179 540 vero
1228 468 1310 540 Non
1327 469 1423 539 enim
1440 481 1528 538 esset
1548 488 1662 537 unum
1684 457 1963 564 ὑφιστάμενον,
1988 465 2062 538 uisi
2084 465 2137 539 sie
2156 489 2215 560 ge·

195 575 399 670 peccatilex
414 588 475 646 est.
527 573 633 646 Item:
668 574 768 647 Sicut
789 573 844 643 leo
868 570 1039 646 contrivit
1058 572 1179 644 omnia
1228 583 1381 644 staretur
1396 566 1481 641 haec
1497 590 1622 644 massa.

1329 676 1393 746 22.
1427 667 1506 742 Etsi
1520 669 1718 761 exemplum
1733 691 1879 762 prorsus
1892 668 2010 740 simile
2021 675 2214 745 monstrari

298 778 360 852 18.
386 775 457 850 Sed
475 801 549 849 non
566 775 650 848 satie
670 787 723 846 est
744 774 783 844 in
798 771 956 846 Ecclesia
980 774 1092 865 legem
1112 773 1181 844 do·
1228 795 1303 842 non
1317 786 1451 867 potest,
1473 785 1592 843 tamen
1616 783 1771 843 vetustas
1794 794 1857 842 usa
1881 783 1935 844 eat
1958 765 2026 842 hac
2047 770 2214 848 similitu·

193 902 290 960 cere,
326 901 396 973 qua
418 877 516 950 Deus
536 877 698 949 omnium
720 889 859 968 peccata
881 875 1036 962 iudicat,
1073 875 1179 945 etiam
1228 874 1324 946 dine.
1392 870 1479 945 Esse
1509 895 1621 945 unum
1643 864 1920 968 inscriptam,
1950 865 2162 971 τὸνλόγον
2179 890 2212 949 et

192 981 357 1064 illorum,
389 979 451 1072 qui
475 994 557 1052 sunt
579 991 676 1050 extra
695 974 900 1048 Ecclesiam.
957 975 1091 1047 Verum
1116 1001 1180 1046 ne-
1227 977 1425 1047 adsumtam
1455 988 1618 1046 naturam
1643 969 1855 1060 humanam,
1900 973 1991 1045 sicut
2020 968 2135 1046 homo
2163 991 2209 1050 eat

194 1103 289 1151 cesse
310 1070 363 1151 eit
384 1082 526 1170 agnosci
556 1079 670 1149 tilium
693 1078 760 1151 Dei
787 1079 1018 1150 mediatorem
1048 1079 1180 1149 eteius
1227 1098 1338 1146 unum
1361 1073 1636 1171 ὑφιστάμενον,
1678 1069 1815 1145 habens
1843 1073 2000 1143 animam
2020 1088 2058 1147 et
2074 1099 2207 1169 corpus.

192 1181 384 1264 beneficia,
424 1181 515 1252 sicut
542 1194 642 1275 pater
664 1181 824 1251 coelestis
848 1180 991 1250 clamat:
1030 1176 1102 1249 Hic
1122 1195 1179 1250 eet
1227 1175 1303 1247 Hac
1326 1178 1560 1248 similitudine
1580 1176 1637 1247 usi
1665 1191 1750 1247 aunt
1769 1171 2006 1262 Athanasius,
2045 1173 2206 1271 Cyrilln,

74 1328 78 1333 -
193 1282 289 1353 filius
312 1305 410 1352 meus
434 1283 603 1367 dilectus,
628 1276 724 1353 hunc
743 1280 876 1356 audite.
925 1276 975 1351 Et
994 1279 1033 1349 in
1049 1277 1178 1351 Psalm.
1226 1290 1261 1348 et
1276 1277 1434 1350 lustinus
1461 1279 1523 1372 qui
1544 1292 1661 1350 tamen
1687 1278 1789 1348 addit
1808 1276 2085 1348 correctionem:
2120 1276 2205 1363 wie

192 1382 296 1454 dicit:
325 1379 548 1454 Osculamini
570 1383 694 1455 tilium.
745 1379 795 1454 Et
816 1383 855 1451 iu
877 1377 981 1453 Esaia
1007 1379 1176 1474 scriptum
1225 1373 1376 1474 μὲντὴν
1393 1377 1526 1453 ἕνωσιν
1541 1373 1593 1458 ὥς
1609 1382 1733 1474 pugio
1754 1372 1847 1472 πρὸς
1868 1381 1978 1470 σῶμα
1997 1371 2203 1503 vop'ourrar,

193 1496 263 1554 est:
296 1481 434 1554 Noticia
451 1485 544 1553 servi
561 1485 654 1570 mei,
678 1484 781 1569 iusti,
812 1483 1017 1554 iustificabit
1036 1485 1178 1554 multos.
1227 1477 1346 1561 ὅντως
1367 1473 1628 1555 ἐκδεδώκασιν.
1666 1475 1730 1551 καὶ
1754 1471 1938 1574 ἆρμόδιόν
1955 1503 2002 1604 pa
2024 1505 2069 1552 ao
2093 1476 2203 1579 nupi-

190 1580 383 1673 Colligitur
398 1608 480 1674 ergo
495 1581 651 1656 Ecclesia
663 1581 747 1666 Dei,
773 1584 971 1656 ministerio
981 1581 1178 1674 Evangelii,
1225 1576 1380 1680 δειγμα,
1406 1584 1438 1654 et
1452 1578 1516 1654 καὶ
1526 1577 1579 1676 μὴ
1595 1575 1692 1664 κατὰ
1706 1573 1848 1661 πάντα,
1871 1605 1968 1652 κατα
1985 1575 2025 1651 τὶ
2040 1585 2149 1680 γοῦν.

189 1683 230 1753 iu
248 1708 318 1779 quo
333 1697 367 1755 et
378 1686 536 1774 arguitur
551 1699 751 1778 peccatum,
784 1699 819 1755 et
844 1698 1061 1756 monstratur
1083 1686 1177 1756 filius
1324 1686 1389 1759 28.
1421 1682 1555 1754 Causae
1569 1696 1684 1754 autem
1702 1681 1899 1771 cogitentur
1924 1675 2034 1752 huius
2057 1683 2199 1757 mirandi

191 1780 281 1869 Dei,
318 1783 495 1857 Dominus
519 1801 641 1860 noster
664 1785 759 1857 l'esus
779 1781 963 1872 Christos,
1004 1785 1175 1858 immensa
1226 1787 1380 1861 consilii.
1419 1783 1498 1856 Nisi
1513 1786 1692 1855 decretum
1715 1783 1856 1867 luisset,
1887 1795 1928 1853 ut
1951 1805 2069 1855 massa
2090 1807 2134 1856 ex
2151 1809 2198 1878 ge·

190 1885 433 1956 misericordia
448 1888 595 1974 missus,
625 1901 666 1958 ut
688 1901 832 1980 propter
852 1911 932 1958 eum
958 1901 993 1958 et
1016 1911 1080 1978 per
1095 1912 1174 1960 eum
1224 1910 1309 1957 nere
1325 1882 1482 1959 humano
1503 1889 1763 1969 adsumeretur,
1787 1883 1888 1954 etsie
1905 1907 2033 1955 rursus
2056 1886 2196 1959 vivifica·

191 1988 300 2075 gratis
318 1989 514 2058 reddantur
527 1989 632 2059 uobis
648 1988 787 2060 iusticia
804 2002 840 2060 et
855 1989 926 2059 vita
941 2002 1095 2060 aeterna.
1224 2001 1323 2059 retur
1349 1989 1605 2083 perverbum,
1640 2010 1711 2082 quo
1735 1985 1919 2057 conditum
1942 1998 2036 2071 erat,
2068 2011 2196 2078 prorsus

293 2087 352 2157 19.
386 2084 453 2160 Est
466 2087 836 2180 igiturEvaugelium,
860 2089 1075 2182 praedicatio
1089 2114 1175 2180 poc-
1221 2089 1346 2163 fuisset
1372 2092 1565 2163 extinctum
1594 2110 1706 2180 genus
1731 2080 1948 2173 humanum,
1975 2100 2012 2159 et
2032 2089 2196 2185 reliquum

188 2186 378 2273 nitentiae,
405 2204 438 2259 et
452 2191 651 2282 promissio,
678 2214 784 2285 quam
802 2192 893 2262 ratio
909 2214 984 2261 non
998 2204 1096 2263 tenet
1109 2216 1174 2262 ua-
1222 2191 1350 2264 muudi
1366 2192 1545 2285 opificium
1558 2192 1688 2262 trustra
1705 2189 1888 2261 conditum
1901 2201 2008 2261 esset.
2060 2186 2114 2262 lta
2126 2215 2196 2285 pro-

190 2288 371 2369 turaliter,
398 2291 458 2360 sed
474 2293 627 2366 revelata
642 2292 834 2374 divinitus,
860 2293 984 2387 inqua
1000 2289 1098 2365 Deus
1109 2295 1174 2365 ad·
1221 2307 1299 2385 pter
1313 2288 1406 2364 hanc
1420 2316 1570 2364 massam
1586 2291 1840 2363 adsumendam
1855 2302 2019 2362 servatur
2033 2305 2166 2367 natura.

188 2387 361 2460 firmatae
383 2405 529 2484 propter
551 2393 665 2464 filium
687 2394 939 2481 mediatorem,
970 2393 1172 2466 Dominum
1322 2393 1484 2489 Cumque
1518 2395 1692 2464 immensa
1723 2390 1966 2463 misericordia
1999 2392 2193 2485 deprecante

186 2502 350 2560 nostrum
379 2488 496 2562 lesum
523 2488 722 2577 Christum,
762 2494 887 2583 gratis,
925 2518 1001 2565 non
1027 2510 1172 2589 propter
1223 2495 1296 2566 filio
1319 2509 1519 2589 servaretur
1535 2516 1645 2585 genua
1667 2488 1887 2578 humanum,
1918 2507 1953 2564 et
1969 2489 2063 2563 Deua
2085 2506 2188 2565 tamm

187 2587 262 2658 ulla
283 2604 404 2662 nostra
425 2616 552 2683 opera,
583 2608 645 2665 aut
663 2594 812 2665 virtutes
835 2608 974 2666 nostras
994 2597 1171 2669 remittere
1220 2598 1324 2668 vellet
1338 2598 1496 2669 iustitiae
1512 2619 1595 2666 suae
1616 2593 1796 2677 satisfieri,
1822 2594 2038 2684 congruebat
2048 2618 2190 2687 poenam

184 2704 345 2779 peecata,
393 2705 426 2764 et
457 2694 632 2786 imputare
664 2695 839 2767 iusticiam
872 2698 1098 2769 credentibus
1130 2699 1168 2769 in
1220 2699 1373 2790 persolvi
1396 2722 1460 2790 per
1482 2697 1636 2791 aliquem
1661 2697 1700 2764 in
1725 2717 1852 2785 genere
1882 2690 2061 2780 humano,
2096 2719 2134 2765 ac
2157 2710 2190 2765 ut

182 2789 317 2876 filium,
342 2815 382 2863 ac
399 2795 506 2865 simul
523 2795 700 2866 vivificare
714 2819 780 2867 uos
795 2820 859 2888 per
878 2798 1012 2882 filium,
1038 2813 1072 2871 et
1087 2822 1169 2870 sau·
1218 2801 1444 2895 aequivalens
1477 2799 1635 2892 precium
1668 2811 1776 2883 esset,
1820 2797 1860 2868 iu
1893 2791 1989 2866 trane
2019 2818 2189 2888 personam

184 2891 337 2962 ctificare
354 2895 436 2963 dato
450 2894 587 2987 Spiritu
606 2911 748 2983 sancto,
773 2912 807 2968 et
822 2900 935 2969 facere
949 2922 1017 2970 nos
1041 2894 1168 2972 haere·
1218 2912 1330 2992 po'eua
1347 2901 1503 2971 derivata
1520 2913 1582 2974 est.
1632 2895 1706 2969 Nec
1718 2899 1890 2988 potuisset
1905 2898 1998 2967 iram
2013 2897 2089 2968 Dei
2101 2898 2187 2969 susti·

182 2990 245 3060 des
265 2991 357 3064 vitae
371 3009 542 3070 aeternae.
594 2996 690 3069 Haec
709 3000 803 3068 bona
826 3001 946 3070 omnia
966 3002 1167 3094 complexus
1217 3026 1299 3071 nere
1315 3004 1389 3072 sola
1404 3015 1582 3085 ereatura,
1605 3023 1672 3069 nec
1693 3000 1835 3070 vincere
1855 3011 2031 3084 mortem,
2058 3011 2091 3070 et
2104 2998 2185 3069 resti·

181 3104 231 3160 est
247 3090 397 3176 Paulus,
424 3121 503 3169 curn
519 3100 653 3192 inquit:
681 3097 804 3171 Gratia
820 3101 885 3171 Dei
902 3115 937 3172 et
951 3104 1087 3174 donum
1103 3129 1167 3194 per
1216 3115 1314 3175 tuere
1338 3103 1513 3174 iusticiam
1538 3115 1573 3172 et
1592 3100 1713 3174 vitam.
1771 3097 1856 3173 ldeo
1884 3096 1944 3170 hic
1969 3101 2188 3171 redemtoret

180 3195 329 3280 gratiam
360 3199 467 3269 unius
495 3195 651 3271 hominis
686 3199 767 3272 lesu
797 3196 930 3274 Christi
960 3204 999 3273 in
1022 3207 1166 3296 ¹multos
1215 3205 1387 3290 salvator,
1418 3202 1516 3276 Deus
1538 3215 1573 3273 et
1595 3196 1704 3272 homo
1729 3215 1790 3277 eat.
1848 3198 1897 3273 Et
1917 3203 2086 3292 congruit
2107 3196 2187 3270 boue

93 3310 97 3323 '
180 3295 396 3370 exuberavit.
481 3369 491 3381 .
1215 3329 1287 3375 esse
1304 3306 1531 3389 mediatorem
1548 3317 1585 3374 et
1596 3305 1869 3395 deprecatorem,
1893 3302 1957 3396 qui
1971 3302 2072 3373 videt
2084 3316 2187 3394 pettm

279 3398 340 3470 20.
374 3398 543 3471 Mirando
565 3403 715 3473 consilio
737 3404 915 3474 decretum
939 3421 1009 3490 cst,
1041 3420 1082 3478 ut
1105 3402 1165 3479 hie
1214 3407 1492 3498 patrisetcorda
1509 3405 1763 3475 invocantium.
1816 3401 1904 3474 ltem
1920 3416 2073 3475 naturae
2086 3403 2186 3474 omni·

177 3499 351 3567 mediator
365 3501 411 3569 sit
426 3498 522 3570 Deus
538 3517 571 3572 et
587 3499 706 3589 homo,
726 3519 760 3573 et
773 3528 893 3574 causas
908 3507 947 3575 in
961 3520 1034 3578 tota
1049 3522 1164 3579 aeter·
1214 3508 1367 3598 potentis
1382 3521 1451 3593 est,
1474 3506 1613 3578 assidue
1629 3507 1749 3577 adesse
1763 3499 1943 3575 Ecclesiae
1961 3517 1998 3576 et
2020 3529 2099 3577 eam
2116 3528 2185 3597 pro-

174 3597 285 3666 nitate
306 3602 618 3674 considerabimus.
670 3600 833 3674 lnchoari
850 3620 967 3677 tamen
992 3604 1084 3679 hanc
1106 3632 1162 3680 aa·
1212 3621 1339 3698 tegere.
1388 3604 1535 3681 Etcum
1558 3608 1668 3677 verbo
1692 3607 1834 3678 condita
1856 3605 1903 3678 sit
1924 3619 2074 3693 natura,
2104 3606 2182 3701 quod

172 3694 342 3785 pientiam
361 3703 436 3771 vult
450 3698 546 3772 Deus
562 3704 599 3771 in
621 3700 686 3774 bac
703 3707 799 3787 vita,
823 3708 901 3777 vult
920 3731 986 3778 uos
1008 3710 1161 3799 cogitare
1211 3724 1263 3781 est
1278 3711 1392 3801 imago
1407 3707 1540 3781 aeterni
1558 3706 1686 3801 patris,
1710 3730 1833 3779 rursus
1848 3730 1912 3798 per
1935 3708 2091 3778 verbum
2108 3706 2184 3775 vivi·

170 3818 245 3865 non
261 3799 388 3871 trustra
406 3796 472 3871 hoe
487 3804 611 3875 foedus
624 3829 705 3875 cum
719 3820 846 3876 natura
860 3803 1014 3879 humana
1027 3811 1158 3882 tactum
1210 3812 1351 3893 ficetur,
1377 3824 1411 3882 et
1432 3810 1630 3881 restituitur
1651 3810 1690 3877 in
1712 3808 1817 3879 nobis
1835 3809 1952 3899 imago
1966 3808 2056 3883 Dei.
2104 3806 2186 3879 Rae

172 3918 265 3984 esse,
299 3903 377 3972 vult
397 3917 514 3991 gratos
536 3907 711 3975 celebrare
734 3902 830 3976 hunc
850 3930 1026 3982 summum
1056 3935 1159 3982 amo-
1209 3937 1289 3983 cum
1312 3925 1512 3983 reverenter
1533 3909 1750 4000 cogitantur,
1785 3910 1987 3981 accendunt
2008 3909 2187 4001 gratitudi-

172 4022 248 4071 rem
270 4025 349 4091 erga
368 4027 444 4078 nos.
501 4003 592 4077 Cum
615 4007 780 4078 diabolus
803 4002 967 4080 horribili
991 4013 1074 4083 odio
1088 4013 1157 4085 Dei
1208 4037 1289 4084 uem
1305 4029 1339 4086 et
1354 4012 1625 4083 invocationem.

169 4103 350 4173 avulsisset
363 4128 474 4191 genus
490 4102 686 4178 humanum
708 4107 840 4194 aDeo,
867 4124 901 4180 et
927 4113 1064 4185 vicisset
1086 4109 1155 4185 ho·
1307 4114 1370 4190 24.
1402 4112 1631 4187 Considerata
1644 4111 1806 4183 doctriua
1820 4113 1865 4182 de
1887 4134 2042 4203 persona
2065 4114 2185 4184 medis·

170 4202 302 4286 mint&
327 4228 450 4275 rursus
465 4201 532 4278 boc
546 4212 654 4279 modo
675 4212 838 4281 redditur
851 4208 928 4281 Deo
949 4237 1059 4303 genus
1082 4209 1154 4286 hu-
1207 4217 1313 4303 toris,
1351 4216 1520 4285 beneficia
1546 4215 1651 4284 ctiam
1678 4213 1766 4283 scire
1799 4234 1939 4283 necesse
1963 4228 2032 4298 est.
2094 4213 2186 4287 Grati

168 4322 313 4371 manum
327 4307 419 4376 facto
435 4308 593 4387 decreto,
613 4311 760 4381 utfilius
783 4314 981 4386 adsumeret
1002 4340 1152 4386 massam
1203 4340 1433 4408 agnoscamus
1453 4329 1488 4387 et
1510 4315 1726 4386 celebremus
1748 4310 1815 4384 hoc
1835 4316 1958 4404 ingens
1982 4317 2187 4386 mneficiuu

166 4414 315 4517 naturae
331 4398 518 4480 humanae.
568 4407 617 4482 Et
634 4434 757 4481 rursus
778 4438 844 4507 per
866 4410 1047 4485 hominem
1070 4418 1152 4489 vin-
1202 4414 1291 4505 Ilei,
1317 4421 1413 4514 quod
1430 4418 1507 4488 vult
1519 4413 1712 4487 Ecclesiam
1726 4416 1844 4505 colligi
1858 4416 2061 4489 ministerio
2074 4416 2187 4489 Evan-

165 4515 257 4572 citur
271 4507 426 4593 potentia
441 4508 597 4595 diaboli,
617 4512 707 4583 sieut
729 4515 847 4591 statim
870 4515 909 4583 in
933 4519 1045 4606 prima
1066 4544 1151 4611 pro-
1201 4521 1304 4610 gelii,
1337 4519 1469 4591 scilicet
1493 4541 1579 4587 voce
1591 4513 1778 4608 Evangelii
1799 4516 1939 4607 audita,
1979 4540 2042 4590 seu
2059 4520 2186 4592 lectaet

162 4604 331 4676 missione
346 4608 480 4678 dictum
496 4622 565 4681 est:
590 4610 719 4683 Semen
733 4616 891 4686 mulieris
912 4633 1069 4691 conteret
1090 4644 1148 4692 ca·
1200 4623 1370 4712 cogitata,
1401 4620 1484 4715 quia
1508 4640 1666 4710 expresse
1688 4619 1859 4708 scriptum
1887 4632 1957 4687 est:
1995 4617 2185 4709 Quomodo

163 4708 425 4797 P⁰l⁸⁰ft>eutis
1199 4725 1348 4794 audient
1368 4723 1445 4793 sine
1465 4720 1716 4812 praedicante?
1763 4717 1867 4790 ltem:
1894 4717 2014 4808 Quam
2040 4722 2184 4814 speciosi

261 4811 323 4880 at.
357 4807 429 4879 Nec
443 4810 539 4883 adeat
553 4808 701 4883 naturae
716 4807 891 4888 humanae
909 4812 1018 4918 λόγος
1038 4845 1143 4914 φησι
1198 4838 1280 4893 suut
1312 4827 1420 4916 pedes
1439 4818 1766 4911 Evangelizantium
1794 4820 1939 4911 pacem?
1993 4821 2036 4891 ld
2074 4838 2183 4897 auten
2225 4856 2231 4867 ·

158 4905 349 4993 adsumsit,
369 4922 510 4981 tantum
534 4915 720 4997 societate,
745 4915 835 4986 sicut
854 4923 952 4992 adest
965 4918 1143 5008 Abrahae,
1196 4927 1432 4996 ministerium
1448 4924 1651 4993 immediate
1665 4919 1846 4993 inchoavit
1864 4922 1959 4990 fitius
1973 4920 2046 4994 Dei
2069 4919 2181 5023 λόγος,

157 4999 282 5123 laceb,
309 5005 513 5099 Prophetis,
534 5017 625 5085 sicut
641 5013 841 5084 Nestoriaui
858 5021 1051 5109 lingebant:
1079 5027 1140 5093 sed
1194 5027 1376 5115 proferens
1397 5022 1632 5114 Evangelium
1654 5050 1695 5095 cx
1718 5025 1800 5094 sinu
1823 5024 1957 5094 aeterni
1982 5028 2118 5116 patris,
2149 5038 2181 5097 et

154 5128 240 5176 umo
256 5123 307 5178 est
324 5106 540 5204 hypostatica
554 5122 622 5189 τοῦ
644 5108 758 5211 λόγου
782 5133 814 5187 et
838 5115 1012 5194 humanae
1033 5137 1140 5196 natu·
1191 5140 1233 5196 ut
1255 5141 1339 5198 tunc
1362 5127 1468 5198 simul
1496 5140 1529 5196 et
1550 5126 1637 5194 soris
1661 5126 1807 5195 sonabat
1830 5147 1974 5210 vocem,
2012 5143 2054 5200 et
2079 5127 2178 5199 corda

152 5228 211 5275 rae
226 5225 417 5296 assumtae,
451 5228 490 5284 ut
507 5231 661 5303 gestetur
676 5212 830 5287 humana
847 5226 1137 5294 nattaraaverbo
1189 5232 1434 5318 perterrefacta
1476 5227 1676 5296 vivificabat
1720 5238 1922 5297 monstrans
1960 5228 2176 5300 voluntatem

150 5328 222 5376 nou
236 5311 350 5382 solum
368 5314 667 5405 inseparabiliter,
690 5322 750 5388 sed
777 5321 824 5390 ita
849 5325 972 5414 etiam,
997 5342 1038 5399 ut
1065 5326 1133 5398 uisi
1159 5392 1163 5410 ι
1187 5331 1320 5401 aeterni
1339 5332 1465 5423 patris,
1492 5344 1526 5400 et
1542 5328 1697 5420 Spiritus
1711 5341 1851 5399 sanctus
1868 5331 2090 5402 accendebat
2109 5331 2174 5400 tae
