4680 6038
165 229 243 307 845
681 227 839 307 DECL.
877 228 952 308 llll
984 231 1166 309 DlCTO
1193 230 1373 309 PAULI
1398 230 1597 309 EPHES.
1624 233 1688 313 lV.
2128 239 2205 317 stt

164 424 292 473 eornm
314 403 478 489 vulnera,
512 426 603 496 quae
627 405 798 498 paulatim
821 407 1024 480 mitioribus
1048 432 1163 479 reme-
1213 421 1330 500 partes
1345 433 1419 497 non
1436 432 1574 479 sumere
1590 409 1697 479 nobis
1713 409 1820 495 ultro,
1845 413 1905 481 sed
1920 412 2071 500 deletas,
2096 428 2202 510 atque

164 505 237 576 diis
250 506 370 576 sanafi
385 519 546 598 possunt.
1212 512 1395 603 impositas
1410 513 1508 581 salvo
1534 512 1651 581 officio
1666 535 1825 583 recusare
1846 538 1920 584 non
1937 539 2055 606 posse,
2083 542 2203 617 spera-

267 605 323 679 De
347 610 411 680 tali
443 610 562 680 studio
591 612 742 681 tuendae
762 612 1026 685 coniunctionis
1056 617 1159 686 etad
1212 638 1291 683 mus
1315 616 1456 684 veniam
1483 617 1627 684 daturos
1651 615 1776 699 nobis,
1811 632 2076 709 praeceptorum
2099 644 2203 690 man-

166 733 249 781 suos
276 713 369 781 cives
394 707 460 782 hoc
486 714 593 782 modo
619 715 740 784 scribit
755 711 1030 799 Demosthenes,
1059 719 1160 789 cuius
1210 717 1312 797 dato,
1344 731 1385 787 ut
1408 719 1525 801 decet,
1556 717 1852 809 obsequentibus,
1887 734 1921 790 et
1942 745 2007 790 nos
2023 746 2087 812 pro
2103 747 2201 792 more

166 815 274 884 rerba
297 813 451 885 libenter
475 816 603 899 recito,
634 817 718 909 quia
742 821 885 908 prodest
906 820 1075 890 omnibus
1092 846 1158 889 nc·
1210 814 1412 889 scholarum
1452 844 1562 913 pauca
1597 818 1771 905 dicentes,
1812 821 1984 910 patienter
2016 824 2201 895 audituros

166 915 302 986 tissima
325 939 417 986 esse:
442 922 648 1013 παρακαλῶ
670 913 712 991 dd
733 921 943 1006 siccariae,
973 919 1159 1015 σύτυχων
1210 944 1303 1006 esse,
1333 927 1428 1015 quod
1449 924 1593 1015 quidem
1613 922 1717 991 etiam
1738 936 1779 992 ut
1804 925 1953 1005 iaciant,
1988 941 2020 995 et
2050 927 2202 1016 collega-

165 1014 474 1114 αὐτὸςτοιαιίτης
494 1017 783 1117 φιλανθρωπίας
806 1024 881 1117 παῤ
911 1019 1040 1110 ἐνίων,
1076 1024 1154 1098 ἄλλ’
1209 1048 1289 1093 rurn
1312 1049 1493 1110 meorum,
1520 1038 1553 1094 et
1575 1047 1653 1093 meo
1675 1024 1825 1095 nomine
1847 1042 2050 1097 reverenter
2072 1044 2106 1100 et
2123 1028 2202 1099 olfi-

164 1115 307 1201 ἆδίιιως
333 1119 397 1193 καὶ
429 1128 697 1205 στασιαστικῶς
723 1125 773 1204 εἷς
795 1122 864 1220 τὴν
890 1123 1027 1225 ἑτέρων
1043 1121 1158 1223 χάριν
1209 1128 1301 1197 ciose
1318 1143 1412 1218 peto.

164 1219 389 1318 προποθεὶς,
417 1222 496 1296 ἀλλ’
525 1220 612 1297 οὐδὲ
635 1223 704 1319 τὴν
723 1223 826 1300 λιλίαν
850 1225 967 1327 ὀργὴν
992 1228 1157 1325 αἰναπλη-
1308 1227 1487 1300 Constitui
1503 1241 1619 1297 autem
1637 1250 1747 1320 pauca
1764 1230 1880 1299 dicere
1895 1232 1940 1300 de
1957 1232 2089 1321 insigni
2106 1231 2202 1301 dicto

164 1331 246 1419 ρῶν
278 1321 321 1399 τὸ
353 1333 459 1421 κοινῆ
493 1325 687 1423 συμφέρον
717 1325 820 1420 οἶμαι
850 1327 932 1404 δεῖν
962 1325 1154 1428 βλάπτειν,
1208 1329 1312 1400 Pauli
1335 1335 1378 1401 ad
1400 1327 1534 1422 Ephes.
1558 1327 1611 1404 A:
1650 1327 1822 1401 Ascendit
1847 1332 1883 1399 in
1908 1333 2036 1418 altum,
2064 1346 2200 1423 captam

165 1427 252 1501 etita
266 1424 428 1526 μίγνυσι
446 1425 514 1511 τὰς
529 1426 628 1510 ἰδίας
649 1430 790 1528 ἔχθρας
803 1435 852 1514 τίς
867 1430 914 1505 τὰ
936 1441 1043 1531 κοινῆ
1062 1460 1150 1528 oup-
1207 1435 1341 1503 ducens
1372 1435 1631 1526 captivitatem,
1671 1446 1705 1503 et
1733 1435 1832 1503 dedit
1860 1438 1952 1503 dona
1983 1431 2197 1509 hominibus.

162 1527 331 1627 φέροντα
347 1527 477 1619 οὐδὲν,
504 1526 597 1604 ἀλλὰ
614 1531 674 1630 ἔφ’
693 1530 718 1605 ἃ
734 1531 822 1616 τούς
838 1535 971 1620 ἄλλους
985 1564 1154 1634 παρακα-
1207 1532 1262 1606 Ex
1284 1562 1355 1629 quo
1378 1540 1473 1606 dicto
1497 1537 1536 1604 in
1560 1537 1697 1626 magnis
1714 1558 1816 1627 saepe
1836 1537 2021 1607 doloribus
2037 1537 2200 1607 consola-

161 1636 218 1705 to?
226 1685 238 1719 ‚
265 1639 388 1707 ταῦτα
402 1630 515 1716 αὐτὸς
529 1636 654 1728 οἴομαι
665 1632 747 1711 δεῖν
765 1644 917 1733 πρῶτον
931 1644 1061 1714 ποιεῖν.
1114 1641 1155 1711 ld
1207 1638 1339 1708 tionem
1364 1636 1477 1713 hausi.

163 1748 233 1806 est:
259 1733 445 1810 Adhortor
459 1741 547 1809 alios
563 1743 606 1808 ad
623 1742 832 1832 deponenda
847 1744 949 1835 odia,
974 1770 1055 1816 cum
1073 1745 1156 1839 qui·
1308 1740 1466 1833 Sumpsit
1490 1753 1606 1809 antem
1629 1740 1664 1808 id
1682 1739 1813 1810 Paulus
1831 1765 1871 1810 ex
1890 1741 2030 1811 Psalmo
2048 1740 2109 1812 68.
2134 1740 2200 1811 ubi

162 1838 247 1908 dem
258 1840 365 1909 simili
386 1836 606 1913 humanitate
620 1843 724 1915 multi
741 1867 822 1934 erga
838 1871 895 1916 rue
912 1871 986 1918 non
1003 1848 1076 1919 sint
1090 1848 1155 1932 usi,
1207 1844 1390 1932 magnifice
1412 1843 1627 1913 describitur
1651 1842 1827 1932 gloriosus
1859 1841 2062 1935 triumphus
2087 1845 2198 1913 victo-

162 1941 229 2033 qui
252 1966 307 2011 me
332 1944 463 2015 iniuste
485 1960 519 2016 et
541 1945 706 2016 seditiose
728 1947 884 2019 inimicis
907 1951 1156 2043 propinarunt,
1207 1947 1256 2014 ris
1272 1945 1423 2016 Messiae
1437 1946 1584 2016 Domini
1608 1946 1720 2015 nostri
1744 1943 1822 2015 Iesu
1839 1942 1989 2031 Christi,
2017 1945 2199 2016 redeuntis

161 2044 230 2110 sed
254 2042 369 2116 iudico
385 2070 459 2117 non
476 2048 685 2139 explendam
700 2071 774 2118 esse
789 2052 964 2121 vindictae
979 2053 1155 2143 cupidita·
1207 2048 1245 2116 in
1261 2051 1416 2134 coelum,
1439 2062 1519 2137 post
1533 2047 1690 2116 devictos
1703 2042 1838 2117 hostes:

163 2157 337 2216 temtum
361 2151 519 2239 pernicie
562 2149 697 2234 ublica,
731 2174 795 2220 nec
823 2153 959 2243 privata
981 2154 1064 2225 odia
1086 2155 1155 2223 rni-
1307 2149 1413 2221 Hune
1431 2151 1599 2219 victorem
1617 2171 1811 2238 regressum
1827 2151 1864 2217 in
1880 2171 1954 2233 sua,
1980 2147 2046 2219 hoc
2062 2162 2131 2233 est,
2158 2148 2197 2217 in

158 2249 292 2318 scenda
327 2273 401 2318 esse
427 2174 784 2341 negos‘publicis,
821 2256 882 2324 sed
911 2280 969 2326 me
998 2257 1153 2348 primurn
1205 2252 1315 2321 altum
1333 2276 1394 2323 seu
1412 2254 1569 2330 coelum,
1595 2254 1690 2321 unde
1713 2253 1756 2320 ad
1780 2245 1875 2319 hunc
1892 2252 2095 2321 condictum
2115 2274 2196 2319 cnm

160 2341 253 2419 banc
287 2353 587 2437 moderationem,
626 2356 670 2422 ad
706 2378 810 2446 quarn
848 2357 937 2427 alios
969 2353 1152 2441 adhortor,
1206 2348 1366 2424 hostibus
1388 2355 1526 2443 generis
1553 2347 1703 2423 humani
1726 2376 1800 2422 sese
1823 2355 2027 2438 dimiserat,
2055 2368 2133 2444 post
2150 2353 2197 2420 il·

159 2464 339 2540 praestare
359 2457 499 2526 debere.
553 2453 649 2524 Haec
672 2456 734 2526 ille
754 2458 891 2529 civibus
915 2455 1043 2530 Atticis
1068 2485 1154 2530 con·
1206 2458 1274 2523 lam
1291 2482 1455 2548 pompam
1473 2450 1725 2546 triumphalem
1741 2456 1828 2525 dicit
1844 2454 2007 2524 Psalmus
2025 2455 2197 2544 accepisse

159 2553 383 2628 cionabatur.
436 2554 583 2645 Quanto
598 2558 678 2648 plus
693 2572 744 2629 est
759 2557 1017 2632 esseEcclesiae
1031 2563 1155 2646 civem,
1204 2561 1297 2628 dona
1320 2560 1564 2629 distribuenda
1589 2552 1816 2643 hominibus,
1850 2581 1915 2648 pro
1940 2556 2198 2626 consuetudine

160 2653 203 2724 in
214 2680 286 2749 qua
303 2658 396 2726 iilius
409 2655 478 2729 Dei
496 2659 715 2731 severissime
739 2657 806 2732 hoe
827 2667 1035 2735 mandatum
1052 2689 1153 2757 prae·
1203 2661 1463 2753 imperatorum
1482 2654 1800 2750 triumphantium,
1824 2660 1886 2752 qui
1902 2660 2031 2728 reversi
2049 2671 2197 2727 exterra

161 2756 263 2849 cipit:
296 2758 431 2830 Discite
456 2786 475 2831 a
496 2788 569 2848 me,
595 2763 679 2856 quia
702 2763 799 2835 mitis
822 2788 920 2851 sttm,
953 2781 987 2838 et
1006 2762 1154 2838 humilis
1203 2759 1344 2849 hostili,
1377 2763 1563 2853 magnifico
1586 2787 1667 2831 cum
1690 2776 1862 2854 apparatu
1885 2761 2034 2851 ingressi
2058 2760 2197 2841 urbem,

158 2861 279 2931 eorde.
332 2862 407 2934 Has
427 2866 782 2938 commonefactiones
808 2892 887 2938 cum
906 2891 1009 2962 saepe
1027 2871 1152 2942 audia·
1203 2881 1285 2936 ante
1314 2867 1435 2936 omnia
1466 2866 1703 2935 ascendebant
1734 2865 1772 2932 in
1802 2887 1979 2933 summurn
2012 2863 2197 2954 templum,

157 2960 225 3046 tis,
250 2975 286 3034 et
309 2968 467 3057 exempla
494 2983 614 3040 nostra
638 2969 676 3038 in
692 2971 889 3040 tolerandis
909 2972 1052 3043 iniuriis
1066 2997 1154 3044 con·
1202 2969 1266 3037 ubi
1291 2994 1372 3039 curn
1396 2969 1664 3047 sacrificassent,
1698 2956 1878 3061 σωτήρια,
1912 2980 1947 3036 ct
1974 2963 2102 3056 gratias
2118 2959 2195 3033 Deo

155 3064 372 3156 epiciantur,
398 3070 443 3140 sit
456 3064 542 3141 baec
560 3072 673 3142 oratio
691 3072 845 3143 brevior.
890 3072 1023 3146 Precor
1036 3090 1152 3147 autern
1202 3072 1353 3161 egissent
1378 3096 1443 3163 pro
1469 3071 1639 3153 victoria,
1672 3069 1933 3139 distribuebant
1960 3069 2131 3137 donativa
2154 3064 2194 3132 in

156 3180 236 3240 toto
258 3184 398 3260 pectore
420 3171 533 3244 filium
553 3174 617 3244 Dei
632 3171 829 3244 Dominum
850 3190 1013 3247 nostrum
1035 3176 1151 3247 Iesum
1201 3174 1333 3244 milites
1356 3188 1390 3241 et
1412 3172 1589 3261 congiaria
1607 3171 1646 3238 in
1671 3172 1785 3251 cives,
1809 3184 1983 3242 utomnes
2002 3170 2063 3237 illa
2080 3167 2195 3234 victo-

156 3264 363 3354 Cbristum,
390 3288 430 3346 ut
452 3276 597 3360 efficiat,
624 3289 665 3347 ut
682 3300 824 3361 ornnes,
849 3279 911 3370 qui
928 3278 966 3346 in
984 3274 1152 3349 Ecclesiis
1202 3275 1254 3344 ria
1271 3275 1352 3344 laeti
1368 3276 1574 3343 fruerentur
1590 3287 1624 3343 et
1646 3273 1864 3342 iuvarentur.
1914 3267 1967 3338 Ea
1992 3272 2088 3340 dono
2104 3290 2195 3361 qua·

156 3373 290 3446 nostris
304 3376 450 3464 docent,
476 3403 590 3449 tanum
604 3378 675 3449 sint
691 3379 729 3446 in
748 3379 837 3471 ipso.
889 3377 988 3451 Dixi.
1201 3377 1249 3446 lia
1275 3376 1406 3445 fuerint
1428 3389 1463 3445 et
1484 3370 1601 3444 adhuc
1622 3375 1710 3457 sint,
1743 3395 1833 3466 quae
1864 3372 2024 3465 quotidie
2050 3373 2095 3439 ab
2124 3364 2192 3438 hoc

1200 3473 1460 3570 triumphatore
1495 3472 1640 3546 Christo
1682 3474 1968 3557 distribuuntur,
2012 3492 2193 3563 exponens

156 3588 1145 3605 ““““’””““““““”““““”“““””“““”“’““““·“
1200 3582 1393 3672 Apostolus
1416 3577 1550 3648 Paulus
1573 3580 1637 3649 ait:
1671 3575 1730 3647 Ab
1753 3577 1830 3669 ipso
1845 3576 1923 3645 dari
1941 3576 2029 3645 alios
2046 3575 2192 3668 qrridern

153 3726 328 3805 &174⁰
974 3763 1014 3803 m
1043 3742 1126 3804 1559
1200 3680 1411 3803 Apostolos,
1448 3681 1549 3750 alios·
1565 3673 1781 3771 Prophetas,
1820 3679 1909 3747 alios
1937 3674 2194 3794 Evangelistee,

159 3822 335 3855 ww
712 3826 715 3833 ¹
968 3787 1139 3860 sm:
1199 3787 1289 3855 altos
1312 3782 1475 3854 Pastores
1506 3796 1540 3852 et
1565 3783 1759 3872 Doctores,
1794 3805 1885 3874 ποτε
1911 3802 1996 3849 sane
2017 3790 2190 3869 expositio

300 3932 376 4019 De
405 3933 527 4019 dicto
557 3932 700 4023 Pauli
726 3934 894 4050 Ephe&
924 3934 1007 4020 IV·
1197 3885 1651 4080 Zirfffihheersi’pghiifioni
1673 3885 1825 3954 absurda
1851 3882 2077 3978 atmreetiarn
2100 3877 2191 3949 ridi-

225 4090 260 4147 ¹⁰
277 4091 356 4150 0¹²¹·
373 4095 406 4152 Τ·
417 4097 451 4180 Y·
464 4115 491 4167 e·
502 4096 633 4169 ¹⁶⁵·se·2
652 4099 680 4153 tu
694 4098 874 4155 Orationibus
892 4098 1036 4172 posenni·
1049 4118 1075 4169 r·
1092 4097 1150 4154 1⁷6·
1299 4090 1340 4163 Si
1363 4091 1460 4160 enim
1489 4086 1597 4159 huius
1624 4081 1878 4178 triumphantis
1898 4082 2191 4173 magnitudinem,

256 4172 284 4218 ‘¹
308 4164 380 4237 ῬΜ
398 4164 528 4225 R'm'd·
544 4166 637 4225 T'm·
655 4169 756 4242 ΡΜ·
1197 4194 1413 4287 potentiam,
1451 4190 1690 4284 opulentiam,
1733 4187 2010 4273 munificentiam
2045 4195 2191 4275 spectes,

152 4342 404 4415 musonem
436 4342 485 4417 de
518 4343 613 4419 dicti
637 4350 749 4422 Paccii
773 4344 910 4441 Episee.
936 4350 1011 4433 W,
1051 4352 1150 4420 rect·
1196 4284 2190 4490 {3¹ssssTbaffigffiffi'zffissigffiffinisffiffi

149 4448 245 4517 ¹⁰²⁰
270 4441 323 4539 (l-
342 4440 519 4520 2⁰0⁰st
544 4448 673 4545 1559·)
698 4474 723 4523 ⁰
744 4452 795 4524 Ρ·
821 4456 853 4523 Ρ
861 4453 966 4524 “¹⁴³⁰
993 4455 1026 4523 Ε
1033 4449 1109 4539 ⁶⁰?
1116 4477 1148 4525 ⁰·
1197 4495 1653 4580 asseverabamus,
1688 4494 1877 4565 imbecillia
1903 4487 2013 4563 homo
2039 4505 2191 4568 οιιιωιι,

152 4580 345 4687 Quoniam
366 4595 531 4669 iubemur
551 4601 687 4694 aliquid
713 4596 782 4672 hoc
812 4603 890 4672 loco
911 4601 1050 4686 dicere,
1083 4602 1147 4672 etsi
1196 4604 1257 4673 sed
1282 4603 1389 4674 simul
1408 4601 1475 4673 Dei
1508 4601 1625 4688 tilius,
1655 4598 1774 4689 opiter
1795 4610 1831 4667 et
1853 4596 2071 4686 gubernator
2099 4590 2191 4662 coeli

153 4720 223 4767 nos
243 4692 304 4769 hic
326 4700 834 4794 confessusamplissimorum
868 4718 902 4776 et
924 4704 1147 4774 doctissimo·
1195 4719 1230 4776 et
1246 4719 1379 4786 terrae,
1405 4704 1588 4795 possidens
1609 4723 1736 4770 omnes
1757 4694 1943 4771 thesauros
1963 4714 2188 4766 summorum

153 4822 237 4873 rum
251 4801 412 4871 virorum
427 4804 471 4871 ad
486 4803 678 4876 dicendum
693 4806 891 4879 timidiores
904 4807 1041 4892 reddit,
1061 4832 1148 4877 con·
1194 4822 1231 4880 et
1247 4806 1449 4878 coelestium
1473 4808 1661 4877 bonorum.

148 4901 248 4973 scios
269 4902 376 4974 nobie
399 4902 571 4977 infantiae
590 4922 752 4992 nostrae,
786 4933 877 5003 qnae
899 4903 991 5002 nihil
1008 4912 1148 4980 adferre
1297 4909 1396 4999 Quid
1420 4909 1531 4999 igitur
1553 4929 1673 4978 censes
1692 4904 1773 4972 dari
1803 4902 1849 4969 ab
1871 4897 2084 4977 immortali,
2117 4892 2188 4966 nisi

151 5005 433 5098 potestdignurn
447 5009 573 5078 talium
589 5012 792 5082 auditorum
808 5011 1000 5107 sapientia,
1025 5013 1148 5083 enrdi-
1195 5024 1336 5082 aeterna
1363 5012 1483 5082 bona?
1528 5008 1767 5091 aditissimo,
1797 5004 1867 5073 nisi
1886 4998 2129 5093 amplissima?
2168 5020 2189 5066 a

150 5107 257 5179 tione
270 5121 306 5179 et
319 5108 454 5179 iudicio
467 5113 676 5184 confirmato
693 5115 926 5185 maximarum
945 5138 1064 5183 rerum
1078 5138 1146 5184 usn
1196 5111 1272 5186 Deo
1294 5115 1449 5208 deniqne
1471 5113 1540 5183 nisi
1563 5110 1711 5182 divina?
1750 5103 1907 5191 bocest,
1930 5128 1992 5175 sua
2008 5101 2190 5191 magnitu-

150 5223 190 5281 et
203 5209 438 5301 experientia:
466 5225 585 5283 tamen
607 5239 731 5286 rursus
747 5217 850 5308 erigit
867 5241 934 5287 nos
950 5220 1146 5286 eorundem
1195 5217 1332 5288 dineec
1349 5217 1508 5289 bonitate
1524 5216 1696 5284 immensa
1713 5224 1746 5282 et
1763 5209 1905 5279 infinita
1922 5205 2042 5275 bona?

147 5325 334 5405 perspecta
356 5306 558 5387 humanitas
577 5328 613 5387 et
626 5318 801 5412 aequitas,
827 5343 916 5414 quos
938 5344 1018 5391 curn
1034 5315 1148 5391 Scho-
1297 5318 1400 5409 Quae
1421 5319 1531 5409 igitur
1551 5330 1634 5387 sunt
1650 5315 1711 5384 illa
1736 5316 1851 5396 dona,
1876 5333 1967 5403 ροσε
1981 5302 2041 5377 bic
2056 5304 2138 5376 telis
2152 5315 2189 5373 et

146 5413 271 5487 brom
292 5417 587 5493 eomuetudinern
609 5420 749 5508 norint,
781 5435 818 5495 et
837 5422 971 5509 acieot,
1001 5444 1070 5493 nos
1084 5417 1148 5492 bes
1197 5436 1316 5495 tantus
1334 5420 1466 5502 victor,
1491 5435 1563 5492 tam
1585 5416 1791 5502 munificus,
1816 5428 1851 5485 et
1872 5414 1920 5483 ob
1941 5410 2058 5504 ipsum
2071 5406 2187 5477 victo·
