4680 6038
80 240 155 319 ast

772 233 804 313 1.
849 222 1144 311 CHRONICON
1168 221 1417 315 Gaulotus.

2029 251 2105 326 m

173 407 366 484 Undecim:
396 408 442 479 ad
457 406 632 480 excidium
651 403 887 502 lerosolymae
908 408 1061 481 subNa-
1111 397 1285 491 originem
1309 402 1448 490 generis
1473 399 1641 494 bumani,
1675 423 1711 482 et
1730 411 1872 486 divinas
1897 420 2102 508 patefactio·
2191 427 2195 433 '

55 511 359 623 buchodonosqr.
395 607 401 617 ι

173 614 402 708 Septuaginta
418 612 514 684 exilii
525 609 737 706 Babylonici
751 624 831 705 post
844 611 1058 685 destructam

31 802 35 807 ,
70 716 339 811 lerosolymam.
399 778 405 783 .

172 818 337 909 Triginta
363 839 442 887 sex:
469 815 567 887 lesus
583 839 732 907 magnus
748 816 930 904 sacerdos,
955 814 1057 888 cuins

65 924 107 997 fit
122 921 259 994 mentio
274 921 313 989 in
332 914 504 989 Zacharia
520 920 586 992 sub
603 919 708 1015 Cyro.

173 1020 285 1094 Octo:
310 1007 460 1092 loiakim
475 1022 619 1094 absente
637 1035 747 1114 patre.

171 1124 329 1215 Viginti:
360 1120 457 1196 Iesus
472 1146 633 1195 reversus
651 1150 669 1196 a
687 1146 769 1215 rege
784 1121 941 1196 Persico.

170 1226 414 1317 Quadraginta
433 1238 528 1296 octo:
559 1224 709 1297 loiakim
725 1227 865 1302 iterum.

165 1329 306 1420 Viginti
322 1341 356 1400 et
373 1351 484 1399 unus:
510 1326 681 1405 Eliakim.

168 1431 310 1521 Viginti
331 1442 498 1524 quatuor:
526 1426 659 1507 loiada.
745 1438 747 1442 ‘

164 1530 304 1624 Viginti
318 1544 489 1626 quatuor:
518 1528 681 1605 loatban.

166 1631 315 1705 Decem:
342 1633 478 1707 laddua
494 1635 560 1704 sub
577 1631 794 1708 Alexandro.

61 1734 93 1810 S
102 1750 248 1808 ummo
280 1759 458 1807 annorum
488 1737 533 1806 ad
564 1733 808 1809 Alexandrum
841 1759 954 1832 nsque
982 1733 1050 1808 ttia

10 1876 16 1889 ·
60 1841 178 1912 millia
194 1839 378 1933 quingenti
398 1838 597 1928 octuaginta
617 1854 782 1935 quatuor.
862 1833 869 1846 ⁴

166 1941 304 2032 Viginti
319 1952 467 2032 septem:
495 1936 612 2012 Onias
631 1944 781 2033 priscus.

161 2040 368 2115 Tredecim:
396 2038 526 2113 Simon
547 2043 704 2134 priscus,
730 2043 926 2115 celebratus
946 2063 967 2113 a
991 2039 1048 2112 Si·

10 2144 12 2167 ²
59 2144 192 2222 racide.

10 2244 24 2283 ⁸
165 2248 323 2337 Viginti:
348 2242 506 2317 Eleasar.
623 2249 629 2258 '

35 2346 39 2351 ’
163 2348 302 2438 Viginti
320 2346 691 2439 septemsManasses.

165 2449 302 2538 Viginti
317 2463 413 2520 octo:
440 2446 568 2519 Simon
585 2447 713 2523 luctus.

164 2551 328 2639 Triginta
343 2572 490 2618 novem:
518 2542 674 2621 Orias
697 2549 792 2621 filius
806 2547 911 2636 eius,
936 2549 1048 2620 inter-

10 2690 19 2753 ·,
57 2651 170 2723 iectus
185 2654 229 2721 ab
244 2648 473 2735 Andronico,
497 2653 672 2743 praefecto
683 2647 914 2733 Antiochiae,
941 2674 1046 2744 quem

10 2812 13 2817 .
34 2832 38 2839 ι
57 2755 208 2846 pecunia
228 2767 434 2844 corruperat
455 2750 642 2825 Menelaus
669 2756 715 2823 ad
747 2750 882 2824 Oniam
910 2752 1046 2825 interfi-

57 2852 237 2939 ciendum,
259 2868 299 2926 ut
313 2854 388 2945 ipse
397 2853 584 2925 Menelaus
592 2857 836 2947 pontificatum
851 2866 1045 2946 occuparet

109 2992 112 2999 ⁴
161 2955 260 3028 Anni
284 2957 458 3050 quinque:
485 2950 636 3026 Indos
661 2951 987 3028 Maccabaetes.

160 3058 419 3130 Novendecim:
444 3051 703 3129 Ionathas.

162 3156 270 3231 Octo:
304 3156 465 3228 Simon
488 3161 598 3230 irater
622 3158 731 3230 ludae
755 3158 970 3232 Maccabaei.

104 3262 109 3267 '
162 3261 297 3351 Viginti
312 3284 386 3330 sex:
413 3258 565 3330 loannes
580 3258 772 3333 Hircanus.

157 3362 295 3436 Unicus
308 3385 439 3432 annus:
467 3359 708 3437 AristobuluS.

158 3465 298 3554 Viginti
313 3479 461 3554 septem:
487 3463 704 3538 Alexander.

71 3634 80 3651 ,
156 3565 310 3636 Novem:
339 3562 554 3638 Alexandra.

158 3667 323 3756 Triginta
342 3681 509 3761 quatuor:
534 3665 713 3738 Hircanus
730 3666 888 3738 ultimus.

158 3769 325 3860 Triginta
341 3783 493 3861 septem:
519 3764 676 3839 Herod
681 3792 734 3839 es.
785 3766 896 3840 Natus
913 3781 963 3838 est
979 3790 1041 3839 au·

50 3887 126 3944 tem
149 3863 186 3941 C
190 3866 374 3942 hristus
399 3894 494 3940 anno
517 3871 578 3946 30.
593 3870 759 3944 Herodis.

155 3974 259 4044 lianc
284 3969 449 4043 Philonis
471 3973 638 4043 tabellam
661 3974 804 4058 addidi,
836 3994 1040 4065 quanquam

47 4091 199 4168 propter
214 4079 413 4166 interregna
425 4076 554 4148 desunt
568 4075 654 4145 anni
669 4075 817 4169 aliquot.
870 4070 941 4159 Sed
957 4097 1042 4166 pro·

45 4191 131 4271 pter
161 4176 351 4249 Philonem
392 4192 427 4249 et
465 4192 609 4268 propter
642 4178 768 4246 seriem
807 4170 1040 4246 historiarum

46 4281 195 4373 prodest
228 4280 395 4352 studiosis
417 4292 451 4386 et
477 4273 568 4350 hanc
595 4279 762 4351 tabellam
788 4278 826 4348 in
849 4290 1037 4370 conspectu

48 4404 136 4454 cese.

217 4628 223 4637 ⁵
337 4650 504 4736 Liber
541 4650 756 4762 prinus,

47 4828 115 4918 qui
148 4818 410 4912 complectitur
443 4811 518 4886 duo
550 4815 674 4887 millio
702 4831 904 4898 aamercort,
946 4809 1037 4886 inde

223 5000 237 5023 ·
296 4940 414 5015 usque
440 4913 488 4989 ab
513 4920 624 4989 initio
647 4914 792 4991 muntii.

1110 523 1195 588 nes,
1221 514 1256 573 et
1270 506 1474 577 testimonia
1489 510 1785 608 patefactionum,
1812 530 1847 587 et
1861 543 1951 611 quae
1966 523 2100 594 doctri-

1109 626 1174 690 na,
1200 617 1237 676 et
1259 610 1440 698 quomodo
1465 626 1657 704 propagata
1674 616 1731 691 sit.
1783 616 1871 692 Vult
1894 623 1975 694 sciri
1993 639 2100 715 certo,

1107 705 1188 777 ideo
1222 708 1408 780 conditum
1439 733 1513 783 esse
1544 735 1655 804 genus
1686 713 1902 809 humanum,
1940 739 1981 798 ut
2015 728 2100 810 inde

1106 822 1249 879 aeterna
1273 806 1433 883 Ecclesia
1459 814 1658 906 colligatur.
1710 817 1800 893 Vult
1822 837 1856 894 et
1877 849 1998 898 causas
2015 831 2098 900 sciri

1106 910 1346 981 calamitatum
1372 907 1628 1006 humanarum,
1660 933 1695 994 et
1716 926 1863 1011 mortis,
1897 940 1931 999 et
1954 933 2097 1020 agnosci

1103 1010 1239 1098 filium,
1275 1037 1468 1108 perquem
1492 1019 1726 1093 liberabimur
1752 1026 1797 1095 ab
1823 1023 1878 1096 his
1907 1033 2028 1114 malis,
2061 1048 2098 1106 et
2126 1064 2129 1069 ·

1103 1115 1339 1187 restituentur
1363 1117 1502 1190 iusticia
1520 1136 1553 1193 et
1568 1124 1640 1195 vita
1665 1139 1820 1200 aeterna.
1870 1127 1924 1199 De
1938 1128 1995 1203 bis
2015 1149 2096 1204 tan·

1102 1216 1149 1288 tis
1175 1218 1283 1288 rebus
1303 1233 1345 1290 ut
1367 1221 1454 1293 certi
1481 1245 1650 1307 essemus,
1684 1230 1770 1297 anni
1794 1244 1906 1301 metae
1932 1234 1972 1302 in
1994 1252 2095 1308 motu
2212 1288 2215 1293 ·

972 1340 995 1421 J
1102 1316 1197 1391 Solis
1220 1320 1434 1393 constitutae
1456 1338 1560 1412 sunt,
1587 1341 1622 1397 et
1643 1330 1768 1418 primis
1794 1334 1956 1423 patribus
1975 1348 2095 1408 osten-

1100 1434 1274 1506 saesnnt,
1302 1435 1336 1494 et
1354 1424 1392 1492 in
1409 1427 1571 1499 doctrina
1589 1431 1785 1520 primorum
1807 1449 1969 1526 patrum,
1998 1440 2094 1508 divi·
2199 1514 2203 1519 ,

1100 1522 1198 1597 nitus
1214 1526 1354 1609 tradita,
1375 1549 1554 1599 annorum
1571 1532 1677 1602 series
1693 1534 1883 1622 diligenter
1898 1541 2092 1631 perscripta

1100 1639 1162 1696 est.
1211 1623 1262 1698 Et
1284 1627 1425 1701 addidit
1449 1625 1580 1701 Deus
1603 1635 1770 1705 omnibus
1802 1641 2023 1730 temporibus
2045 1644 2091 1712 il·

1098 1727 1222 1798 lustria
1247 1731 1468 1812 testimonia,
1504 1757 1595 1825 quae
1619 1742 1831 1824 ostendunt,
1856 1764 1932 1810 eam
1956 1745 2091 1814 doctri-

1098 1852 1180 1898 nam
1208 1855 1228 1900 a
1251 1832 1379 1920 primis
1405 1835 1566 1922 patribus
1590 1841 1830 1909 transmissam
1853 1845 1898 1911 ad
1921 1859 2090 1934 posteros,

1097 1954 1215 2001 veram
1231 1947 1267 2005 et
1283 1956 1358 2002 non
1374 1934 1571 2004 fabulosam
1588 1956 1673 2010 esse.
1721 1939 1816 2012 Huic
1834 1944 2017 2016 doctrinae
2032 1949 2090 2016 di-

1096 2033 1232 2105 vinitus
1255 2035 1405 2105 traditae
1435 2038 1480 2105 de
1503 2037 1617 2108 initiis
1640 2044 1765 2111 mundi
1792 2058 1826 2114 ct
1855 2048 1995 2135 generis
2018 2044 2088 2119 bu-

1096 2136 1211 2217 mani,
1244 2149 1279 2207 et
1311 2139 1356 2206 de
1376 2138 1673 2228 patefactionibus
1701 2144 1852 2232 divinis,
1886 2164 2088 2221 constanter

1100 2237 1344 2311 assentiamur.

1199 2336 1389 2411 Sumamus
1413 2340 1586 2432 igiturex
1613 2343 1730 2434 primo
1753 2347 1847 2418 libro
1866 2347 1975 2421 Moisi
2003 2374 2088 2421 nar·

1094 2438 1250 2511 rationes
1266 2442 1310 2510 de
1331 2445 1510 2515 creatione
1523 2445 1651 2514 mnndi
1666 2459 1701 2516 et
1722 2443 1931 2541 bominum,
1957 2454 2002 2523 de
2019 2447 2087 2523 bo·

1093 2540 1234 2611 minum
1256 2542 1357 2633 lapsu
1385 2558 1419 2616 et
1443 2546 1556 2615 causis
1580 2546 1842 2636 calamitatum,
1873 2552 1917 2622 de
1940 2555 2084 2624 restitu-

1093 2641 1192 2712 tione
1208 2638 1385 2714 Ecclesiae
1399 2659 1479 2738 post
1494 2647 1651 2737 lapsum,
1678 2663 1712 2721 et
1730 2652 1775 2720 de
1802 2676 1978 2725 annorum
1994 2656 2085 2725 serie

1092 2756 1127 2813 et
1151 2743 1352 2816 firmissima
1383 2748 1587 2819 assensione
1614 2771 1671 2819 eas
1688 2753 1960 2843 amplectamur.
2010 2754 2083 2827 Nec

1092 2845 1181 2916 alias
1203 2845 1497 2937 imaginationes,
1530 2851 1604 2921 sive
1630 2851 1846 2940 Democriti,
1874 2857 2084 2930 sivePlato-
2177 2922 2188 2943 ,
2258 2921 2263 2929 .

1092 2947 1170 3032 nis,
1211 2948 1285 3016 sive
1318 2946 1523 3023 Aristotelis
1551 2953 1800 3031 anteferamus.
1860 2954 1984 3052 ltaque
2015 2955 2083 3029 hae

1090 3071 1146 3118 res
1169 3049 1341 3121 maximae
1364 3051 1470 3122 initio
1492 3067 1589 3124 actae
1610 3068 1713 3141 sunt,
1739 3080 1826 3152 quas
1849 3056 1946 3130 Deus
1967 3062 2082 3132 voluit
2164 3095 2169 3103 ·

1090 3163 1193 3219 notas
1211 3172 1301 3219 esse:

1141 3247 1171 3324 l.
1209 3248 1351 3321 Creatio
1368 3255 1495 3324 mundi
1513 3267 1547 3325 et
1563 3248 1767 3328 hominum.

1141 3348 1189 3424 lt.
1225 3349 1405 3423 Institutio
1421 3351 1601 3427 Ecclesiae
1617 3372 1651 3427 et
1665 3360 1834 3450 coniugii.

1141 3450 1208 3527 tlt.
1235 3451 1380 3524 Certum
1412 3480 1522 3546 opus,
1577 3463 1672 3552 quod
1715 3477 1806 3534 esset
1836 3464 2085 3538 testimonium·

1248 3556 1482 3631 obedientiae.

1139 3654 1204 3731 lv.
1230 3655 1412 3729 Institutio
1428 3659 1590 3729 dominii.

1141 3755 1185 3829 V.
1220 3757 1376 3850 lapsus,
1403 3783 1505 3831 causa
1521 3761 1646 3833 mortis
1662 3777 1695 3836 et
1713 3766 1963 3839 calamitatum.

1140 3857 1203 3930 Vl.
1227 3857 1421 3932 Restitutio
1447 3860 1646 3949 Ecclesiae,
1681 3879 1716 3936 et
1741 3891 1875 3958 poenae
1891 3869 2076 3958 mitigatio.

1139 3957 1224 4035 Vll.
1256 3959 1377 4033 Prima
1398 3965 1636 4056 promulgatio
1659 3969 1904 4056 promissionis
1924 3973 1969 4040 de
1995 3969 2076 4042 Sal-

1241 4076 1375 4150 vatore,
1397 4066 1582 4139 reddituro
1599 4067 1772 4136 iusticiam
1789 4078 1825 4141 et
1839 4072 1947 4141 vitam
1962 4084 2076 4141 aeter·

1240 4187 1340 4234 narn:
1367 4161 1523 4237 Samen
1544 4163 1761 4240 mulieris
1779 4180 1978 4242 conteret
2000 4196 2073 4242 ca·

1239 4273 1322 4359 put
1343 4267 1589 4364 serpentis.

1188 4362 1327 4438 Harum
1358 4371 1592 4444 maximarum
1620 4396 1739 4444 rerum
1765 4376 2002 4465 cognitionem
2034 4379 2071 4446 in

1086 4459 1246 4539 Ecclesia
1276 4472 1508 4543 necessariam
1540 4496 1614 4545 esse
1644 4499 1718 4545 non
1750 4478 1903 4548 dubium
1924 4493 2007 4564 ¹est,
2041 4492 2075 4551 et

1086 4581 1220 4663 quanta
1242 4570 1289 4643 sit
1310 4574 1539 4663 magnitudo,
1564 4576 1644 4667 piae
1666 4590 1802 4648 mentes
1817 4595 1998 4673 utcunque
2014 4605 2075 4652 co·

1085 4670 1198 4762 gitare
1211 4687 1372 4765 possunt,
1397 4674 1535 4750 etiamsi
1542 4673 1721 4772 prophani
1735 4675 1898 4752 homines
1913 4676 1975 4751 has
1990 4705 2073 4753 nar·

1084 4773 1240 4846 rationes
1265 4776 1445 4864 derident,
1477 4793 1539 4851 aut
1568 4779 1606 4849 in
1640 4776 1876 4879 μυθολογίας
1898 4785 2104 4858 amator--

982 4971 984 4976 .
1084 4889 1195 4948 mant.
1233 4875 1309 4948 Nos
1323 4903 1408 4950 vero
1424 4883 1607 4952 credamus
1617 4884 1696 4952 voci
1710 4883 1867 4968 divinae,
1893 4885 1980 4956 etin
1997 4887 2072 4971 sin-

1083 4977 1177 5069 gulis
1193 4979 1457 5053 narrationibus
1474 4983 1747 5077 amplitudinem
1762 4985 2038 5059 consideremus.

51 5077 246 5182 Singulari
270 5086 420 5159 consilio
451 5078 577 5153 Deus
608 5083 649 5152 in
678 5079 837 5154 Ecclesia
863 5093 980 5152 extare
1001 5092 1037 5151 et
1184 5078 1214 5152 I.
1242 5078 1403 5154 Primum
1420 5083 1589 5166 sciamus,
1614 5085 1763 5157 unicum
1777 5080 1874 5158 hunc
1895 5092 2071 5160 mundum

43 5214 185 5286 semper
205 5187 407 5265 conservari
424 5185 539 5257 voluit
557 5185 659 5256 initia
681 5183 828 5270 mundi,
854 5196 889 5254 et
908 5178 1035 5252 seriem¹
1082 5194 1239 5254 creatum
1258 5206 1351 5270 esse,
1382 5185 1422 5255 in
1446 5210 1519 5280 quo
1542 5211 1579 5258 se
1598 5188 1693 5259 lilius
1707 5184 1776 5259 Dei
1791 5189 1972 5281 patefecit,
2005 5213 2072 5263 nec

44 5317 241 5367 annornm:
268 5313 359 5388 quae
375 5289 520 5383 quidem
534 5300 570 5359 et
583 5287 827 5359 testimonium
843 5297 895 5357 est
910 5277 1034 5356 deEc-
1082 5305 1156 5355 esse
1177 5300 1239 5359 aut
1260 5286 1369 5359 luisse
1395 5287 1485 5361 alios
1508 5292 1682 5376 mundos,
1709 5290 1793 5384 quia
1812 5291 1853 5361 in
1876 5289 1993 5362 Moise
2009 5317 2070 5364 ex·

42 5396 169 5485 etesia,
191 5410 226 5470 et
250 5414 419 5487 magnum
442 5391 560 5462 decue.
610 5385 701 5462 Vult
724 5388 821 5461 enirn
838 5386 920 5459 sciri
934 5382 1032 5459 Dens
1078 5408 1196 5479 preste
1230 5388 1378 5462 dicitur:
1425 5389 1619 5487 Postquam
1656 5387 1765 5464 bomo
1804 5394 1972 5467 conditus
2005 5411 2071 5480 est,
