4680 6038
186 246 240 322 ω
627 227 786 305 nucu
828 224 903 302 ou
933 221 1268 302 ratusatco
1300 224 1557 303 aaaron
1591 226 1765 306 suun.
2168 238 2217 313 ss

291 412 342 486 Ea
363 427 466 482 nocte
485 411 551 481 iter
575 407 711 477 iaciunt
727 405 869 493 longius
884 425 990 496 quam
1008 423 1073 490 pro
1090 399 1177 468 viri·
1230 423 1402 470 consensu
1416 402 1629 492 respondent
1644 425 1682 471 se
1698 416 1732 473 et
1746 405 1914 495 probasse
1930 421 2032 481 antea
2054 409 2219 502 pietatem

190 525 276 603 bus,
312 513 517 610 praesertim
541 533 621 579 curn
644 508 822 576 moesticia
843 503 1005 573 omnium
1028 523 1178 593 corpora
1230 500 1398 587 Dietrici,
1432 516 1468 573 et
1487 504 1683 606 testamenti
1701 529 1840 593 causas,
1867 523 1902 581 et
1918 533 1993 581 uon
2017 525 2220 605 recepturos

191 621 427 699 debilitasset,
451 639 490 683 sc
514 635 617 681 mane
639 611 788 678 veniunt
807 608 851 677 sd
873 605 1045 696 oppidum
1068 601 1179 672 Hers-
1231 626 1304 673 esse
1319 605 1429 674 aliurn
1445 604 1637 675 Dominum
1653 607 1800 679 desertis
1816 603 1892 697 his,
1916 613 2048 707 quibus
2067 613 2139 684 iam
2155 616 2221 686 de·

192 724 285 804 feld,
303 721 368 790 ubi
389 742 468 788 cnm
485 713 616 785 Abbati
642 714 709 781 iter
727 723 763 780 et
779 730 919 778 causam
936 705 1180 796 exposuissent
1228 705 1426 775 sensionem
1443 707 1681 796 promiserint.

190 823 365 902 Comites,
391 817 514 890 Abbas
535 827 735 886 reverenter
756 809 948 881 Dominam
972 808 1082 877 filiam
1107 804 1179 876 lm·
1333 798 1522 878 Albertnm
1549 809 1621 877 iata
1644 805 1834 883 trabebant
1857 816 1902 884 ad
1929 839 2072 908 poenas.
2132 814 2218 890 ldeo

192 924 384 1018 peractoris,
422 917 701 989 honestissimam
732 925 931 980 matronam
963 909 1106 1000 exeipit,
1145 921 1180 978 et
1231 911 1343 979 iratus
1364 922 1482 978 movet
1504 910 1637 979 bellum
1661 935 1756 982 anuo
1779 937 1798 982 a
1822 915 1931 988 natali
1954 914 2088 990 Christi
2110 918 2219 992 1201.

193 1027 433 1097 consolatione
456 1035 490 1090 ct
512 1019 678 1088 omnibns
694 1015 820 1083 officiis
835 1013 948 1082 lenire
962 1011 1178 1081 moesticiam
1232 1010 1292 1081 Sic
1313 1011 1408 1078 enim
1431 1011 1576 1080 invenio
1595 1035 1765 1083 numeros
1784 1033 1971 1089 annotatos
1984 1043 2068 1092 esse.
2119 1018 2221 1091 Gens

193 1129 355 1200 omnium
377 1125 514 1200 studet,
539 1133 575 1190 et
597 1119 667 1188 cito
690 1140 813 1186 currus
828 1115 990 1206 apparari
1007 1114 1123 1197 iubet,
1146 1126 1181 1181 et
1232 1111 1419 1206 Mysorum
1448 1113 1537 1203 petit
1561 1115 1606 1183 ab
1631 1111 1846 1206 imperatore
1873 1116 2086 1213 Rodolpbo,
2118 1121 2221 1192 cuius

192 1231 291 1299 addit
320 1251 362 1296 er
390 1224 575 1293 nobilitate
599 1220 806 1313 praecipuos
829 1217 940 1300 viros,
970 1217 1031 1309 qui
1053 1212 1181 1285 Domi·
1232 1214 1390 1298 iusticia,
1417 1215 1588 1306 sapientia
1615 1228 1651 1287 et
1677 1218 1850 1290 fortitudo
1867 1223 1936 1292 snit
1957 1224 2150 1310 excellens,
2175 1246 2221 1293 ne

191 1355 275 1401 nam
299 1330 431 1398 ducant
453 1321 758 1395 Francofordiam.
808 1317 883 1390 Ubi
903 1330 1118 1389 commorata
1141 1317 1180 1385 in
1233 1316 1325 1387 sinat
1339 1317 1495 1410 opprimi
1510 1317 1748 1389 adolescentes
1764 1318 1965 1414 Principes,
1992 1337 2027 1394 et
2041 1325 2148 1394 simul
2161 1347 2221 1395 ar-

191 1430 407 1502 monasterio
431 1427 628 1511 virginum,
660 1448 705 1493 ne
727 1420 1180 1510 longissimeabliisabes-
1233 1418 1301 1486 mis
1333 1420 1494 1509 reprimit
1520 1414 1720 1492 Albertum.
1769 1421 1839 1493 Sed
1867 1419 1955 1495 baec
1988 1426 2100 1516 prima
2134 1424 2222 1496 belli

191 1548 262 1619 ,ρι’
282 1555 363 1602 cum
378 1530 485 1600 vitam
504 1529 540 1596 in
559 1528 656 1597 luctu
670 1540 704 1596 et
718 1523 920 1617 precatione
936 1524 1078 1612 egisset,
1103 1535 1182 1612 post
1234 1512 1408 1615 σύρραξις
1448 1544 1522 1590 uon
1555 1519 1625 1590 fnit
1657 1522 1749 1592 laeta
1780 1526 1995 1597 adolescenti
2027 1524 2223 1614 Friderico,

192 1657 323 1729 paucos
338 1653 450 1702 anno,
465 1642 603 1699 mom,
622 1641 684 1698 eq,
1234 1645 1435 1715 quanquam
1457 1645 1597 1692 causam
1619 1623 1745 1693 iustam
1769 1627 1893 1696 tuenti.
1945 1627 2015 1699 Sed
2039 1630 2158 1700 statim
2181 1629 2222 1698 in

296 1733 419 1805 Mariti
436 1731 612 1801 licentiam
627 1731 708 1820 suga
721 1726 882 1816 coniugis
896 1725 1003 1797 auxit.
1045 1720 1181 1794 Audie·
1234 1719 1302 1793 boc
1318 1724 1492 1816 tyrocinio
1515 1749 1596 1793 eum
1614 1721 1711 1794 Deus
1727 1728 1997 1816 docerevoluit,
2023 1754 2068 1799 ne
2093 1724 2223 1801 huma-

192 1850 248 1909 rat
267 1850 383 1906 autem
398 1832 495 1903 Dens
512 1857 630 1923 preces
645 1833 858 1899 discessurae
872 1827 1014 1912 matris,
1039 1841 1073 1896 et
1090 1827 1182 1895 filios
1234 1825 1290 1894 uis
1315 1826 1452 1895 viribus
1475 1826 1684 1911 confideret,
1710 1830 1771 1897 sed
1794 1832 1943 1901 disceret
1967 1832 2130 1902 victorias
2153 1831 2221 1903 Dei

192 1964 275 2010 vere
297 1931 476 2028 orphanos
499 1935 666 2026 protexit,
692 1955 781 2026 quos
802 1930 984 2023 aliquanto
1006 1941 1085 2019 post
1106 1952 1182 1995 ma·
1234 1927 1401 1996 beneficia
1416 1950 1507 2008 esse,
1533 1929 1624 1998 etab
1639 1952 1681 1998 eo
1699 1934 1866 2020 petendas
1880 1955 1964 2006 esse.
2014 1931 2149 2024 Captus
2170 1946 2223 2006 est

193 2042 259 2112 tris
288 2041 427 2129 fugam,
460 2035 599 2106 Alberti
631 2032 846 2123 Landgravii
876 2032 985 2101 irater
1017 2025 1181 2099 Marclrio
1234 2029 1328 2097 enim
1344 2028 1545 2098 Fridericus
1565 2054 1584 2099 a
1605 2044 1723 2120 patre,
1747 2048 1782 2104 et
1801 2049 1874 2106 toto
1897 2060 1992 2103 anno
2009 2048 2166 2106 retentus
2182 2036 2223 2105 in

192 2140 397 2236 Mysorum,
432 2139 545 2208 iustus
573 2151 608 2207 et
636 2139 774 2227 sapiens
795 2132 965 2225 Princeps
993 2130 1183 2216 Dietricus,
1234 2153 1312 2201 arce
1329 2128 1568 2205 lsennacensi.
1610 2130 1715 2204 Uude
1729 2148 1847 2224 postca
1863 2136 2036 2207 divinitus
2052 2137 2223 2208 liberatus

192 2267 234 2312 cx
249 2239 421 2329 Turingia
442 2241 488 2308 ad
510 2261 608 2309 suam
625 2239 741 2308 aulam
759 2234 915 2310 vocavit,
941 2248 1033 2305 etue
1047 2249 1181 2325 specta·
1234 2245 1296 2318 est,
1322 2256 1402 2303 eum
1420 2233 1504 2304 odio
1519 2235 1663 2327 tyranni
1675 2238 1837 2307 custodes
1854 2238 1970 2331 aliqui
1979 2239 2223 2309 misericordis

193 2357 288 2416 tores
309 2354 425 2412 essent
446 2355 674 2432 paternorum
691 2337 882 2421 scelerum,
906 2350 941 2406 et
955 2350 995 2406 ut
1008 2349 1104 2405 extra
1119 2360 1182 2430 pe·
1233 2334 1465 2404 adolescentis
1477 2335 1606 2420 affecti,
1630 2336 1732 2426 fugae
1745 2338 1893 2409 consilia
1905 2341 2127 2412 adiuvarent.
2161 2339 2222 2411 ln·

192 2445 346 2515 ciculum
374 2455 497 2515 essent.
550 2438 711 2533 Cumque
738 2463 798 2508 eos
825 2450 971 2528 patemo
993 2438 1111 2507 auimo
1136 2439 1180 2507 ad
1233 2449 1328 2508 terea
1343 2450 1379 2507 et
1389 2431 1605 2529 Rodolpbus
1626 2435 1823 2529 Imperator
1836 2444 2001 2512 mandata
2017 2442 2147 2524 mittit,
2178 2455 2221 2512 ut

194 2546 411 2636 agnitionem
436 2558 470 2614 et
492 2543 752 2612 invocationem
782 2537 852 2610 Dei
883 2553 918 2610 et
947 2541 992 2608 ad
1015 2540 1181 2610 virtutem
1233 2563 1330 2607 arma
1347 2539 1516 2632 utrinqne
1531 2541 1722 2631 deponant,
1739 2555 1776 2613 et
1791 2545 1966 2634 promittit
1979 2568 2016 2614 sc
2030 2558 2221 2617 venturum

76 2647 87 2657 ”
194 2647 413 2731 institueret,
437 2644 660 2715 fridericum
682 2644 786 2714 etiam
809 2641 909 2711 cuius
932 2656 1004 2711 erat
1019 2643 1181 2711 admorsa
1234 2641 1274 2710 in
1292 2639 1519 2730 Turingiam‚
1545 2666 1585 2711 ac
1600 2643 1675 2711 fore
1689 2643 1957 2736 disceptatorem
1974 2670 2107 2716 causae.

194 2773 304 2842 gena,
327 2764 490 2842 tyronem
512 2769 629 2817 secum
651 2746 692 2814 in
712 2758 825 2814 castra
841 2757 876 2814 et
889 2743 926 2813 in
944 2743 1054 2813 aciem
1071 2743 1182 2828 duxit,
1339 2742 1446 2812 Venit
1462 2745 1500 2811 in
1514 2743 1547 2812 T
1548 2744 1724 2833 uringiam
1738 2743 1962 2840 Rodolphus,
1986 2762 2116 2818 etcum
2133 2747 2221 2818 alios

193 2852 258 2922 ubi
288 2850 463 2942 specimen
489 2848 666 2939 egregium
691 2845 833 2920 virtutis
853 2845 966 2916 edidit
987 2847 1024 2913 in
1047 2845 1181 2937 praelio
1235 2845 1409 2915 tumultus
1436 2845 1590 2927 sedavit,
1625 2847 1755 2916 eversis
1778 2848 2060 2920 latrunculorum
2081 2851 2221 2920 arcibus

193 2947 403 3022 Anhaltino.
454 2948 587 3021 Filium
613 2964 731 3021 autem
760 2942 818 3018 hic
840 2942 1005 3018 Marcbio
1035 2948 1181 3017 unicum
1235 2948 1389 3041 aliquot,
1415 2960 1449 3017 et
1467 2949 1578 3038 captis
1605 2948 1642 3017 in
1667 2946 1802 3020 llmeus
1820 2975 1948 3023 novem
1971 2966 2004 3023 et
2025 2951 2222 3043 vigintils-

194 3050 338 3138 babuit,
362 3076 468 3146 quem
491 3051 747 3123 adolescentem
770 3047 910 3136 amisit,
935 3074 1007 3143 quo
1030 3063 1182 3130 mortno,
1235 3065 1378 3120 tronum
1404 3049 1570 3129 ducibus,
1606 3051 1805 3144 dequibus
1833 3049 2057 3146 llrphordiae
2085 3051 2223 3146 suppli·

195 3156 277 3249 qnia
297 3154 438 3225 nolebat
453 3157 596 3224 fratrem
610 3154 813 3232 succedere,
838 3166 999 3221 metuens
1013 3175 1058 3220 ne
1074 3151 1182 3243 pelle·
1236 3152 1329 3220 cium
1341 3152 1510 3242 sumpsit,
1536 3165 1610 3221 tum
1628 3176 1712 3221 vcro
1729 3155 1947 3228 severissime
1963 3157 2145 3228 mandavit
2160 3179 2222 3247 ps-

194 3272 247 3327 ret
267 3257 376 3342 lilios,
402 3281 481 3327 cum
504 3257 576 3325 iam
598 3255 732 3326 videret
754 3277 832 3323 eum
853 3247 908 3323 his
925 3254 1097 3322 anteferre
1116 3278 1183 3322 no·
1235 3278 1310 3323 cem
1335 3249 1482 3324 Alberto
1507 3266 1542 3325 et
1571 3253 1664 3326 filiis.
1714 3251 1798 3326 Nou
1827 3258 1939 3331 multo
1971 3272 2051 3350 post
2080 3270 2223 3328 mortuo

195 3354 295 3430 thum
315 3383 356 3429 ex
379 3359 504 3450 pellice
524 3370 666 3439 natum,
691 3370 726 3427 et
749 3354 832 3449 quia
850 3379 965 3424 mores
981 3355 1100 3424 fratris
1116 3357 1184 3423 im·
1237 3350 1431 3447 Rodolplto
1450 3354 1614 3426 successit
1629 3352 1817 3449 Adolphus
1833 3359 2085 3444 Nassaviensis,
2113 3382 2222 3454 quem

196 3460 387 3552 probabat,
420 3472 668 3530 testamentum
695 3456 873 3534 condidit,
909 3457 947 3523 in
972 3481 1043 3548 quo
1065 3457 1184 3526 fratris
1237 3457 1341 3525 variis
1364 3457 1499 3526 artibus
1523 3453 1630 3528 trahit
1656 3457 1694 3526 iu
1724 3461 1923 3533 societatem
1948 3463 2032 3533 belli
2054 3459 2224 3534 Albertus

196 3561 289 3630 lilios
312 3562 473 3650 adoptat,
500 3576 535 3632 ct
555 3556 723 3629 haeredes
744 3556 897 3646 regionis
916 3555 1101 3650 Mysorum
1126 3558 1184 3626 in·
1236 3557 1500 3647 Landgravius,
1532 3573 1567 3629 et
1583 3560 1678 3651 quod
1697 3583 1752 3630 res
1771 3577 1890 3654 postea
1907 3565 2081 3649 ostendit,
2112 3565 2223 3654 adpa-

196 3663 320 3735 stitnit.
371 3659 533 3754 Cumque
555 3660 698 3731 delectis
720 3658 916 3750 praecipuis
937 3659 1023 3727 viris
1046 3683 1087 3728 es
1109 3673 1184 3730 tota
1237 3674 1291 3730 ret
1312 3683 1457 3729 avarum
1480 3683 1600 3728 senem
1628 3661 1820 3752 cupiditate
1847 3668 2046 3737 uberrimae
2068 3664 2223 3756 regionis

142 3800 158 3821 ι
197 3764 357 3853 regione,
382 3775 628 3834 testamentum
650 3775 685 3833 ct
703 3782 825 3832 causas
841 3759 894 3828 sui
913 3761 1053 3830 consilii
1071 3755 1184 3830 hone·
1238 3761 1422 3856 Mysorum
1437 3772 1471 3830 et
1485 3785 1653 3830 venarum
1669 3766 1922 3837 metallicamm
1944 3770 2111 3854 illectum,
2131 3763 2223 3839 hanc

198 3880 266 3936 stas
298 3865 531 3956 exposuisset,
563 3887 604 3933 ac
632 3863 812 3955 petivisset
839 3855 966 3931 borum
992 3857 1184 3932 haeredum
1236 3865 1453 3933 occasionem
1483 3867 1708 3955 occupandae
1739 3870 1892 3957 regionis
1914 3870 2114 3965 Mysorum,
2148 3893 2223 3940 noo

196 3967 459 4052 defensionem,
487 3961 525 4035 hi
541 3966 681 4036 laudata
702 3962 873 4056 principis
898 3964 1046 4054 pietate,
1077 3965 1184 4034 adbr-
1236 3965 1390 4036 voluisse
1405 3965 1592 4055 negligere.
1622 3965 1777 4040 Narrant
1791 3971 1895 4041 etiam
1912 3967 2079 4043 historiae
2092 3971 2225 4044 Albec-

195 4082 428 4140 mantsenon
443 4067 552 4138 aliurn
567 4064 764 4137 Dominum
779 4078 981 4156 recepturos
996 4089 1082 4138 esse.
1236 4082 1311 4139 tnm
1336 4067 1599 4156 Landgravium
1625 4069 1825 4143 vendidisse
1855 4071 2083 4164 Turiugicam
2114 4074 2223 4146 ditio-

298 4168 495 4262 Aliqoanto
512 4183 591 4257 post
608 4183 749 4240 mortuo
765 4166 942 4249 Dietrico‚
968 4182 1009 4238 ut
1024 4169 1062 4237 in
1078 4182 1185 4240 testa·
1236 4193 1317 4240 uem
1333 4163 1522 4259 Adolpbo‚
1546 4193 1591 4239 ue
1606 4171 1761 4262 recipere
1781 4199 1856 4244 eam
1881 4176 1945 4246 lilii
1962 4200 2119 4270 unquam
2141 4200 2223 4270 pos-

197 4282 319 4352 mento
338 4270 508 4358 scriptum
530 4284 624 4355 erat,
647 4270 839 4340 succedunt
860 4270 897 4338 iu
919 4270 1028 4339 totius
1046 4269 1184 4365 Mysiae
1236 4287 1325 4346 seut.
1381 4269 1504 4360 Longa
1530 4284 1581 4341 est
1607 4270 1758 4362 iniuria,
1789 4276 1914 4368 longae
1943 4280 2125 4369 ambages,
2156 4303 2223 4350 uec

197 4371 453 4463 possessionem
477 4366 513 4439 hi
538 4373 631 4456 duo,
666 4370 869 4441 fridericus
896 4372 996 4442 cuius
1024 4373 1091 4442 fuit
1119 4376 1184 4443 ad·
1235 4375 1355 4445 omnia
1371 4374 1518 4442 recitare
1530 4374 1628 4445 libet.

197 4495 312 4541 morsa
326 4495 433 4561 gena,
460 4469 761 4557 etDietmanuus,
785 4486 819 4543 et
832 4472 970 4544 iusticia
986 4498 1026 4543 ac
1037 4476 1183 4546 caeteris
1339 4472 1388 4544 lta
1407 4489 1485 4564 post
1508 4489 1657 4545 mortem
1682 4473 1907 4568 Imperatoris
1934 4476 2119 4575 Redolplsi
2143 4484 2223 4554 bel-

197 4574 389 4644 virtutibus
404 4574 564 4643 omnium
580 4567 811 4645 honestorum
826 4575 1109 4646 benevolentiam
1124 4601 1184 4646 er·
1235 4580 1310 4648 lum
1336 4578 1488 4646 atrocius
1509 4592 1645 4647 motum
1670 4593 1739 4665 cst,
1771 4597 1804 4652 ct
1820 4577 2008 4673 Adolphus
2031 4587 2068 4656 in
2084 4583 2222 4656 Turiu-

197 4698 238 4764 ga
255 4699 290 4743 se
307 4688 447 4764 augent.
481 4673 550 4748 Sed
568 4688 668 4766 pater
681 4670 851 4745 Albcrtus
864 4678 985 4748 scribit
999 4678 1043 4746 ad
1060 4701 1183 4750 omnes
1234 4683 1324 4769 giam
1359 4693 1392 4748 ct
1420 4677 1604 4773 Mysorum
1639 4681 1818 4769 regionem
1852 4698 2020 4756 attractus
2053 4701 2115 4759 est.
2172 4683 2222 4759 Et

196 4778 339 4846 ordines
361 4778 506 4847 ditionis
515 4801 529 4862 ‚·
557 4801 596 4847 ac
612 4776 700 4868 petit
721 4777 788 4847 sibi
811 4778 902 4846 tradi
925 4781 1180 4870 possessionem
1235 4776 1398 4853 Marcbio
1416 4779 1742 4869 Brandebnrgensis
1760 4807 1796 4854 se
1820 4809 1899 4854 cum
1916 4782 2085 4881 Adolpbo
2104 4785 2221 4882 lmpe-

196 4880 350 4967 regionis
370 4877 575 4970 Mysonrm,
601 4879 749 4947 exclusis
771 4878 874 4963 liliis,
900 4905 940 4949 ac
965 4881 1054 4951 iuris
1076 4906 1180 4973 prae·
1233 4901 1349 4955 ratore
1365 4898 1398 4952 et
1414 4882 1562 4951 Albcrto
1577 4880 1802 4972 Landgravio
1817 4888 2014 4976 coniunxit,
2038 4914 2098 4981 spe
2114 4913 2221 4963 occu-

195 4994 292 5049 textu
315 4993 464 5069 pugnat,
491 4980 573 5073 qnia
599 4979 672 5071 ipse
695 4980 740 5051 sit
764 4979 881 5049 fratris
899 4984 1079 5072 proximus
1096 4980 1180 5053 hae-
1233 4989 1369 5079 paudae
1394 4984 1572 5053 inferioris
1593 4981 1768 5058 Lusatiae.
1829 4987 1971 5077 Quanta
2001 4993 2111 5063 moles
2131 4993 2219 5063 belli

194 5105 259 5149 res.
311 5081 383 5149 Nec
408 5104 481 5150 esse
509 5083 637 5152 iustam
659 5104 797 5152 cansam
817 5105 880 5152 cur
898 5079 1096 5155 haereditas
1110 5086 1178 5156 sibi
1231 5091 1360 5158 deiude
1378 5086 1501 5168 fuerit,
1527 5087 1611 5153 inde
1626 5087 1802 5156 aestimari
1824 5104 1953 5181 potest,
1979 5097 2075 5186 quod
2092 5097 2217 5164 codem

192 5196 309 5272 erepta
325 5185 379 5253 cir.
1231 5204 1388 5282 tempore
1412 5210 1491 5256 cnm
1515 5187 1663 5255 diversis
1682 5191 1892 5263 exercitibus
1906 5195 2070 5283 praeliari
2092 5195 2218 5266 fratres

292 5281 520 5355 Conveniunt
535 5285 646 5375 igitur
659 5284 783 5354 delecti
801 5309 842 5354 ex
858 5285 1025 5356 omnibns
1038 5289 1178 5358 ordini·
1228 5293 1397 5385 oportuit,
1420 5302 1453 5358 et
1468 5290 1564 5381 quod
1581 5288 1619 5356 in
1635 5289 1679 5358 iis
1692 5291 1789 5376 locis,
1815 5294 1879 5364 ubi
1891 5317 2028 5368 summa
2042 5310 2094 5371 est
2107 5299 2217 5369 uber-

190 5384 255 5452 bus
275 5387 454 5477 praecipui
476 5387 545 5457 viri
567 5387 607 5456 iu
627 5387 716 5459 urbe
731 5385 918 5478 Friberga‚
944 5402 978 5460 et
995 5391 1176 5462 communi
1226 5408 1301 5482 tas,
1326 5413 1473 5486 maguae
1488 5390 1701 5464 vastationes
1709 5394 1827 5468 laetae
1841 5408 1944 5482 sunt,
1969 5421 2050 5472 cum
2066 5394 2216 5474 hostiles
