4680 6038
59 198 136 276 sse
637 188 799 278 naun
835 198 912 275 ua
943 188 1179 275 suttona
1210 184 1504 283 noar-ocu.
2011 219 2085 294 tto

160 368 366 463 'lantepere
380 370 457 443 istie
478 371 720 445 nebulonibus
737 375 852 458 dolet,
878 397 944 444 nos
966 374 1048 444 illos
1097 372 1218 465 pliuae
1231 374 1381 446 formam
1394 386 1626 465 mutaremus,
1653 383 1748 474 quod
1765 384 1945 455 vanissimi
1962 380 2083 458 homi·

55 497 132 545 non
152 495 237 544 suae
260 474 453 563 flagitiosae
476 474 621 545 libidini
646 488 680 547 et
712 476 899 567 cupiditati
933 477 1046 546 reliu·
1096 498 1159 545 nes
1175 499 1280 570 quam
1297 478 1519 551 illiberaliter
1535 481 1868 573 comminiscantur,
1892 498 1927 559 et
1944 512 2017 570 res,
2045 504 2080 562 et

53 599 183 670 quere,
208 577 270 649 sed
286 575 401 665 legum
415 577 566 666 imperio
581 578 675 668 ipsos
690 590 752 648 eut
769 600 810 649 ex
826 576 956 650 Bacchi
973 578 1045 650 cel·
1094 577 1224 648 lactum
1251 590 1412 650 nostrum
1433 582 1623 653 clarissime
1644 584 1860 678 loquuntur,
1887 590 1960 660 sive
1983 612 2079 661 mer-

53 678 99 748 lis
124 691 161 750 et
181 672 315 748 Circeis
344 678 457 750 antris
485 679 523 747 in
554 679 667 749 lucem
699 675 899 767 retrahere,
941 682 1042 751 etad
1094 681 1214 749 cedem
1229 681 1309 774 quis
1323 682 1574 769 iustitutionis,
1598 684 1672 756 sive
1685 687 1865 775 mulctam,
1889 714 1979 784 quae
1993 716 2077 784 par-

53 780 250 872 depositam
277 778 386 850 oflicii
409 803 529 850 curam
552 805 736 863 revocare,
768 796 831 854 aut
854 806 896 853 ex
915 806 1040 854 somno
1092 781 1182 851 tium
1204 806 1348 852 suarum
1371 785 1610 856 desertoribus
1639 787 1790 876 dicitur,
1820 804 1960 882 spectet.
2018 790 2075 864 Ex

54 895 87 953 et
99 893 247 952 veterno
264 881 427 968 excitare,
452 893 485 952 et
502 883 545 950 ad
563 883 737 974 neglectae
751 885 909 954 'discendi
926 899 1041 976 partes
1091 883 1282 975 discipulis.
1293 885 1388 955 euim
1404 887 1543 956 nobiles
1555 900 1590 958 et
1606 890 1745 978 patricii
1762 892 2017 979 adolescentes,
2043 895 2075 964 si

53 984 233 1069 reducere,
257 995 320 1054 aut
333 1007 353 1053 a
368 1004 430 1054 sua
444 984 594 1069 levitate,
621 1000 655 1057 et
670 987 819 1067 inscitia,
846 1009 916 1080 qua
931 989 1039 1057 modo
1089 986 1260 1057 fortunati
1283 1000 1317 1058 et
1342 988 1531 1079 locupletes
1549 1003 1654 1076 sunt,
1679 1005 1832 1086 quatuor
1849 1007 1988 1065 tantum
2008 1019 2074 1066 au-

52 1081 140 1171 huc,
180 1086 289 1155 modo
320 1085 406 1155 illuc
432 1087 705 1169 auferebantur,
745 1090 791 1158 ad
822 1090 1038 1159 constantiae
1089 1109 1166 1157 reos
1178 1084 1374 1159 Rhenanus
1398 1113 1477 1159 cum
1502 1090 1670 1176 dimidio,
1704 1094 1734 1162 si
1757 1093 1935 1165 inferioris
1955 1098 2072 1167 fortu-

53 1187 209 1260 studium
224 1200 258 1259 et
274 1187 483 1279 prudentiae
497 1212 627 1258 munus
642 1191 838 1263 traducere.
881 1189 955 1280 Qui
968 1191 1037 1258 mi-
1088 1210 1154 1259 nae
1179 1204 1213 1261 et
1229 1190 1298 1261 loci
1315 1203 1416 1275 suut,
1442 1204 1530 1272 tres,
1550 1193 1607 1261 vel
1623 1194 1730 1278 duos,
1755 1197 1812 1265 vel
1827 1191 1939 1282 nihil,
1970 1198 1999 1267 si
2014 1220 2072 1268 res

53 1287 120 1360 seri
143 1282 325 1375 homines,
351 1313 422 1382 quo
441 1279 525 1359 suut
546 1292 655 1360 animi
671 1306 834 1383 stupore,
860 1305 894 1362 et
907 1294 1036 1363 mentis
1086 1291 1243 1383 ipsorum
1260 1293 1310 1361 sic
1332 1293 1503 1382 postulat,
1528 1308 1713 1384 protento
1737 1296 1971 1369 institutionis
1994 1300 2070 1391 pri-

51 1391 298 1484 pereersitote,
342 1413 416 1459 non
438 1391 578 1477 vident,
611 1394 697 1486 quid
723 1395 768 1465 sit
788 1408 850 1465 aut
878 1394 1035 1481 libertas,
1086 1407 1184 1464 vatae
1208 1394 1331 1463 labore
1356 1409 1557 1465 numerant.
1621 1393 1710 1465 Nam
1737 1399 1909 1469 divitibus
1934 1414 1969 1472 et
1993 1423 2069 1469 me·

51 1505 109 1569 aut
121 1492 292 1578 servitus,
319 1491 381 1584 qui
391 1488 598 1563 Academias
613 1496 794 1567 somniant
811 1491 946 1567 theatra
961 1520 1034 1567 esse
1085 1494 1216 1566 diocris
1230 1496 1392 1567 fortunae
1407 1497 1690 1567 adolescentibus
1706 1500 1863 1589 precium
1881 1501 1993 1572 nostri
2015 1502 2069 1571 la-

10 1602 13 1641 ³
51 1594 235 1674 licentiae,
262 1606 297 1665 et
317 1591 513 1687 Cyclopum
538 1597 696 1686 agmina,
726 1599 765 1666 in
788 1597 917 1692 quibus
937 1599 1034 1685 vitia,
1084 1598 1269 1669 borisuon
1292 1622 1396 1667 avare
1420 1598 1623 1684 statuimus,
1649 1613 1684 1670 et
1706 1601 1920 1693 pauperibus
1941 1602 1979 1670 in
2002 1596 2069 1673 hac

50 1696 217 1767 libidines
243 1708 278 1767 et
303 1694 434 1786 flagitia
456 1698 594 1783 omnia,
621 1722 686 1769 nee
701 1699 790 1784 iuri,
816 1723 880 1771 nec
897 1699 1033 1791 legibus
1082 1698 1271 1770 Academia
1285 1723 1425 1768 omnem
1446 1713 1602 1769 nostram
1620 1724 1782 1790 operam,
1806 1725 1896 1794 quae
1910 1716 1945 1775 et
1964 1702 2069 1773 insti-

50 1798 127 1869 ullis
142 1798 319 1882 subiecta,
344 1797 544 1882 dominari,
570 1813 603 1870 et
618 1800 808 1893 imperium
830 1815 948 1873 tenere
970 1803 1032 1873 dc-
1083 1801 1232 1871 tutionis
1253 1814 1287 1870 et
1310 1802 1517 1892 disciplinae
1539 1824 1642 1872 causa
1656 1803 1879 1894 suscipienda
1893 1816 1962 1889 est,
1987 1827 2068 1894 gra-

50 1900 168 1983 hrant,
194 1923 262 1969 nec
277 1899 482 1988 intelligunt
497 1901 577 1972 illas
591 1902 639 1972 ita
655 1904 881 1989 constitutas,
906 1917 946 1976 ut
960 1905 1033 1975 sint
1083 1903 1148 1988 tis,
1174 1915 1214 1975 ut
1241 1903 1492 1973 beneticentiae
1518 1916 1551 1973 et
1574 1897 1805 1975 humanitatis
1827 1906 1921 1994 leges
1945 1919 2068 1997 postu-

50 2001 229 2092 religionis
246 2002 396 2093 templa,
422 2016 456 2074 et
470 2003 646 2074 bonarum
664 2007 793 2076 artium
809 2007 1032 2087 etoirtutom
1083 2005 1179 2090 lant,
1203 2004 1356 2093 henigne
1377 2027 1515 2096 semper
1536 2005 1785 2095 praestitimus.
1839 2004 1935 2076 'l'um
1952 2029 2067 2098 poena

51 2103 250 2188 domicilia,
288 2103 481 2196 inquibus
514 2105 670 2177 libertati
693 2107 908 2198 amplissima
934 2110 1032 2178 sedes
1082 2129 1172 2201 quae
1192 2106 1333 2177 violatis
1356 2107 1492 2197 legibus
1513 2107 1607 2197 apud
1631 2128 1696 2175 nos
1717 2109 1840 2190 datur,
1880 2109 1928 2178 ita
1957 2130 2067 2199 parva

10 2220 12 2225 '
51 2205 217 2276 collocata
237 2217 307 2291 est,
332 2228 423 2299 quae
446 2218 480 2277 et
503 2210 598 2299 apud
620 2231 705 2294 nos,
737 2223 777 2280 ut
797 2208 941 2291 virtuti,
974 2209 1032 2280 cui
1082 2223 1152 2293 est,
1176 2221 1218 2278 ut
1239 2220 1442 2280 constanter
1464 2207 1639 2277 affirmare
1666 2210 1876 2279 auderemus
1896 2209 1935 2278 in
1955 2209 2067 2279 nullis

50 2331 181 2401 semper
204 2329 309 2377 suurn
340 2307 414 2392 ius,
454 2321 489 2378 et
516 2309 692 2400 impunita
723 2311 884 2380 omnium
912 2334 1032 2381 rerum
1081 2304 1221 2381 Scholis
1233 2310 1407 2379 minorem
1423 2333 1507 2380 esse.

51 2408 208 2495 libertas,
255 2409 307 2479 sic
340 2409 461 2502 probis
494 2411 777 2483 adolescentibus
806 2413 1032 2506 relinquitur,
1184 2410 1254 2481 Sed
1274 2412 1350 2497 illi,
1385 2413 1448 2505 qui
1471 2414 1515 2481 de
1537 2424 1659 2483 nostro
1686 2425 1721 2484 et
1746 2408 1897 2484 Scholae
1918 2412 2066 2482 nomine
2123 2402 2126 2407 ⁵

51 2534 135 2605 quae
160 2511 306 2607 quidem
327 2524 479 2604 potestas
498 2525 566 2598 est,
594 2529 630 2585 et
651 2514 815 2599 vivendi,
848 2528 882 2585 et
905 2516 1032 2585 utendi
1082 2508 1291 2598 detrahunt,
1326 2536 1445 2583 veram
1471 2513 1526 2582 sui
1548 2513 1683 2584 doloris
1706 2526 1741 2584 et
1761 2514 1957 2586 calumniae
1982 2538 2066 2584 cau·

48 2614 198 2706 propriis
226 2614 353 2699 rebus,
383 2628 424 2683 ut
444 2613 524 2706 quis
546 2616 649 2702 velit,
678 2618 740 2686 sed
769 2640 791 2689 a
822 2616 1032 2709 disciplinae
1081 2637 1153 2685 sam
1178 2615 1422 2695 dissimulant,
1448 2638 1538 2708 quae
1559 2609 1644 2701 haec
1667 2628 1737 2700 est,
1762 2617 1858 2710 quod
1881 2615 1967 2707 ipsis
1990 2639 2065 2684 uon

49 2716 148 2784 cultu
171 2728 208 2787 et
227 2716 344 2805 legum
358 2716 789 2810 custodianonseparata.
838 2717 920 2788 Non
937 2720 1030 2788 enim
1081 2718 1231 2808 amplius
1248 2718 1453 2787 conceditur
1474 2717 1623 2787 liberior
1646 2717 1707 2787 illa
1729 2717 1874 2786 vivendi
1894 2717 2004 2795 ratio,
2030 2727 2065 2784 et

48 2816 190 2888 licentia
206 2831 259 2888 est
274 2819 445 2887 virtutum
460 2840 601 2905 secura,
628 2834 662 2891 et
676 2821 908 2913 turpitudinis
921 2834 1032 2892 secta-
1081 2822 1175 2913 quod
1191 2813 1256 2889 hac
1272 2818 1479 2909 disciplinae
1494 2820 1724 2890 renovatione
1740 2843 1780 2888 ex
1801 2843 1865 2889 suo
1891 2817 1955 2887 illo
1977 2817 2065 2886 libi-

48 2919 132 3002 trix,
158 2919 277 2989 atilli
300 2920 390 3005 fuci,
416 2932 451 2989 et
472 2922 585 2991 nostri
600 2923 738 2993 ordinis
753 2922 910 2992 maculae
926 2924 1031 2994 stulte
1081 2923 1226 3007 diuum,
1249 2935 1283 2993 et
1307 2920 1490 3014 nequiciae
1509 2943 1617 3009 regno
1642 2921 1852 3003 eliciuntur,
1878 2933 1910 2990 et
1927 2919 1971 2988 ad
1987 2918 2065 3009 pie·

45 3020 245 3106 somniant,
274 3020 338 3115 qui
360 3033 543 3113 tantopere
565 3025 736 3110 delirant,
758 3040 797 3095 ut
819 3047 914 3110 eam,
941 3048 1030 3119 quae
1079 3024 1161 3094 tatis
1183 3037 1315 3115 partes,
1346 3035 1381 3092 et
1412 3024 1456 3091 ad
1491 3020 1623 3091 dactera
1652 3021 1843 3092 laudabitis
1871 3016 2066 3090 iuventutis

44 3118 189 3195 libertas
205 3135 257 3194 est
272 3122 475 3195 servitutem
492 3125 688 3218 appellent,
719 3140 753 3199 et
775 3139 897 3197 contra
921 3128 1032 3196 servi·
1080 3127 1194 3195 officia
1217 3149 1253 3194 se
1274 3125 1428 3214 recipere
1452 3138 1636 3212 coguntur.
1695 3120 1774 3191 lloc
1795 3122 1898 3192 aliter
1918 3121 2064 3191 assuetis

46 3238 153 3297 tutem
167 3225 343 3296 libertatis
358 3224 436 3296 loco
451 3220 614 3303 habeant.
1081 3251 1154 3295 nou
1177 3250 1299 3316 parum
1324 3227 1436 3305 dolet,
1477 3249 1542 3293 uec
1570 3225 1696 3294 leviter
1721 3247 1780 3293 eos
1800 3237 1937 3305 movet,
1978 3216 2066 3290 hinc

141 3324 237 3398 Nam
253 3350 333 3397 cum
350 3326 436 3417 ipsis
452 3330 669 3418 permittitur
685 3329 872 3399 beluinum
895 3327 1030 3422 appeti·
1078 3328 1161 3397 illae
1184 3323 1403 3419 lachrymae,
1443 3338 1477 3395 et
1498 3326 1611 3394 multa
1634 3337 1755 3393 contra
1779 3347 1845 3392 uos
1867 3321 2062 3393 mendacia.

43 3441 136 3515 tom,
171 3439 208 3500 et
225 3451 346 3499 coecos
363 3430 474 3498 animi
491 3444 608 3501 motus
625 3431 663 3499 in
679 3431 894 3522 voluptatem
911 3432 1031 3502 illece-
1080 3428 1187 3509 Tum,
1211 3430 1306 3521 quod
1324 3428 1481 3520 plerique
1499 3452 1540 3496 ex
1553 3426 1723 3497 aediculis
1738 3426 1867 3494 civium
1884 3425 1921 3492 in
1938 3425 2065 3521 domos

42 3531 115 3601 bris
133 3531 299 3625 undique
321 3532 561 3618 assumendis,
587 3546 621 3603 et
636 3532 676 3602 in
691 3533 842 3603 libidine
858 3535 1030 3626 explenda
1079 3527 1229 3601 Scholae
1249 3531 1500 3613 traducuntur,
1525 3523 1594 3597 hoc
1615 3551 1688 3597 non
1708 3544 1847 3597 novum
1863 3527 2064 3608 inventum,

44 3634 89 3704 ita
113 3633 226 3703 duces
248 3633 366 3726 sequi,
391 3645 432 3704 ut
456 3633 554 3704 nulla
576 3634 668 3726 lege,
692 3635 863 3728 nulloque
881 3636 1030 3729 imperio
1079 3635 1140 3703 sed
1159 3644 1257 3702 vetus
1273 3632 1482 3722 disciplinae
1505 3632 1542 3698 in
1566 3625 1632 3699 hac
1646 3626 1836 3699 Academia
1854 3626 2063 3718 capitulum.

44 3736 207 3825 impurus
230 3735 373 3837 suimus
396 3757 417 3801 a
440 3735 618 3827 nequitia,
654 3738 945 3830 turpitudineque
974 3761 1031 3806 re·
1078 3734 1168 3805 Nam
1184 3733 1295 3802 nostri
1312 3733 1463 3802 maiores
1478 3731 1545 3802 viri
1562 3733 1763 3821 prudentes,
1785 3724 2064 3800 etScholasticae

42 3838 222 3914 tardetur,
262 3849 338 3907 tum
360 3836 429 3905 sibi
452 3837 611 3926 placent,
651 3851 685 3908 ct
708 3861 745 3907 se
765 3861 849 3909 vera
869 3838 1032 3908 libertate
1078 3835 1342 3926 gubernationis
1358 3834 1463 3926 periti
1482 3835 1686 3904 iudicabant
1705 3831 2085 3926 heueereiuventuy

45 3938 118 4009 troi
130 3936 311 4009 somniant
326 3937 444 4008 insani
458 3934 680 4024 homunculi,
703 3964 777 4010 uon
795 3939 1030 4027 intelligentes
1079 3940 1124 4010 tis
1141 3960 1234 4021 esse,
1256 3936 1368 4028 ipsam
1395 3938 1533 4006 easdem
1556 3935 1710 4004 incolere
1733 3933 1937 4035 aedesjcum
1958 3952 2065 4021 prae-

46 4064 83 4112 se
96 4039 335 4111 loedisdmam
351 4038 556 4110 servitutem
578 4064 642 4131 pro
664 4064 770 4112 aurea
788 4041 849 4109 illa
869 4042 1031 4112 libertate
1079 4039 1299 4131 ceptoribus,
1329 4049 1364 4107 et
1386 4036 1426 4106 in
1449 4062 1570 4107 eorum
1592 4047 1783 4126 conspectu
1805 4046 1840 4104 ct
1865 4032 2003 4114 vivere,
2028 4041 2063 4099 et

43 4140 233 4229 admirari,
259 4152 294 4212 et
308 4141 489 4233 amplecti,
511 4142 573 4236 qui
592 4166 633 4211 eo
649 4165 761 4235 usque
780 4166 900 4212 rerum
917 4143 1032 4235 impe·
1081 4139 1211 4212 versari
1237 4140 1274 4207 in
1297 4139 1421 4212 literis.
1471 4138 1561 4208 Nam
1585 4138 1623 4204 in
1640 4134 1840 4206 civitatibus
1857 4130 2063 4202 celebriori·
2131 4185 2138 4196 .

43 4243 120 4329 riti,
155 4255 198 4316 ut
217 4241 293 4313 tuis
311 4239 499 4313 calumniis
525 4265 665 4314 severae
687 4242 823 4329 laudis,
862 4257 898 4316 et
920 4245 1032 4316 iustae
1080 4244 1166 4327 bus,
1189 4252 1229 4310 ut
1244 4235 1329 4310 haec
1344 4255 1415 4324 est,
1438 4240 1571 4309 variam
1588 4237 1911 4318 malorumescam,
1933 4245 1967 4303 et
1983 4233 2063 4323 plu·

43 4340 329 4438 reprehensionis
343 4348 460 4430 rudes,
485 4357 520 4416 et
535 4345 677 4436 ignaros
692 4346 944 4431 demonstrent,
967 4371 1033 4417 nec
1080 4345 1169 4414 rima
1185 4342 1377 4412 libidinum
1394 4341 1624 4410 invitamenta
1638 4362 1713 4408 esse
1728 4337 1907 4420 videbant,
1933 4335 2064 4429 quibus

43 4446 143 4539 digni
171 4470 327 4543 quorum
357 4446 551 4517 mendaciis
572 4447 736 4540 pluribus
763 4450 1032 4538 respondeatur,
1080 4470 1125 4514 ue
1142 4446 1180 4514 iu
1194 4446 1353 4514 fraudem
1370 4456 1431 4513 aut
1444 4441 1536 4512 vitae
1555 4440 1745 4511 discrimen
1767 4438 2003 4520 illicerentur,
2029 4447 2065 4503 et

45 4552 104 4622 ted
116 4548 183 4644 qui
197 4548 292 4642 pelle
308 4549 364 4618 vel
382 4547 493 4639 porci,
520 4550 576 4619 vel
593 4549 685 4618 asini
699 4561 874 4638 tegantur,
901 4562 935 4619 et
949 4574 1031 4620 cum
1079 4549 1125 4618 ab
1141 4545 1302 4616 instituto
1318 4543 1478 4612 discendi
1491 4566 1595 4614 cursu
1610 4542 1885 4623 abducerentur,
1911 4536 2066 4606 occasio-

44 4651 179 4748 gryllo,
218 4649 282 4745 qui
303 4651 440 4723 loedem
465 4650 605 4722 belluae
626 4666 775 4734 sortem,
808 4671 914 4743 quam
938 4652 1033 4720 divi·
1082 4672 1163 4718 nem
1179 4646 1284 4731 mali,
1311 4640 1473 4714 homines
1486 4646 1678 4736 prudentes
1692 4640 1836 4712 florenti
1856 4637 1983 4720 aetati,
2007 4658 2065 4753 re-

45 4748 304 4826 uambsmints
324 4752 567 4824 conditionem
584 4752 724 4837 maluit,
750 4752 789 4822 in
805 4746 928 4822 haram
946 4777 1034 4823 con·
1080 4750 1311 4842 linquendam
1336 4770 1410 4816 uon
1435 4758 1620 4836 putarunt,
1658 4766 1748 4836 quae
1776 4754 1815 4810 ut
1844 4741 1977 4820 furem,
2016 4748 2065 4803 ata

43 4857 246 4935 eludantur.
1081 4874 1253 4945 nequam,
1274 4861 1308 4919 et
1325 4848 1528 4940 improbum
1544 4847 1639 4917 facit.
1691 4843 1811 4932 Quare
1827 4840 2066 4931 adolescentes

144 4954 223 5028 Alii
237 4953 390 5045 fingunt,
415 4967 448 5026 et
464 4955 651 5045 divulgant
664 4950 757 5024 haue
769 4966 911 5025 nostrae
919 4949 1034 5025 Scho-
1081 4975 1155 5023 non
1171 4973 1235 5042 per
1252 4972 1374 5019 omnes
1389 4949 1484 5019 vicos
1497 4947 1648 5018 civitatis
1663 4964 1803 5037 sparsos
1817 4935 1987 5020 habitare,
2005 4937 2066 5005 sed

43 5057 97 5129 lae
111 5056 374 5148 mulionem
390 5079 464 5126 esse
486 5058 661 5128 avariciae
684 5069 774 5142 rete,
807 5068 843 5127 et
865 5055 1035 5147 pecuniae
1082 5049 1282 5124 inScholae
1296 5054 1401 5122 aedes
1414 5049 1646 5138 commigrare
1659 5046 1863 5125 voluerunt,
1888 5041 1982 5133 quod
2000 5033 2067 5105 hoc

43 5158 255 5249 aucupium,
280 5160 378 5252 quod
393 5181 469 5228 non
485 5153 635 5229 Scholae
651 5158 789 5244 studio,
814 5180 888 5226 non
906 5156 1034 5226 iuven·
1082 5150 1364 5226 adolescentibus
1380 5163 1415 5222 et
1431 5149 1540 5223 tutius
1565 5162 1600 5220 et
1620 5146 1741 5218 utilius
1764 5166 1838 5214 esse
1853 5142 2069 5211 iudicamnt.

43 5260 132 5331 tutis
150 5258 286 5341 salute,
317 5280 392 5327 non
413 5259 569 5353 denique
586 5261 695 5330 officii
715 5258 828 5330 nostri
850 5256 1035 5346 religione,
1083 5255 1171 5326 Plus
1185 5253 1282 5324 enim
1298 5254 1531 5324 conductores
1551 5251 1626 5319 fere
1651 5247 1807 5330 civibus,
1831 5261 1937 5334 quam
1954 5232 2070 5310 Scho-

42 5364 105 5432 sed
129 5354 296 5453 quaesto·
320 5358 514 5453 eupiditate
536 5361 680 5436 adducti
701 5360 832 5448 simus,
864 5373 904 5434 ut
926 5358 1035 5430 disci·
1084 5358 1138 5429 lae
1154 5356 1310 5450 pendere
1324 5367 1510 5447 coguntur.
1563 5348 1794 5444 Quapropter
1808 5336 1901 5413 hanc
1917 5352 2071 5413 veterem
