4680 6038
162 165 239 243 eos
400 110 613 247 scetere
638 157 715 231 ΡΗ.
741 154 859 236 uun.
884 154 955 230 xo
978 154 1108 235 msc
1135 153 1281 236 naor.
1304 153 1374 231 ur
1399 156 1594 241 anuos.
1619 159 1945 245 securarum.
2118 173 2186 247 sot

163 343 210 415 sit
230 337 409 432 sexaginta
433 336 578 421 diebus,
603 346 639 405 et
656 332 791 404 oraculi
813 355 953 403 versute
982 328 1058 425 ἥξει
1075 327 1152 405 dao-
1203 330 1281 399 dias
1305 325 1495 423 Sophoclis
1515 347 1549 406 et
1570 329 1767 430 Euripidis.
1825 338 1861 413 Τ
1860 352 1968 412 antus
1997 335 2122 413 honos
2149 346 2190 419 ab

162 440 290 543 praxis
312 435 487 535 πόλεμος,
519 432 585 511 καὶ
607 431 733 530 λοιμὸς
753 430 822 528 ἀμ’
842 432 965 530 αὐτῷ,
1001 435 1066 505 ubi
1082 437 1151 504 du·
1203 431 1398 522 ingeniosis
1413 428 1621 509 hominibus
1638 432 1781 512 habitus
1797 455 1850 513 est
1868 445 1977 515 bonis
1993 445 2152 537 scriptis.
2192 510 2197 519 .

161 548 317 620 bitatum
336 546 423 628 fuit,
463 542 571 635 pestis
592 563 638 609 ne
668 561 715 609 an
743 540 853 608 fames
879 537 1151 627 significaretur.

164 649 238 724 sed
254 659 510 721 concurrerunt
523 643 656 714 omnia.
706 639 861 731 Legatur
881 654 999 710 autem
1015 642 1151 731 integra

164 748 315 824 historia
329 751 424 842 ap'ud
440 744 690 841 Thucydidem
706 757 739 813 et
752 739 1040 836 Xenophontem,
1068 744 1151 837 quia

164 855 318 947 insignis
345 849 636 924 commonefactio
661 859 713 917 est
743 848 787 915 de
815 848 869 917 ira
893 842 960 914 Dei
984 844 1153 918 advers'us
1304 837 1358 913 Ne
1379 841 1474 915 inter
1496 846 1623 917 iratres
1644 846 2044 938 de'regno'certamina
2060 858 2192 930 oriren-

165 950 356 1029 bominum
373 955 516 1038 scelera,
542 952 634 1022 etde
649 949 766 1021 stultis
781 944 968 1020 hominum
983 950 1153 1030 consiliis,
1204 957 1279 1031 tur,
1307 943 1439 1016 Darius
1454 940 1595 1019 Notbus
1609 962 1692 1020 ante
1713 971 1813 1021 suam
1829 969 1985 1027 mortem
2001 957 2123 1029 filium
2137 986 2192 1033 na-

166 1061 231 1155 qui
253 1048 347 1132 bella
369 1081 444 1127 non
468 1053 661 1125 necessaria
685 1066 830 1124 movent
852 1053 947 1122 odiis
969 1067 1032 1123 aut
1052 1074 1153 1122 caeca
1204 1061 1243 1118 tu
1281 1048 1496 1135 maximum,
1539 1047 1777 1137 Artaxerxen,
1835 1079 1957 1146 regem
1998 1062 2190 1136 constituit.

165 1162 379 1247 ambitione,
411 1173 453 1230 ut
478 1158 582 1229 initio
612 1158 651 1224 in
677 1154 772 1224 bello
788 1157 979 1225 >movendo
1001 1153 1154 1225 Pericles
1205 1149 1374 1221 Tradidit
1392 1165 1511 1222 autem
1536 1156 1691 1224 secundo
1717 1155 1810 1241 filio,
1844 1156 1963 1252 Cyro,
1996 1162 2082 1233 sine
2108 1168 2191 1255 regio

164 1265 276 1356 magis
299 1264 383 1335 odio
407 1259 690 1351 Megarensium,
717 1281 823 1349 quam
841 1257 921 1327 aliis
943 1258 1057 1327 causis
1073 1282 1152 1326 mo·
1205 1252 1351 1321 nomine
1381 1255 1648 1344 gubernandam
1671 1254 1823 1348 Lydiam
1852 1273 1887 1331 et
1910 1259 2075 1334 leniam.
2131 1267 2194 1338 Sed

165 1381 225 1439 tus
241 1380 304 1441 est.
355 1363 483 1436 Postea
497 1360 700 1433 Alcibiades
715 1360 848 1429 bellum
863 1361 987 1430 intulit
1000 1360 1154 1444 Siciliae,
1207 1367 1451 1446 postmortem
1467 1359 1598 1448 patris,
1626 1356 1741 1452 Cyrus
1755 1360 1830 1430 sive
1847 1384 1867 1430 a
1883 1378 2000 1434 matre
2018 1366 2193 1455 incitatus,

164 1481 307 1539 tantum
331 1467 439 1538 stulta
461 1479 495 1535 et
519 1462 671 1533 iuvenili
692 1462 900 1534 ambitione.
952 1460 1050 1561 llaec
1073 1487 1153 1532 cum
1206 1481 1295 1551 quae
1308 1459 1432 1529 oderat
1446 1461 1632 1549 coniugem
1647 1463 1868 1543 Artaxerxis,
1893 1466 1972 1535 sive
1988 1468 2127 1564 alioqui
2142 1496 2191 1542 ar·

162 1570 337 1662 legimus,
369 1566 645 1639 commonebant
668 1562 780 1633 animi
806 1579 841 1632 et
864 1567 908 1632 de
931 1566 1059 1634 timore
1074 1562 1154 1649 Dei,
1206 1564 1292 1629 dens
1313 1561 1506 1652 cupiditate
1525 1562 1800 1650 dominationis,
1825 1566 1962 1636 bellum
1981 1571 2090 1641 fratri
2106 1575 2193 1645 intu-

165 1686 202 1744 et
215 1674 259 1743 de
273 1670 466 1749 modestia,
492 1681 533 1737 ut
549 1666 698 1737 dicitnr:
725 1659 888 1763 llleyca'la
904 1660 1063 1751 διώκειν,
1090 1662 1153 1738 καὶ
1206 1662 1265 1746 lit,
1291 1675 1325 1731 et
1347 1687 1516 1753 magnum
1538 1666 1728 1735 exercitum
1753 1692 1794 1736 cx
1810 1669 1953 1739 minore
1968 1670 2064 1741 Asia
2074 1678 2189 1746 adver-

162 1769 211 1846 τὰ
226 1767 395 1872 παρόγτα
411 1767 456 1844 οὐ
473 1766 599 1868 φέρειν
606 1821 621 1857 ,
646 1765 886 1862 μαινομένων
901 1766 935 1840 οἱ
952 1762 993 1840 di·
1009 1763 1151 1865 τρόποι.
1205 1787 1264 1834 sus
1284 1764 1429 1834 fratrem
1462 1767 1555 1837 ultra
1583 1762 1792 1858 Euphraten
1821 1773 1936 1844 duxit.
1993 1771 2129 1846 lnterea
2157 1795 2189 1852 et

1205 1864 1416 1937 Artaxerxes
1438 1869 1613 1939 contraxit
1635 1892 1802 1959 magnum
1818 1875 2042 1960 exercitum,
2067 1893 2184 1949 etcum

461 1932 505 2008 D
514 1962 544 2039 e,
558 1934 673 2010 “ibe
698 1941 851 2011 mma·
1204 1965 1297 2063 Cyro
1314 1969 1508 2044 dimicavit.
1561 1969 1603 2040 ln
1619 1995 1659 2041 eo
1677 1973 1810 2061 praelio
1824 1973 1944 2069 Cyrus
1956 1978 2106 2050 fratrem
2117 1984 2186 2053 rul-

268 2075 447 2165 Tempore
478 2068 684 2144 Artaxerxis
711 2070 930 2161 Longimani
958 2084 992 2141 et
1014 2067 1153 2141 Romae
1205 2072 1360 2156 necavit,
1398 2085 1434 2141 et
1464 2085 1600 2165 partem
1633 2076 1804 2146 exercitus
1830 2078 1907 2146 eius
1936 2078 2021 2149 loco
2055 2085 2190 2176 pepulit.

162 2178 314 2269 insignis
339 2176 488 2250 mutatio
512 2178 602 2246 iacta
625 2188 687 2244 est.
739 2173 1016 2246 scribendarum
1033 2171 1152 2260 legum
1204 2172 1275 2244 Sed
1291 2174 1474 2269 aliquanto
1492 2189 1572 2268 post
1588 2200 1668 2246 cum
1688 2178 1919 2268 paucioribus
1937 2181 2142 2277 irrumpens
2154 2187 2190 2256 in

162 2303 267 2351 causa
291 2278 497 2351 Decemviri
521 2276 629 2348 creati
649 2288 750 2362 sunt,
783 2301 872 2369 quae
906 2271 1054 2345 historia
1080 2288 1152 2344 tota
1204 2276 1339 2345 medios
1361 2272 1479 2348 hostes
1501 2276 1634 2372 Cyrus,
1659 2279 1864 2351 interiectus
1885 2297 1951 2354 est.
2009 2283 2062 2356 lta
2077 2289 2188 2374 irater,

162 2384 259 2477 apud
284 2381 429 2453 Livium
455 2381 603 2470 legenda
630 2392 709 2454 est·
744 2374 979 2449 Occasionem
1001 2377 1152 2446 consilio
1205 2379 1356 2471 quisine
1372 2379 1463 2450 iusta
1480 2405 1583 2452 causa
1605 2383 1739 2453 bellum
1757 2387 2189 2463 moverutadversnslra·

159 2484 281 2575 legum
298 2484 566 2554 scribendarum
580 2483 824 2572 praebuerunt
845 2495 879 2551 et
894 2479 1043 2549 saevicia
1060 2478 1152 2547 Foe-
1205 2495 1348 2551 tremet
1372 2506 1508 2572 regem,
1542 2507 1745 2576 quanquam
1768 2485 1901 2556 multae
1922 2487 1964 2558 in
1990 2514 2034 2560 eo
2053 2517 2184 2583 maguae

160 2600 390 2670 necatorum,
415 2599 451 2657 et
470 2583 677 2655 Nobilitatis
698 2585 881 2676 superbiet,
908 2604 1000 2676 quae
1021 2581 1151 2651 iudicia
1205 2584 1352 2655 virtutes
1374 2585 1538 2672 luerunt,
1567 2599 1602 2655 et
1624 2588 1753 2657 robore
1778 2588 1955 2661 exercitus
1978 2598 2188 2683 antecelluit,

161 2688 341 2761 eludebat.
1204 2686 1330 2756 divino
1343 2685 1477 2758 iudicio
1493 2701 1677 2778 superatus
1694 2702 1763 2774 est,
1790 2704 1824 2760 et
1846 2691 1943 2765 inter
1962 2699 2120 2788 exempla
2136 2724 2188 2770 re-

777 2783 780 2789 ’
1204 2789 1371 2859 serendus
1400 2804 1471 2875 est,
1508 2793 1553 2859 de
1581 2791 1711 2882 quibus
1743 2792 1886 2882 regulae
1920 2800 2186 2871 concionantur:

160 2854 866 2950 DariasNotbas,seatasrea
891 2860 1150 2932 Persarum.
1204 2888 1277 2980 Qui
1296 2891 1454 2980 gladium
1477 2893 1669 2984 acceperit,
1695 2894 1815 2983 gladio
1838 2897 1991 2986 peribit.
2039 2901 2181 2995 Quipo-

238 2995 348 3069 -Non
360 2995 430 3068 tuit
444 2995 538 3066 filius
552 2989 759 3065 Artaxerxis
772 2991 1008 3083 Longimani,
1034 2995 1097 3064 sed
1109 3006 1151 3065 ut
1203 2994 1316 3064 testati
1336 2993 1526 3080 resistunt,
1558 2996 1754 3087 punientur
1779 3011 1844 3071 etc.
1899 2997 2062 3074 Virtutes
2077 3005 2185 3076 eiusa

161 3098 315 3187 dicitur,
338 3099 488 3169 maritus
511 3097 644 3168 sororis
668 3096 791 3187 ipsius.
842 3094 1020 3186 Regnavit
1035 3118 1150 3166 annos
1202 3090 1461 3187 Xenophonte,
1485 3097 1586 3167 cuius
1598 3098 1704 3169 titulo
1719 3113 1813 3171 extat
1828 3094 1986 3175 historia
2002 3099 2187 3178 buiusbel-

163 3201 225 3288 19,
245 3214 287 3273 ut
302 3214 491 3272 numerant
506 3195 789 3271 etMetasthenes
804 3209 838 3268 et
853 3195 992 3270 Graeci.
1030 3197 1150 3269 Huius
1202 3199 1247 3282 li,
1273 3192 1468 3270 honorifice
1490 3201 1751 3271 describuntur.
1802 3203 1952 3274 iusticia
1978 3207 2020 3276 in
2036 3210 2188 3303 imperio,

159 3317 320 3396 tempore
337 3303 443 3373 missa
458 3315 510 3372 est
533 3302 572 3370 in
586 3300 749 3373 Siciliam
769 3299 888 3370 classis
903 3297 1041 3386 Attica,
1068 3325 1148 3371 cum
1201 3299 1307 3369 Fides
1335 3303 1373 3368 in
1401 3302 1532 3391 pactis,
1564 3301 1742 3373 Modestia
1768 3317 1803 3374 et
1827 3302 2087 3381 lllunilicentia
2116 3336 2188 3404 erga

159 3406 314 3477 exercitu
333 3405 567 3498 quadraginta
583 3403 739 3472 millium
762 3397 972 3487 bominum,
999 3404 1148 3474 ducibus
1201 3401 1383 3494 Principes
1399 3416 1433 3472 et
1445 3402 1690 3495 Respublicas,
1717 3403 1907 3478 Fortitudo
1923 3410 1968 3478 in
1985 3414 2188 3499 dimicando,

159 3506 348 3580 Alcibiade
371 3521 406 3577 et
427 3504 542 3579 Nicia.
594 3504 663 3575 llic
686 3516 782 3576 totus
804 3505 1148 3575 exercitustrucida·
1200 3501 1357 3574 Comites
1379 3526 1460 3594 erga
1484 3506 1627 3580 amicos.
1687 3506 1760 3577 Nec
1783 3509 1913 3578 mirum
1943 3529 2050 3597 erat,
2077 3519 2186 3612 inquit,

159 3624 219 3682 tus
251 3623 320 3694 est,
354 3621 493 3700 praeter
517 3629 668 3699 paucos,
700 3607 764 3700 qui
796 3608 878 3696 suga
911 3606 1022 3699 elapsi
1054 3620 1147 3677 sunt.
1199 3629 1366 3695 superare
1379 3631 1461 3677 eum
1478 3633 1601 3678 omnes
1617 3610 1863 3699 magnitudine
1883 3614 2098 3699 donorum,
2119 3642 2180 3689 eun

159 3710 293 3783 Fuerat
314 3724 433 3783 autem
459 3721 619 3798 suscepta
646 3703 731 3778 haec
759 3709 935 3800 expeditio
958 3709 1147 3800 praecipue
1200 3708 1395 3778 ditissimus
1417 3723 1516 3782 esset.
1576 3709 1648 3782 Sed
1668 3713 1874 3784 liberalitati
1894 3717 2040 3789 addere
2058 3724 2183 3793 comita·

158 3812 360 3886 Alcibiadis
394 3811 608 3891 ambitione,
651 3810 714 3901 qni
747 3810 882 3901 populo
916 3824 1147 3902 persuaserat,
1200 3823 1269 3879 tem
1284 3825 1319 3881 et
1331 3811 1546 3899 singularem
1562 3814 1746 3899 delectum,
1770 3814 1983 3888 mirandum
2003 3837 2073 3898 est.
2115 3824 2185 3896 See

157 3910 319 3986 Athenas
351 3928 425 3986 tota
458 3912 580 3985 Sicilia
613 3915 786 4003 potiturus
813 3934 897 3984 esse.
948 3910 1024 3983 Nec
1044 3935 1145 3983 causa
1199 3937 1242 4003 pe
1261 3912 1404 4003 lagenas
1419 3914 1631 4004 semiplenas
1644 3919 1740 3987 misit
1753 3918 1895 4002 amicis,
1923 3921 2067 3996 iubens
2082 3941 2121 3998 ut
2133 3923 2186 3997 bo·

156 4018 246 4088 belli
259 4015 453 4089 necessaria
468 4029 563 4100 erat,
589 4039 654 4084 nec
678 4036 742 4105 pac
762 4030 839 4087 erat
855 4014 970 4084 Attica
988 4015 1145 4108 potentia
1198 4015 1255 4084 die
1270 4039 1351 4084 cum
1366 4017 1489 4086 amicis
1504 4017 1688 4104 biberent,
1714 4018 1797 4112 quia
1823 4019 1883 4089 diu
1903 4025 2059 4097 nullum
2075 4030 2185 4100 melius

158 4121 266 4190 simul
293 4119 486 4191 domestico
510 4130 552 4186 et·
570 4130 715 4187 externo
735 4116 850 4195 bello.
877 4118 1145 4209 sedcupiditate
1197 4118 1322 4187 vinum
1339 4113 1530 4189 habuisset.
1577 4118 1718 4192 Laudat
1734 4134 1871 4208 autem,
1891 4128 2184 4220 semiplenasni.

157 4235 194 4291 et
209 4245 308 4292 caeca
333 4242 394 4311 spe
411 4219 551 4288 incitati
567 4213 729 4289 homines
750 4243 853 4310 saepe
870 4219 1001 4289 iniusta
1018 4233 1051 4290 et
1068 4244 1145 4288 ma·
1197 4219 1299 4301 sisse,
1325 4235 1367 4291 ut
1383 4220 1573 4310 significet,
1600 4225 1645 4292 de
1660 4249 1701 4295 eo
1727 4224 1882 4311 misisse,
1908 4251 1987 4319 quo
2008 4233 2089 4323 ipse
2104 4237 2185 4309 [cue

155 4321 235 4393 iora
248 4322 386 4393 viribus
401 4332 564 4403 movent,
590 4321 686 4391 iuxta
703 4321 855 4392 dictum:
882 4314 1055 4392 Ma'ratoe
1069 4318 1144 4413 μα’·
1196 4322 1302 4392 batur
1318 4335 1353 4393 et
1365 4322 1626 4410 delectabatur,
1651 4341 1685 4398 et
1701 4322 1794 4396 nihil
1810 4327 1842 4394 ei
1863 4328 1943 4398 sine
1967 4336 2099 4405 amicis
2119 4359 2185 4405 sus-

156 4448 245 4496 ταια
261 4416 472 4521 λογίζονται
484 4416 549 4495 ded
564 4418 775 4516 ἐπιθυμίας.
827 4421 877 4494 Et
891 4421 1069 4494 Pindarus
1086 4424 1144 4491 in·
1196 4448 1239 4493 ve
1263 4447 1346 4509 esse.
1397 4423 1457 4496 Sic
1479 4439 1514 4497 et
1536 4450 1677 4498 anseres
1706 4450 1856 4499 semesos
1882 4430 1936 4503 ait
1957 4436 2092 4509 amicis
2118 4458 2206 4523 cun,

156 4525 251 4620 quit:
285 4524 486 4596 Hominum
506 4526 665 4594 membra
690 4527 833 4615 alligata
856 4547 930 4597 esse
945 4526 1144 4617 impudenti
1195 4526 1343 4598 misisse.
1563 4567 1569 4578 ·
2073 4558 2078 4567 ·

156 4629 247 4720 spei:
272 4621 595 4701 aeternamm
617 4621 847 4726 llnideyeia.
900 4626 1144 4700 Talescausae
1297 4628 1384 4701 Post
1404 4627 1490 4725 Cyri
1512 4643 1664 4701 mortem
1682 4645 1782 4722 capta
1804 4644 1857 4702 est
1880 4633 1919 4702 in
1937 4636 2186 4733 castrisAspa·

154 4752 237 4803 cum
260 4752 413 4821 poenam
443 4742 478 4801 et
500 4749 645 4818 magnas
677 4730 892 4802 calamitates
918 4733 1143 4803 attraxerint:
1196 4733 1265 4816 sia,
1298 4733 1428 4803 mulier
1460 4731 1599 4813 lonica,
1633 4756 1739 4824 quam
1765 4731 1881 4828 Cyrus
1909 4741 2032 4830 magis
2055 4745 2187 4825 amarit.

153 4825 225 4902 hoc
248 4832 445 4924 exemplum
466 4844 607 4910 monet,
639 4845 680 4901 ut
700 4833 858 4902 modeste
880 4835 1074 4903 necessaria
1090 4835 1146 4902 sa-
1167 4882 1170 4917 ,
1195 4859 1301 4928 qiiam
1326 4846 1479 4905 caeteras
1502 4835 1729 4905 concubinas.
1781 4839 1883 4907 Adeo
1902 4841 2006 4911 enim
2032 4859 2069 4915 et
2084 4845 2188 4917 forus

153 4931 307 5018 damus,
341 4956 406 5003 nec
429 4932 537 5005 stulta
555 4933 751 5007 ambitione
772 4959 977 5006 moveamus
991 4958 1047 5004 res
1069 4960 1143 5005 nou
1196 4936 1386 5024 etingenio
1403 4937 1625 5021 antecelluit,
1650 4951 1690 5009 ut
1707 4940 1888 5009 nonsinata
1913 4943 1958 5011 sit
1988 4942 2112 5040 Zopr}
2130 4940 2185 5017 eal

151 5035 376 5107 necessarias.
667 5110 671 5119 ,
1166 5033 1298 5129 {eselci
1352 5035 1455 5108 Hauc
1471 5051 1608 5129 captam
1628 5037 1838 5109 Artaxerxes
1853 5042 1958 5111 valde
1975 5067 2187 5117 amaresce-

254 5135 415 5225 Dignum
432 5135 609 5207 'memoria
636 5151 671 5209 et
696 5133 763 5207 hoc
784 5150 855 5220 est,
888 5140 987 5230 quod
1010 5139 1142 5229 captivi
1166 5126 1169 5161 ¹
1193 5140 1259 5231 pit.
1310 5135 1402 5231 Cum
1429 5154 1546 5212 autem
1573 5140 1688 5209 filium
1710 5138 1861 5211 Darium
1882 5167 2008 5234 regem
2033 5164 2186 5227 creasset.

151 5234 391 5310 Athenienses
405 5236 507 5307 multi
526 5235 665 5305 dimissi
680 5252 765 5306 sunt
782 5252 926 5327 propter
944 5236 1010 5309 hoc
1024 5241 1142 5309 solum
1165 5306 1169 5321 ,
1194 5255 1228 5310 et
1244 5243 1464 5311 consuetudo
1481 5257 1587 5324 esset,
1618 5253 1659 5312 ut
1673 5243 1750 5327 die,
1783 5268 1855 5336 quo
1872 5261 1976 5336 pater
2000 5251 2120 5322 filium
2137 5277 2185 5323 te-

150 5339 326 5420 officium.
353 5341 450 5433 quod
468 5337 600 5412 Siculis
618 5338 967 5413 communicaverant
984 5339 1143 5430 Tragoe·
1164 5399 1168 5411 .
1193 5363 1275 5430 gem
1310 5343 1601 5429 renunciaverat,
1639 5343 1761 5417 liceret
1795 5345 1869 5415 hlio
1900 5349 2046 5425 donum
2078 5370 2184 5448 petere

1229 605 1533 678 Artaxerxes
1557 609 1789 697 ilIreemoa,
1828 618 2070 704 septimas
2091 638 2174 691 ree

1563 714 1832 786 Persarum.
