4680 6038
148 167 223 241 soo
390 94 602 236 scatr'm
628 149 706 230 en.
732 148 942 227 nunno
968 149 1096 226 ntsr.
1122 144 1268 225 naor.
1292 146 1361 223 nr
1387 142 1577 223 anuos.
1604 145 1931 225 seraranan.
2101 151 2174 230 too

150 339 256 414 melia
279 334 489 407 offecturum
510 350 605 408 essa,
628 347 670 399 oc
691 323 775 395 satis
794 324 865 396 sibi
880 346 974 406 esse,
999 324 1029 394 si
1046 325 1138 397 iusta
1189 320 1305 407 niam,
1333 332 1377 393 ut
1396 316 1571 391 Graeciae
1594 319 1732 392 bellum
1760 320 1931 411 inferret,
1962 322 2182 411 demerim,

152 443 285 516 iaciens
300 449 335 511 et
351 435 472 509 dicens
485 428 673 524 Spartanis
694 428 768 498 suis
787 428 932 520 placeat.
985 425 1085 500 Fecit
1107 440 1142 499 et
1191 421 1437 516 desperatione
1452 422 1503 493 rei
1520 436 1659 509 tantae,
1685 447 1727 496 ac
1742 424 1933 518 praecipue
1948 439 2057 499 metu
2070 423 2183 501 Cino-

153 546 224 617 alia
238 542 408 613 modeste.
456 532 612 607 Remisit
625 529 798 623 captivam
813 530 971 601 nobilem
989 532 1033 599 ad
1050 553 1143 600 suos.
1193 527 1269 612 nis,
1294 525 1414 596 omisit
1427 525 1708 618 expeditionem,
1734 540 1770 597 et
1785 542 1941 600 mortem
1965 529 2042 601 sibi
2057 532 2186 604 cond·

155 645 228 721 Sed
244 622 339 715 idem
353 637 546 711 Pausanias
562 658 641 705 cnm
658 645 777 724 postea
788 631 1000 727 Byzantium
1015 631 1144 704 Graeci
1196 630 1266 714 vit,
1296 624 1423 701 hausto
1451 652 1514 700 sen
1542 628 1685 699 taurino
1717 630 1908 721 sanguine,
1942 654 2011 703 seu
2038 654 2189 720 veneno,

156 755 401 841 occupassent,
435 740 550 810 lactus
579 735 753 825 superbus
783 749 818 806 et
844 736 998 806 crudelis
1027 735 1147 826 rapuit
1197 754 1278 803 cum
1300 731 1445 824 quidem
1468 731 1613 802 vixisset
1634 754 1749 802 annos
1766 733 1930 828 quinque
1951 734 2189 825 etsmgiute.

80 850 83 857 ’
156 842 269 921 tiliam
292 843 473 942 praecipui
496 840 584 911 civis
605 836 787 930 Byzantii,
813 849 848 909 et
870 833 962 908 hanc
984 839 1147 908 noctuin
1197 833 1267 904 llic
1287 832 1356 904 init
1377 833 1490 904 exitus
1513 834 1605 905 tanti
1620 834 1709 920 viri,
1731 837 1893 928 quicum
1913 837 2188 911 exeelluuitsa·

159 953 277 1025 subita
301 944 587 1020 consternatione
605 940 794 1015 interiecit.
846 937 886 1010 ld
905 931 1151 1024 cumieeisset,
1199 936 1354 1030 pientia,
1378 936 1485 1007 stulte
1505 949 1625 1008 tamen
1647 959 1684 1005 se
1700 937 1865 1010 adiunxit
1876 939 2009 1011 inlidis
2027 935 2191 1028 hostibus

160 1079 203 1127 ex
223 1066 338 1125 statua
362 1049 478 1120 editus
504 1058 555 1116 est
577 1037 636 1113 hic
660 1062 800 1125 versus,
834 1066 986 1132 poenam
1007 1043 1150 1112 dennu-
1200 1052 1236 1110 et
1258 1039 1363 1128 longe
1388 1038 1524 1109 maiora
1545 1037 1681 1108 viribus
1704 1039 1779 1111 suis
1802 1041 1996 1134 promisit,
2021 1057 2060 1114 et
2075 1044 2189 1115 suein

160 1157 274 1226 cians:
310 1153 429 1244 στεῖχε
448 1142 554 1241 δίκης
575 1137 716 1233 ἆσσον,
741 1137 845 1237 μάλα
864 1170 923 1218 τοι
942 1139 1060 1218 κακὸν
1084 1143 1151 1218 ἄν·
1201 1155 1340 1214 tantum
1364 1141 1562 1233 periculum
1584 1141 1750 1225 adduxit,
1781 1157 1821 1215 ut
1841 1157 2005 1215 mortem
2031 1145 2191 1217 sihiooo·

161 1253 297 1354 ὅρασιν
318 1250 441 1348 ὕβρις.
1203 1245 1349 1314 sciscere
1364 1245 1497 1329 mallet,
1521 1268 1627 1336 quam
1643 1259 1824 1334 expectare
1840 1240 2047 1319 tristiorem
2062 1249 2193 1335 exitum

266 1356 405 1428 Deinde
422 1376 501 1424 cum
511 1350 630 1422 Persis
644 1350 785 1419 foedera
799 1351 913 1420 lacere
929 1365 1078 1421 conatus
1093 1364 1155 1435 est,
1179 1418 1182 1423 ,
1204 1372 1284 1417 cnm
1308 1362 1479 1418 metueret
1502 1348 1599 1430 lore,
1625 1361 1667 1417 nt
1687 1346 1742 1416 vel
1764 1345 1954 1422 aGraecis
1972 1351 2035 1421 vel
2052 1375 2073 1421 a
2088 1350 2193 1423 Persis

166 1458 234 1533 hac
249 1457 475 1538 conditione,
500 1466 541 1525 ut
555 1455 702 1523 daretur
714 1452 782 1521 sibi
798 1476 904 1532 uxor,
931 1452 1003 1521 filia
1018 1451 1156 1538 Xerxis,
1179 1428 1183 1489 ¹
1206 1448 1471 1521 interficeretur.
1524 1447 1625 1518 Adeo
1643 1448 1790 1519 infoelix
1806 1465 1859 1520 est
1872 1453 2062 1544 sapientia
2079 1448 2193 1522 hnma-

166 1579 201 1636 et
223 1573 264 1633 ut
278 1560 423 1632 adiutus
439 1555 590 1627 Persicis
614 1553 756 1624 auxiliis
775 1577 836 1623 rex
851 1550 1024 1624 Graeciae
1047 1556 1157 1639 lieret,
1179 1518 1184 1603 l
1207 1576 1272 1636 na,
1297 1577 1377 1621 cnm
1402 1579 1421 1621 a
1442 1550 1518 1621 Deo
1539 1546 1734 1636 deseritur,
1760 1551 1857 1622 iuxta
1874 1548 1970 1624 haec
1985 1556 2099 1626 dicta:
2121 1553 2193 1627 Non

167 1686 316 1758 amque
338 1659 482 1735 Persico
514 1656 665 1747 imperio
696 1656 898 1730 subiiceret.
956 1655 1157 1728 Revocatus
1181 1612 1185 1717 l
1206 1667 1321 1746 potest
1334 1655 1405 1725 sibi
1419 1648 1528 1724 homo
1543 1678 1682 1725 sumere
1698 1655 1914 1749 quicquam,
1943 1657 2023 1726 uisi
2037 1658 2193 1728 siteids-

168 1768 278 1859 igitur
293 1787 335 1835 ex
352 1761 525 1857 Byzantio
542 1782 622 1829 cnm
635 1752 774 1849 Ephori
796 1781 877 1828 eum
901 1755 1158 1850 deprehensuri
1209 1771 1285 1829 turn
1307 1780 1327 1825 a
1347 1753 1435 1828 Deo.
1487 1755 1594 1827 item:
1624 1755 1707 1828 Scio
1727 1754 1909 1844 Domine,
1935 1761 2044 1853 quod
2064 1782 2131 1831 oon
2147 1773 2195 1830 est

169 1884 208 1939 et
227 1869 268 1937 in
290 1887 464 1937 carcerem
487 1861 630 1932 ducturi
653 1872 786 1944 essent,
810 1860 956 1950 fugitin
973 1864 1159 1956 templum.
1209 1855 1367 1929 hominis
1390 1860 1448 1929 via
1468 1859 1556 1934 eius.
1612 1859 1701 1931 Item
1729 1860 1770 1929 in
1794 1857 1969 1952 Epistola
1998 1859 2121 1933 lecohi:
2151 1860 2192 1934 Si

171 1969 227 2042 lbi
246 1993 327 2039 cum
341 1965 524 2037 audissent
536 1958 675 2054 Ephori
695 1963 811 2053 ipsum
826 1964 996 2035 fatentem
1014 1966 1161 2051 crimen,
1210 1963 1290 2056 quis
1306 1961 1442 2052 indiget
1456 1961 1650 2055 sapientia,
1676 1976 1806 2054 potata
1823 1963 1903 2034 Deo
1917 1976 1993 2037 etc.

171 2071 332 2143 inclusus
362 2069 455 2137 lame
477 2064 593 2156 periit.
653 2059 701 2136 Et
725 2077 839 2135 mater
861 2061 1044 2153 Alcitltea,
1077 2092 1158 2138 cum
1311 2061 1402 2135 Cum
1418 2064 1691 2136 Lacedaemonii
1707 2065 1903 2153 fugientem
1921 2090 1973 2136 ex
1988 2062 2137 2138 Graecia
2150 2088 2197 2136 se-

171 2195 275 2243 muro
291 2171 385 2241 fores
401 2169 688 2251 obstruerentur,
714 2168 871 2256 primurn
893 2167 1047 2260 lapidem
1062 2170 1102 2240 in
1119 2195 1160 2241 ea
1211 2180 1425 2263 querentur,
1447 2180 1489 2238 nt
1507 2168 1625 2260 ipsum
1651 2167 1913 2255 interficerent,
1942 2168 2042 2258 fugit
2056 2168 2197 2263 primum

171 2272 418 2346 obstructione
443 2269 585 2341 locavit.
645 2266 715 2339 Hic
737 2268 851 2338 exitus
876 2267 1073 2342 Pausaniae
1094 2272 1164 2343 luit
1205 2275 1256 2340 'ad
1286 2270 1480 2341 Admetum
1510 2293 1629 2358 regem
1657 2268 1924 2357 Molossorum,
1972 2272 2040 2366 qni
2070 2270 2197 2343 cumei

172 2400 213 2446 eo
230 2374 384 2459 tristior,
409 2371 506 2466 quod
528 2371 701 2456 ostendit,
726 2381 861 2442 tantam
880 2394 954 2442 esse
971 2373 1161 2445 imbecilli·
1212 2373 1380 2443 inimicus
1397 2387 1504 2457 esset,
1527 2373 1686 2442 monitus
1707 2374 1752 2442 ab
1768 2396 1882 2443 uxore
1896 2370 2078 2456 Admeti,
2099 2374 2198 2446 beru

171 2491 280 2551 tatem
295 2489 443 2547 naturae
459 2468 659 2555 hominum,
684 2486 813 2545 utnon
827 2474 943 2545 solum
958 2476 1103 2548 fortuna
1118 2479 1163 2547 sit
1214 2488 1265 2545 est
1283 2475 1315 2542 ei
1331 2475 1495 2567 supplex,
1517 2470 1585 2545 hoc
1600 2475 1773 2564 singulari
1788 2476 1881 2562 ritu,
1908 2500 2027 2570 quem
2049 2478 2196 2549 docuerat

173 2577 372 2664 instabilis,
402 2577 463 2647 sed
494 2575 606 2648 virtus
635 2576 764 2660 etiam,
793 2599 885 2667 qnae
906 2577 1107 2649 durabilior
1129 2591 1164 2649 et
1215 2578 1406 2666 cumregia
1426 2577 1595 2647 coniunx.
1642 2575 1734 2646 Cum
1750 2579 1899 2646 domum
1920 2581 2068 2651 veniret
2082 2578 2199 2653 Adme-

174 2680 313 2752 firmior
335 2702 409 2751 esse
424 2678 577 2750 debebat
592 2677 629 2745 in
649 2677 916 2769 praestantibus
932 2679 1036 2765 viris,
1063 2705 1164 2772 saepe
1215 2693 1290 2763 tus,
1324 2680 1362 2748 in
1387 2680 1563 2749 vestibulo
1591 2681 1636 2747 ad
1665 2703 1766 2749 aram
1794 2674 2071 2754 Themistocles
2092 2696 2198 2755 noem

177 2782 415 2871 extinguatur.
466 2782 711 2871 Agnoscamus
726 2779 836 2868 igitur
851 2792 886 2851 ct
901 2795 1049 2853 naturae
1064 2784 1166 2854 infir·
1216 2781 1381 2852 manibus
1395 2781 1547 2851 filiolum
1563 2778 1733 2863 Admeti,
1757 2796 1791 2853 et
1805 2782 1906 2873 patri
1922 2786 2115 2856 ostendens
2124 2808 2196 2878 pro·

177 2885 335 2956 mitatem
355 2897 390 2954 et
415 2883 550 2954 diaboli
565 2882 810 2977 tyrannidem,
834 2895 869 2951 et
890 2896 1050 2973 petamus
1066 2887 1162 2955 auxi·
1217 2898 1295 2976 pter
1308 2908 1389 2954 eum
1406 2898 1484 2955 orat
1499 2907 1537 2953 se
1553 2885 1747 2975 supplicem
1762 2884 1893 2978 recipi,
1924 2887 2001 2959 sibi
2014 2888 2118 2980 parci,
2137 2910 2194 2957 oet

179 2986 268 3057 lium
291 3010 312 3057 a
336 2986 410 3055 filio
432 2984 518 3071 Dei,
546 2985 642 3056 iuxta
665 2986 815 3056 dictum:
843 2983 922 3055 Tua
946 2998 998 3057 est
1012 2990 1165 3080 perditio
1219 2984 1303 3056 dedi
1324 3008 1398 3056 sese
1417 2981 1592 3059 hostibus.
1644 2984 1714 3056 Hic
1738 2987 1830 3056 ritus
1844 2980 2008 3083 propter
2023 2991 2197 3081 stimp-

178 3102 335 3174 tantnm,
360 3087 399 3157 in
410 3081 482 3156 Me
496 3088 668 3158 auxilium
686 3085 806 3159 lsrael.
1218 3089 1316 3160 tendi
1335 3088 1558 3159 indicabatur
1574 3112 1646 3158 esse
1660 3090 1921 3180 sanctissimus.
1979 3090 2092 3165 Dedit
2108 3092 2200 3183 igino

282 3185 385 3261 Adeo
415 3190 579 3260 excelluit
609 3190 780 3280 sapientia
813 3184 1090 3277 Themistocles,
1128 3207 1168 3264 ut
1219 3193 1251 3261 ei
1265 3187 1439 3262 Admetus
1457 3191 1713 3285 aliquantisper
1733 3204 1852 3262 tutum
1876 3188 2102 3287 hospitium.
2143 3193 2199 3265 set

181 3292 369 3385 praecipue
380 3292 490 3383 ipsius
500 3291 659 3362 consiliis
671 3289 820 3361 Graecia
833 3292 938 3364 inerit
946 3295 1072 3364 victrix
1083 3293 1169 3364 Per-
1220 3319 1300 3364 cum
1316 3294 1455 3364 timeret
1468 3291 1643 3382 Graecos,
1669 3294 1732 3386 qui
1749 3296 1951 3386 poscebant
1968 3323 2060 3371 euru
2078 3298 2199 3370 sibide-

181 3418 313 3467 aarum.
367 3390 489 3480 Quare
512 3389 568 3463 his
587 3394 705 3463 verbis
729 3394 892 3462 laudatus
917 3408 970 3465 est
986 3420 1006 3465 a
1022 3391 1165 3491 Thucy·
1220 3398 1275 3481 di,
1301 3397 1438 3466 curarit
1455 3421 1536 3466 eum
1552 3397 1591 3465 in
1607 3397 1730 3467 Asiam
1749 3395 1953 3474 transvehi.

182 3498 284 3567 dide:
309 3493 399 3565 Erat
417 3492 676 3565 Themistocles
697 3495 882 3585 praecipue
905 3497 1035 3586 dignus
1055 3500 1170 3568 admi·
1322 3496 1405 3568 Duo
1427 3512 1545 3567 autem
1569 3499 1638 3568 viri
1653 3499 1881 3571 celebrantur
1896 3502 1941 3572 iu
1958 3528 2009 3575 eo
2027 3504 2132 3589 hello,
2149 3502 2196 3595 qui

184 3598 323 3668 ratione
341 3620 422 3689 prae
435 3597 528 3679 aliis,
555 3596 638 3688 quia
653 3597 728 3665 acie
740 3596 868 3667 mentis
881 3620 965 3669 suae
980 3623 1054 3668 non
1069 3624 1168 3690 prae·
1222 3601 1267 3669 ad
1288 3614 1441 3670 caeteras
1464 3603 1630 3684 virtutes,
1662 3603 1869 3673 modestiam
1895 3619 1935 3677 et
1954 3607 2129 3679 iusticia·
2143 3606 2190 3673 rd-

184 3699 365 3783 monitus,
395 3722 460 3767 ncc
483 3699 545 3766 diu
569 3698 817 3780 considerans,
846 3698 885 3767 in
909 3701 1015 3771 rebus
1045 3703 1172 3784 subitis
1223 3703 1428 3787 iunxerunt,
1454 3697 1639 3772 Aristides
1651 3718 1687 3775 et
1697 3693 1843 3785 Cimon,
1869 3708 1939 3800 qui
1955 3723 1998 3781 et
2013 3724 2195 3797 reem

185 3800 319 3891 optima
336 3799 484 3869 consilia
501 3796 666 3884 habebat,
691 3803 783 3870 etde
798 3800 938 3889 futuris,
961 3802 1048 3896 quid
1064 3829 1171 3875 even·
1223 3820 1256 3877 et
1273 3805 1378 3875 utiles
1395 3807 1530 3897 patriae
1544 3823 1745 3896 gesserunt,
1771 3822 1907 3878 etcum
1928 3827 2060 3884 essent
2075 3813 2109 3881 in
2121 3806 2197 3881 onai

186 3917 306 3974 turum
326 3915 436 3984 esset,
464 3901 658 3972 rectissime
680 3901 904 3975 coniiciebat.
953 3901 1002 3976 Et
1022 3908 1171 3998 quaein
1223 3908 1433 3981 officioiusti
1449 3922 1483 3979 et
1500 3909 1686 3994 moderati,
1703 3911 1862 4003 placidos
1878 3905 2199 3987 habueramus·

185 4005 381 4095 praesentia
398 4005 438 4073 in
452 4004 619 4074 manibus
635 3998 804 4088 habebat,
829 4006 1003 4098 explicare
1026 4024 1174 4099 poterat,
1324 4008 1408 4080 Fuit
1430 4027 1463 4083 et
1484 4010 1612 4081 Xerxis
1635 4014 1748 4082 exitus
1764 4014 1942 4103 tragicus,
1973 4019 2043 4112 qni
2057 4012 2200 4110 posthel-

186 4120 222 4178 et
245 4130 336 4200 quae
359 4130 433 4176 nou
460 4120 585 4189 norat,
618 4130 694 4176 non
718 4107 854 4179 destitit
878 4109 1069 4204 inquirere.
1130 4110 1171 4182 ln
1226 4113 1300 4182 lum
1330 4136 1492 4184 reversus
1523 4115 1560 4182 in
1584 4111 1728 4196 Asiam,
1763 4140 1842 4186 eum
1862 4118 1997 4191 fratris
2025 4128 2201 4192 uxornrt

187 4209 347 4278 obscuris
373 4220 491 4278 autem
514 4210 636 4292 rebus,
668 4209 755 4302 qnid
781 4209 909 4280 melius
932 4226 994 4283 aut
1018 4216 1173 4285 deterius
1225 4216 1332 4284 filiam
1358 4232 1512 4300 amaret,
1550 4219 1694 4288 fratrem
1729 4217 1920 4292 interfecit.
1989 4219 2147 4317 Sequuta
2164 4228 2202 4287 e!

188 4323 296 4396 esset,
334 4310 497 4384 omnium
523 4310 674 4381 maxime
696 4311 952 4403 prospiciebat,
994 4328 1029 4386 et
1061 4330 1102 4387 ut
1134 4318 1172 4386 in
1225 4317 1334 4408 igitur
1361 4342 1476 4410 poena
1508 4319 1658 4391 incestas
1689 4320 1860 4390 libidines
1893 4336 1930 4395 et
1967 4325 2201 4401 crudetitstn.

188 4433 326 4481 summa
342 4411 476 4495 dicam,
501 4410 656 4484 Naturae
671 4414 808 4507 viribus
824 4427 858 4486 et
882 4417 1067 4488 celerrima
1083 4421 1174 4490 deli·
1225 4421 1321 4491 iuxta
1344 4422 1486 4491 divinas
1507 4423 1664 4511 regulas:
1700 4418 1832 4493 Omnis
1849 4424 1999 4514 anima,
2026 4426 2200 4523 quaein·

186 4512 372 4585 beratione
393 4514 528 4604 optima
551 4515 589 4584 id
613 4515 781 4605 eligebat,
806 4518 904 4609 quod
920 4521 1073 4591 maxime
1089 4546 1173 4613 pro·
1225 4523 1272 4593 rit
1288 4517 1352 4593 has
1366 4525 1670 4610 abominationes,
1696 4526 1955 4605 eradicabitur.
2010 4527 2122 4601 ltem:
2149 4523 2202 4616 Qo'

185 4615 449 4690 futurumerat.
1224 4626 1384 4715 gladium
1424 4627 1614 4716 acceperit,
1653 4627 1772 4717 gladio
1806 4629 1958 4719 peribit.
2030 4629 2202 4727 Aliqum

288 4714 407 4791 Tanta
432 4741 512 4788 cum
536 4717 645 4789 luerit
665 4717 856 4813 sapientia,
882 4736 1016 4794 etcum
1040 4725 1175 4817 optime
1225 4729 1321 4797 enim
1342 4743 1422 4820 post
1441 4728 1575 4800 Xerxes
1591 4732 1636 4800 ab
1652 4731 1837 4802 Artabano
1854 4733 2080 4809 interiectus
2094 4748 2154 4807 est.

188 4816 337 4891 meritus
349 4832 459 4910 esset,
485 4832 607 4891 nmen
622 4843 664 4889 ex
678 4832 751 4891 tota
764 4818 915 4896 Graecia
930 4827 1096 4918 expulsus
1111 4842 1173 4901 est.

190 4924 244 4997 Ac
258 4920 413 5011 primum
430 4921 462 4990 ei
479 4921 610 4996 iniusta
624 4922 706 4992 odia
723 4920 1088 4999 Lacedaemoniorum
1106 4955 1171 4999 no·
1263 4900 1571 4971 ‘silwim
1598 4902 1951 4996 L⁰ndim⁰¹⁸¹⁴⁸s
1986 4909 2183 5000 ‘duim‘

190 5035 352 5093 suerunt.
402 5020 528 5094 Postea
556 5038 591 5095 et
615 5027 710 5117 apud
736 5023 830 5096 cives
857 5031 1001 5102 accesut
1024 5032 1173 5113 invidia,
1533 5022 1613 5075 ’Μ’
1634 5007 1908 5077 ΡΗΜΝΜ·

189 5121 273 5215 quia
286 5122 406 5193 minus
418 5126 576 5196 modeste
589 5127 743 5199 vivebat.
777 5121 880 5198 Exul
893 5145 1011 5225 autern
1025 5136 1069 5204 ad
1085 5131 1174 5204 Per·
1327 5130 1564 5206 Artaxerxen
1587 5129 1863 5231 Lougimonum
1885 5160 2005 5232 supra
2019 5142 2203 5216 dixirnosis

190 5246 246 5292 sas
270 5225 431 5308 accessit,
472 5238 507 5297 ct
537 5228 765 5315 promisisse
796 5228 922 5300 ducein
948 5235 1024 5305 lore
1049 5249 1174 5307 contra
1224 5231 1376 5309 Oriente
1392 5262 1540 5327 regnum
1559 5241 1712 5309 tenuisse
1734 5243 1881 5311 absente
1905 5239 2050 5319 Xerxes
2101 5242 2234 5320 Groui*

191 5319 357 5400 Graecos.
414 5323 507 5399 Cum
528 5340 646 5401 autem
666 5353 727 5400 rer
748 5327 783 5399 ei
798 5332 990 5407 exercitum
1007 5350 1042 5409 et
1064 5359 1172 5430 peen-
1223 5360 1306 5429 ergo
1320 5355 1510 5414 numerant
1525 5354 1697 5435 compost
1712 5340 1866 5420 Xerxen.
1907 5339 2052 5423 Dictus
2066 5349 2204 5425 astla·-
