4680 6038
69 216 146 296 tta
447 210 610 293 buch.
646 211 725 293 BE
761 216 1121 298 utscttttuttttt
1162 216 1369 299 LEGUM
1408 216 1599 306 POLIT.
1629 250 1714 308 erc.
2018 245 2092 319 tto

170 382 223 463 At
244 388 417 482 seriptum
439 401 492 460 est
515 390 560 459 de
573 387 744 459 zizaniis:
769 388 885 462 Sinite
907 406 1058 487 utraque
1106 407 1163 466 tus
1193 396 1349 468 officium
1381 421 1484 472 suum
1515 402 1715 496 negligunt:
1764 432 1805 480 ac
1835 424 1920 484 tunc
1944 416 2090 511 quidem

66 513 236 566 crescem
287 490 423 586 Siquis
442 485 509 560 hoc
525 491 659 561 dictum
674 514 716 561 eo
731 493 935 586 detorquet,
959 509 1001 567 ut
1023 510 1058 568 et
1105 497 1212 568 simul
1228 510 1262 567 et
1284 502 1510 590 magistratus
1526 506 1722 599 etimperia
1738 514 1850 596 delet,
1875 516 1937 610 qui
1956 519 2032 590 vult
2050 521 2090 591 in

66 595 231 664 doctores
245 606 281 667 et
302 595 526 685 magistratus
541 594 735 663 concedant
758 595 925 666 omnibus
945 597 1056 667 licen·
1104 601 1228 690 poenis
1265 604 1461 674 manifestis
1499 609 1656 699 conspici
1698 615 1898 688 testimonia
1932 619 2090 692 iusticias

66 695 151 763 tiam
170 693 329 784 fingendi
353 709 388 767 et
407 693 595 785 spargendi
615 716 843 789 quascunque
856 697 1056 789 opiniones,
1104 723 1199 772 suae.

65 790 174 865 huius
200 794 356 891 amentia
391 795 574 888 perspicue
604 795 779 868 refutatur
806 799 928 871 multis
953 824 1056 893 prae-
1123 792 1127 799 ’
1204 801 1300 874 Haec
1328 805 1485 878 breviter
1515 810 1561 879 de
1594 811 1735 885 iudiciis
1762 814 1940 890 Ecclesiae
1974 836 2009 895 et
2043 825 2090 895 de

66 896 193 989 ceptis:
245 895 397 990 Siquis
426 898 524 968 aliud
544 884 782 988 Evangelium
815 900 938 987 docet,
969 925 1056 972 ana-
1103 904 1293 994 puniendis
1327 906 1446 1000 impiis
1483 911 1702 1001 dogmatistis
1738 920 1829 990 dixi:
1868 947 1957 1016 quae
1987 933 2109 1017 saepe'

66 991 188 1070 thema
208 997 267 1072 sit.
327 998 433 1068 ltem:
464 996 634 1071 Refutato
659 1022 739 1085 eos,
772 996 970 1095 ἀποτόμως
976 1053 988 1088 ,
1014 1017 1055 1076 ut
1102 1006 1256 1076 multum
1271 1009 1425 1098 cogitare
1440 1010 1527 1080 utile
1544 1027 1612 1097 est,
1637 1030 1679 1087 ut
1700 1020 1744 1087 ad
1765 1022 1853 1092 duas
1868 1047 1923 1094 res
1937 1028 2089 1096 maxime

66 1099 207 1185 discant
228 1101 267 1169 in
290 1099 361 1169 ude
382 1098 460 1169 sani
480 1122 564 1170 esse.
627 1097 678 1172 Et
699 1102 745 1171 ad
765 1099 973 1174 Corinthios
994 1128 1054 1173 ex·
1102 1098 1427 1197 nosexusciternus,
1453 1114 1497 1180 ad
1510 1114 1668 1185 discendi
1681 1141 1799 1189 curam
1811 1127 1898 1195 etad
1915 1129 2089 1216 precatio-

66 1223 186 1293 presse
200 1202 418 1293 praecipitur
437 1205 482 1271 de
497 1202 871 1280 excommunicatione.
907 1204 1055 1276 Faciant
1102 1232 1194 1276 nem.
1234 1209 1392 1305 Utraque
1406 1237 1462 1282 res
1474 1219 1670 1286 necessaria
1685 1235 1747 1293 est.
1786 1222 1897 1297 Recte
1911 1227 2089 1299 discamus

66 1302 176 1395 igitur
203 1304 366 1375 doctores
394 1325 434 1373 ea
462 1326 553 1395 quae
581 1318 667 1376 sunt
685 1303 742 1375 sui
764 1307 890 1391 officii,
924 1309 1054 1403 quibus
1101 1311 1299 1380 doctrinam
1313 1315 1490 1400 divinam,
1515 1330 1556 1385 ut
1570 1315 1702 1389 Paulus
1717 1322 1852 1416 inquit:
1879 1325 2025 1400 Habitet
2048 1332 2088 1399 in

66 1403 205 1477 etiamsi
216 1428 322 1496 opem
345 1405 459 1476 ferent
479 1404 701 1494 magistratus
722 1429 787 1478 suo
809 1409 909 1495 loco,
934 1423 1052 1480 tamen
1102 1413 1202 1481 vobis
1225 1437 1340 1485 sermo
1365 1411 1499 1487 Christi
1523 1420 1691 1508 opulente
1716 1423 1879 1495 inomni
1905 1431 2088 1520 sapientia.

63 1506 134 1577 late
147 1520 323 1596 vagantur
340 1528 486 1577 errores.
535 1502 582 1578 Et
603 1521 720 1579 umen
745 1509 917 1580 rarissimi
939 1511 1053 1601 magi-
1100 1508 1149 1583 Et
1165 1515 1397 1605 adiungamus
1411 1541 1512 1588 veros
1525 1521 1676 1610 gemitus
1692 1538 1726 1595 et
1742 1540 1839 1612 vota,
1862 1552 1902 1598 ac
1916 1544 2089 1621 petamus,

65 1619 196 1680 aratus
210 1621 306 1693 sunt,
331 1608 394 1701 qui
409 1607 611 1679 afficiuntur
622 1633 706 1680 cura
721 1611 892 1698 veritatis,
917 1613 1051 1703 gloriae
1101 1629 1141 1686 ut
1157 1617 1251 1685 filius
1266 1615 1333 1687 llei
1348 1619 1452 1690 faciat
1470 1643 1536 1690 nos
1550 1646 1631 1692 vasa
1654 1624 1926 1705 misericordiae.
1979 1631 2088 1720 Quod

64 1707 151 1794 Dei,
176 1723 215 1779 et
230 1731 313 1780 suae
327 1708 463 1780 salutis.
512 1706 802 1782 Consolationem
816 1713 925 1803 igitur
940 1714 1051 1786 tradit
1101 1730 1143 1788 ut
1157 1719 1349 1790 clementer
1361 1721 1486 1807 faciut,
1511 1736 1585 1794 toto
1602 1748 1683 1796 eum
1698 1742 1839 1819 pectore
1857 1755 1932 1808 oro.
1966 1731 2062 1809 Dixi.

65 1811 160 1881 lilius
181 1806 287 1899 Dei,
305 1835 387 1881 curn
407 1811 474 1881 ait:
507 1809 624 1882 Sinite
644 1829 794 1906 utraque
815 1838 988 1901 crescere,
1012 1816 1049 1885 id

67 1926 135 1993 est,
161 1935 240 1982 non
256 1912 405 1984 deserite
419 1907 635 1998 Ecclesiam,
660 1938 735 1984 nou
760 1917 901 1988 abiicite
920 1940 1051 1988 munus

66 2026 156 2086 recte
180 2015 354 2100 docendi,
387 2013 522 2085 etiarnsi
549 2015 713 2086 diabolus
735 2018 868 2087 semina
891 2043 1050 2091 errorum

64 2128 216 2208 sparget,
242 2139 414 2210 quaeuon
425 2129 595 2208 poterunt
610 2111 763 2187 humana
774 2119 957 2209 diligentia
972 2120 1052 2191 tolli
1099 2103 1166 2180 N0·
1192 2105 1276 2183 150.
1898 2151 1947 2192 m.
1971 2132 2066 2201 1556,

67 2220 199 2289 omnia.
263 2213 346 2289 Erit
366 2218 487 2310 aliqua
511 2241 595 2286 aera
617 2214 774 2289 Ecclesia
798 2216 884 2307 Dei,
915 2221 1052 2293 etiamsi
1105 2202 1276 2231 ’Ν
1882 2219 2088 2263 W*-

68 2342 215 2410 maguae
228 2320 455 2390 confusiones
471 2340 610 2411 semper
619 2321 774 2404 fuerunt,
799 2324 889 2393 suuf
897 2336 932 2394 et
947 2336 1051 2394 erunt
1132 2311 1208 2398 De
1237 2315 1499 2401 descrimine
1526 2320 1679 2436 leyttm
1702 2324 1936 2433 politicas&
1966 2338 2049 2412 etc.

68 2422 204 2510 generis
217 2414 379 2496 humani.
418 2417 518 2491 luter
531 2414 597 2492 bos
614 2421 741 2492 fluctus
754 2434 870 2494 nmen
879 2426 1049 2520 ‚cymbam
1169 2489 1798 2571 tnsetenaneatmar.T.tV.p.1s·qq.
1847 2500 1964 2558 sem·
1988 2503 2021 2562 T.
2043 2506 2090 2561 Ν.

68 2543 163 2595 mm
179 2518 542 2603 fflimDeimvabil·
1202 2578 1230 2630 p.
1256 2561 1311 2627 ta,
1332 2559 1458 2616 Richard.
1479 2561 1512 2620 Τ.
1529 2560 1576 2617 lll.
1597 2584 1624 2635 p.
1642 2568 1700 2620 tto.
1725 2594 1758 2608 -
1799 2537 1953 2640 Separatim
1971 2573 2089 2642 prodiit:

164 2621 245 2696 flac
270 2625 512 2697 consolatione
539 2637 632 2696 cepte
658 2649 755 2698 nunc
784 2650 925 2721 quoque
947 2626 1052 2699 nobis
1204 2626 1328 2700 „Oratio
1353 2629 1568 2715 dedicerimine
1591 2635 1682 2703 legum
1697 2635 1884 2717 ,politicarum
1909 2649 1935 2692 et
1959 2641 2089 2724 trad'nio-

69 2746 158 2817 om
176 2736 239 2801 o
304 2725 398 2799 uam
420 2726 475 2819 n
493 2727 672 2800 intuentes
701 2742 834 2801 amam
860 2729 1052 2821 imorum
1204 2698 1560 2840 austasium
1577 2703 1969 2829 *tatsuataaaa‘a
1983 2710 2089 2832 aaa

10 2864 12 2873 ·
66 2827 359 2916 multitudinem,
384 2843 420 2901 et
440 2829 534 2899 inter
549 2825 632 2911 hos,
653 2830 717 2923 qui
730 2854 861 2901 nomen
875 2827 1053 2902 Ecclesiae
1203 2835 1317 2915 cggnao
1334 2863 1362 2874 -
1383 2854 1426 2888 ²⁰·
1443 2837 1517 2930 ¹3⁵6·
1591 2841 1655 2897 tres.
1669 2860 1698 2895 e:
1712 2840 1822 2897 officina
1835 2842 1982 2898 haeredum
1997 2845 2090 2900 Geor·

65 2923 220 3015 habent,
256 2943 329 3001 tam
351 2930 467 3001 varias
494 2931 785 3018 dilacerationes,
816 2922 1052 3022 magnorum
1206 2918 1244 2972 ⁸¹¹
1263 2902 1358 2957 ΒΜ·
1376 2904 1455 2961 ¹⁵⁵⁶‘
1498 2905 1525 2962 ⁸·

65 3032 401 3125 dolorequaerunt,
424 3031 488 3105 uhi
503 3033 550 3103 sit
562 3028 720 3102 Ecclesia
729 3031 817 3118 Dei,
838 3058 944 3128 qrtam
953 3034 1053 3105 Psal-

64 3156 142 3205 mus
162 3133 288 3229 inquit
309 3133 599 3206 formosissimam
625 3157 719 3215 esse,
751 3159 832 3206 cum
860 3136 926 3206 ait:
957 3133 1053 3207 Con·

66 3236 223 3329 cupisset
244 3258 306 3305 rex
327 3231 633 3327 pulchritudinem
656 3250 773 3320 tuam,
798 3237 882 3328 quia
905 3237 979 3326 ipse
1002 3248 1055 3305 est

64 3333 248 3409 Dominus
263 3334 361 3409 Deus
378 3352 480 3420 tuus,
505 3349 540 3406 et
558 3337 723 3405 adorabis
737 3360 830 3406 eum.
882 3335 981 3424 Quid
1003 3350 1054 3406 est
1104 3305 1297 3423 Principio
1322 3333 1452 3423 gratias
1472 3357 1537 3424 ago
1560 3334 1636 3407 Deo
1656 3340 1910 3431 omnipotenti,
1948 3356 2091 3416 aeterno

64 3453 183 3511 antem
219 3439 416 3510 deformius
453 3437 705 3507 dilaceratione
737 3435 915 3507 Ecclesiae
950 3434 1055 3508 huius
1107 3435 1198 3523 patri
1221 3432 1368 3503 Domini
1395 3439 1507 3505 nostri
1532 3434 1611 3507 lesu
1631 3435 1781 3527 Christi,
1822 3443 1885 3536 qui
1911 3468 1982 3514 una
2011 3469 2093 3516 curn

66 3539 266 3633 temporis?
322 3538 392 3611 Sed
424 3539 618 3608 referamus
647 3553 783 3608 mentes
806 3551 911 3631 atque
933 3539 1056 3609 oculos
1106 3536 1179 3604 lilio
1205 3558 1269 3605 suo
1292 3550 1497 3624 coaeterno,
1519 3534 1676 3609 Domino
1703 3556 1825 3613 nostro
1844 3541 1928 3626 lesu¹
1938 3542 2093 3628 Christo,

63 3644 105 3715 ad
121 3640 352 3739 symbolum,
378 3640 503 3733 inquo
521 3640 691 3710 dicimus:
715 3637 831 3710 Credo
850 3664 923 3709 esse
931 3637 1055 3711 Eccle-
1107 3651 1140 3708 et
1154 3637 1292 3726 Spiritu
1305 3662 1369 3708 stro
1386 3650 1507 3709 sancto
1522 3640 1684 3714 condidit
1702 3666 1825 3714 omnes
1840 3661 2034 3731 creaturas,
2059 3660 2094 3720 et

64 3745 155 3816 siam
176 3738 409 3828 catholicam,
437 3756 472 3812 et
494 3743 539 3811 ad
561 3741 655 3811 dicta
677 3742 812 3816 divina.
863 3737 944 3812 Erit
966 3743 1057 3811 sicut
1106 3736 1299 3809 Ecclesiam
1323 3741 1512 3827 ingruere
1536 3737 1693 3813 humano
1718 3745 1868 3836 colligit,
1899 3753 1995 3843 quod
2027 3769 2094 3820 nos

66 3846 104 3916 in
117 3847 253 3917 diebus
271 3838 397 3913 Nohae
420 3856 506 3913 etc.·
544 3838 592 3912 Et
613 3867 694 3912 cnm
718 3858 853 3913 certum
874 3843 939 3928 sit,
965 3837 1057 3912 hanc
1108 3863 1249 3933 quoque
1266 3842 1309 3908 ad
1326 3838 1505 3912 Ecclesiae
1520 3843 1720 3913 societatem
1744 3849 1900 3934 vocavit,
1924 3863 1959 3920 et
1974 3845 2095 3921 hacte-

68 3970 144 4019 esse
165 3968 289 4019 veram
305 3941 374 4015 Dei
389 3941 603 4027 Ecclesiam,
629 3944 667 4011 in
693 3967 762 4037 qua
785 3968 852 4015 vox
870 3941 1057 4033 Evangelii
1108 3964 1176 4010 nus
1205 3942 1396 4011 clementer
1426 3959 1563 4015 coetum
1591 3946 1792 4017 docentium
1822 3961 1857 4018 et
1884 3950 2094 4021 discentium

68 4061 175 4121 sonat
189 4048 416 4138 incorrupta,
447 4041 531 4115 huic
555 4068 621 4114 nos
641 4046 895 4135 adiungamus,
923 4060 958 4118 et
981 4069 1059 4114 ma-
1109 4044 1202 4133 apud
1219 4066 1285 4111 nos
1306 4044 1478 4126 servavit,
1511 4059 1545 4114 et
1575 4058 1649 4115 toto
1674 4071 1754 4116 eum
1776 4061 1917 4140 pectore
1939 4075 2021 4131 oro,
2054 4063 2096 4122 ut

65 4172 221 4233 neamus
239 4149 280 4218 in
306 4172 345 4218 ea
365 4160 567 4219 constantes
588 4159 623 4217 et
646 4145 741 4216 firmi
769 4147 881 4233 cives,
914 4161 949 4217 et
971 4170 1060 4216 con·
1110 4145 1274 4235 deinceps
1287 4169 1428 4239 quoque
1445 4170 1511 4215 nos
1527 4147 1650 4216 doceat
1665 4161 1697 4218 et
1710 4149 1899 4238 gubernet,
1922 4174 1986 4222 nec
2002 4153 2096 4222 sinat

67 4252 294 4325 iunctiosesn
312 4263 485 4322 tueamur.
1092 4326 1095 4331 4
1111 4246 1269 4335 extingui
1285 4246 1398 4317 lucem
1414 4247 1608 4321 doctrinae.
1658 4245 1748 4318 Cum
1766 4263 1880 4321 autem
1900 4247 2046 4322 honeste
2062 4266 2097 4325 ct

169 4351 273 4425 Haec
297 4363 419 4420 monet
440 4350 502 4419 illa
520 4344 654 4420 Christi
676 4350 800 4421 concio
826 4351 872 4421 de
893 4347 1062 4434 Zizaniis,
1110 4348 1248 4418 utiliter
1261 4347 1462 4419 institutum
1486 4348 1550 4433 sit,
1580 4359 1621 4419 ut
1645 4350 1691 4418 de
1712 4350 1830 4444 aliqua
1853 4353 2097 4426 doctrinarum

69 4478 161 4552 qnae
178 4446 527 4548 prohibetdoctores
542 4452 658 4522 aliena
674 4476 695 4522 a
711 4476 776 4523 suo
795 4453 913 4522 officio
936 4453 1063 4534 facere,
1111 4463 1210 4542 parte
1242 4450 1399 4534 dicatur,
1440 4471 1523 4518 nam
1556 4448 1595 4518 in
1625 4453 1871 4542 congressibus
1899 4451 2096 4526 Doctorum

69 4569 169 4631 vetat
197 4555 308 4629 etism
337 4553 451 4625 deseri
472 4548 668 4624 Ecclesiam
693 4565 837 4645 propter
859 4554 921 4623 illa
947 4552 1062 4625 tristia
1112 4550 1263 4620 maxime
1279 4550 1378 4620 decet
1393 4549 1548 4640 primum
1563 4572 1689 4623 sonare
1713 4552 1836 4625 landes
1848 4551 1937 4641 Dei,
1968 4557 2098 4626 deinde

68 4658 273 4752 spectacula
297 4654 577 4740 dissensionum,
614 4655 780 4725 odiorum
809 4668 844 4727 et
867 4653 1063 4725 calumnia·
1113 4666 1148 4723 et
1174 4651 1531 4722 commonefactiones
1552 4652 1661 4723 utiles
1683 4656 1727 4723 ad
1748 4654 1932 4726 formanda
1955 4658 2099 4742 iudicia,

69 4786 164 4833 rum.
223 4757 362 4831 luterea
386 4756 492 4828 faciat
512 4757 593 4847 pius
615 4767 649 4826 et
672 4756 823 4845 vigilans
842 4755 1066 4846 magistratus
1115 4754 1209 4827 etad
1225 4754 1545 4841 regendosmores3
1571 4775 1635 4841 ego
1651 4777 1793 4849 quoque
1813 4778 1922 4846 pauca
1938 4757 2100 4827 dicturus

70 4857 389 4955 eaquaesuntsui
406 4858 533 4943 oflicii,
558 4857 813 4950 quiaprofecto
832 4857 870 4925 in
885 4878 1014 4945 magno
1031 4869 1067 4929 et
1114 4878 1205 4927 suut.
1256 4853 1354 4941 Quid
1369 4855 1443 4922 fieri
1458 4854 1585 4924 melius
1599 4855 1637 4922 iu
1654 4849 1812 4925 humano
1832 4879 1958 4946 genere
1973 4871 2100 4951 potest,

71 4960 248 5047 horribili
259 4984 380 5032 errore
396 4973 501 5045 sunt,
523 4961 587 5052 qui
603 4974 780 5029 aeternam
797 4959 909 5046 legem
923 4954 994 5029 Dei
1017 4957 1068 5028 sic
1117 4978 1199 5027 vera
1222 4951 1292 5026 Dei
1315 4954 1567 5036 celebratione,
1607 4969 1642 5024 et
1670 4956 1914 5027 doctrinarum
1940 4958 2099 5028 illustra-

71 5075 207 5159 putant
225 5064 415 5135 extinctam
438 5082 528 5146 esse,
560 5072 600 5130 ut
615 5059 676 5130 lex
698 5058 872 5149 Spartana
892 5061 939 5128 de
956 5083 1067 5131 numo
1117 5058 1232 5142 tione,
1254 5068 1289 5125 et
1307 5058 1480 5126 virtutum
1494 5054 1692 5126 exercitiis?
1715 5055 1899 5150 inquibus
1914 5057 2009 5129 Deus
2025 5081 2100 5128 sese

72 5168 194 5239 ferreo
205 5178 346 5236 mortua
363 5173 426 5235 est.
476 5156 671 5233 VultDsus
685 5155 922 5251 blasphemias
937 5172 972 5231 et
985 5183 1068 5251 per·
1118 5157 1225 5230 nobis
1238 5156 1494 5241 communicat,
1518 5171 1552 5227 et
1569 5154 1664 5227 filius
1678 5154 1746 5228 Dei
1767 5150 1876 5257 λόγος
1896 5183 1977 5230 vere
2001 5160 2100 5230 adest

73 5268 173 5341 iuria
202 5263 421 5337 uverisdme
450 5260 592 5354 puniri,
625 5275 660 5337 et
683 5262 787 5353 punit
809 5262 883 5353 ipse
899 5261 1070 5333 alastorss
1119 5258 1321 5345 mentibus,
1365 5269 1400 5328 et
1429 5257 1468 5327 iu
1500 5256 1551 5327 eis
1580 5257 1697 5328 lucem
1728 5269 1763 5330 et
1792 5260 1903 5331 vitam
1930 5261 2101 5336 accendit.

74 5370 163 5443 illas
176 5365 372 5460 impiorum
388 5365 592 5453 dogmatum
607 5377 769 5451 sutoro,
790 5386 872 5437 eum
885 5361 1071 5455 magistra·
1121 5357 1289 5455 optarim
1314 5371 1431 5432 autem
1458 5381 1516 5427 me
1541 5380 1643 5453 posse
1664 5360 1862 5432 orationem
1883 5359 2020 5432 adferre
2044 5362 2101 5431 di-

131 5456 452 5541 staurarium.
477 5465 562 5536 Vos.
587 5465 667 5537 ΧΠ.
1428 5457 1477 5530 10

1105 3066 1235 3135 Oratio
1253 3060 1299 3132 de
1315 3062 1529 3135 discrimine
1546 3066 1665 3162 leptim
1680 3071 1924 3162 politicorum
1945 3081 1985 3145 et
2006 3082 2090 3149 iro-

1229 3164 1414 3237 ditionum
1435 3163 1690 3242 lcumonnrum
1714 3176 1756 3244 in
1778 3175 1962 3250 Ecclesia.
