4680 6038
163 233 208 313 ll
789 239 951 317 DECL.
997 243 1074 318 DE
1111 244 1266 323 LEGE
1298 247 1570 331 PLACUlT.
2068 184 2075 201 ἱ
2144 265 2193 336 98

160 424 339 483 avocaret
354 435 420 484 uos
430 415 476 484 ad
490 437 577 496 sese,
591 428 627 485 et
641 416 796 488 frenaret
806 419 1035 509 vagabundas
1050 445 1151 491 men·
1202 423 1335 495 sciebat
1350 441 1522 518 quantum
1539 428 1578 497 in
1593 430 1701 512 duce,
1726 433 1788 526 qui
1807 434 1888 506 urbi
1912 451 2087 528 praeerat,
2114 463 2192 506 mo-

159 525 225 600 tas,
253 528 290 587 et
306 518 470 608 patefecit
492 541 531 588 se
554 517 754 591 illustribus
771 521 1002 607 testimoniis,
1029 538 1063 594 et
1077 535 1150 593 tra·
1203 527 1313 597 menti
1337 544 1445 614 esset,
1472 545 1594 601 evocat
1615 537 1760 604 eumad
1787 537 2023 633 colloquium,
2051 555 2084 611 ct
2108 565 2192 631 pro-

157 616 248 689 didit
261 619 376 710 legem
392 643 509 690 suam:
537 621 722 694 constituit
739 623 906 717 imperia,
933 638 966 695 et
990 619 1150 698 borribi-
1202 629 1310 700 mittit
1326 654 1363 700 se
1377 632 1415 700 in
1432 634 1556 702 urbem
1573 634 1803 709 remissurum
1821 663 1894 710 esse
1904 643 2026 712 vivum
2042 657 2077 713 et
2091 643 2192 712 inco·

154 719 251 791 libus
266 723 450 816 suppliciis
464 747 585 793 caecos
600 718 788 795 homiuum
803 726 941 796 furores
954 729 1069 819 punit,
1086 728 1148 823 qui
1201 732 1344 803 lumem.
1387 731 1469 804 Dux
1485 730 1577 806 nihil
1595 739 1679 808 mali
1695 744 1889 835 suspicans,
1914 745 2012 817 veuit
2028 745 2065 814 in
2080 747 2192 815 collo-

153 836 278 918 coutca
295 826 388 915 leges
404 827 524 897 frenos
539 827 659 897 laxant
675 828 748 898 suis
761 830 1027 921 cupiditatibus.
1063 831 1147 901 ldeo
1200 833 1336 928 quium.
1385 834 1475 907 Cnrn
1496 838 1605 927 igitur
1619 841 1690 910 iam
1706 848 1791 914 urbs
1804 847 1881 917 sine
1898 848 1988 919 duce
2003 862 2102 930 esset,
2126 873 2191 942 op-

152 926 359 1016 gravissimc
382 929 711 1022 inquitSiracides:
748 930 816 1002 Vir
834 932 974 1024 sapiens
990 957 1064 1003 non
1082 930 1148 1005 ha·
1200 953 1334 1030 pugnat
1350 964 1426 1008 eam
1442 936 1591 1012 Pacbes:
1618 959 1653 1015 et
1668 970 1706 1015 ea
1724 950 1875 1039 potitus,
1902 951 2192 1036 reducitduccm‚

153 1030 257 1102 babit
272 1032 358 1103 odio
376 1033 503 1124 legem.
1200 1055 1235 1111 et
1252 1042 1303 1112 ibi
1322 1042 1498 1116 interficit.

255 1148 348 1225 Cum
372 1169 489 1226 autern
512 1156 557 1224 de
577 1155 695 1244 legum
720 1155 897 1242 bonitate,
932 1171 964 1229 et
979 1159 1024 1227 de
1047 1182 1147 1227 reve.
1301 1142 1392 1217 Cum
1411 1142 1574 1221 Athenae
1595 1165 1717 1243 captae
1732 1169 1845 1227 essent
1862 1140 2098 1252 a'Lysandro,
2125 1157 2191 1226 tri·

151 1255 269 1327 remia
288 1256 426 1346 legibus
442 1258 558 1328 debita
569 1312 578 1343 ‚
605 1281 707 1351 saepe
720 1258 758 1328 in
777 1254 845 1330 hoc
864 1261 942 1330 1000
959 1262 1098 1333 erudite
1114 1276 1148 1332 eq
1199 1247 1297 1337 ginta
1312 1250 1610 1339 gubernatoribus
1625 1278 1764 1324 summa
1784 1273 1936 1347 potestas
1954 1263 2035 1330 data
2052 1275 2114 1345 est,
2142 1262 2190 1328 ita

152 1359 208 1450 pie
230 1360 368 1429 dictum
393 1361 460 1445 sit,
488 1363 557 1430 iam
583 1357 648 1431 hac
670 1362 768 1431 brevi
793 1365 1147 1449 eomm0n0s2c110n0‚
1199 1364 1238 1420 ut
1254 1364 1394 1443 possent
1416 1354 1493 1423 sine
1519 1356 1661 1426 iudiciis
1681 1359 1877 1431 interficere
1900 1363 2126 1433 turbulentos
2141 1362 2192 1432 ci·
2272 1367 2273 1370 ’

152 1484 260 1555 quarn
278 1464 460 1549 recensui,
486 1478 767 1536 contentusero:
794 1491 834 1537 ac
851 1480 988 1537 tantum
1011 1493 1074 1538 oro
1089 1469 1147 1536 iu.
1198 1477 1276 1540 ves,
1304 1480 1394 1549 quos
1409 1456 1475 1547 ipsi
1498 1459 1740 1532 existimarent
1755 1464 1971 1535 seditionum
1997 1467 2088 1534 faces
2107 1489 2192 1537 csse.

151 1564 294 1653 niam,
320 1580 465 1659 propter
486 1566 623 1653 Deum,
649 1582 688 1639 ua
710 1592 811 1660 saepe
836 1565 929 1640 hanc
944 1594 1062 1640 veram
1080 1574 1147 1641 (10.
1197 1553 1246 1627 Et
1262 1573 1338 1629 erat
1354 1561 1525 1650 promissa
1542 1562 1768 1636 incolumitas
1783 1567 1868 1658 ipsis
1884 1567 2041 1658 triginta,
2063 1581 2097 1638 et
2112 1569 2192 1636 aliis

151 1667 327 1755 ctrinam,
354 1674 398 1741 de
419 1670 535 1761 legum
558 1672 718 1742 fontibus
741 1660 775 1743 iet
797 1673 952 1745 utilitate
973 1676 1144 1765 cogitent:
1199 1661 1314 1753 quiin
1333 1685 1397 1732 suo
1417 1666 1571 1756 quodam
1589 1668 1747 1757 catalogo
1774 1671 1896 1763 scripti
1913 1686 2029 1741 erant:
2057 1695 2097 1740 ac
2113 1672 2190 1738 fue·

150 1785 183 1842 et
199 1796 307 1865 saepe
319 1786 481 1865 repetant
495 1798 613 1844 secum
629 1775 723 1846 dicta
739 1776 876 1859 diving,
903 1801 993 1870 quae
1009 1777 1145 1869 praeci.
1198 1777 1253 1833 rat
1277 1765 1373 1857 pacis
1396 1780 1429 1834 el
1455 1761 1580 1838 bartam
1605 1771 1852 1841 conditionum
1873 1788 1977 1844 autor
1994 1769 2192 1843 Therame-

151 1875 256 1967 piant
275 1878 322 1946 de
341 1879 537 1947 reverentia
560 1879 699 1968 legibus
723 1880 862 1965 debita,
895 1895 930 1950 et
950 1881 988 1948 in
1016 1881 1146 1950 animis
1199 1891 1271 1940 ¹¹0⁸·
1323 1865 1975 1962 Cumfiulssmvidsslfll'shffflmffltss,
2001 1877 2193 1947 abutimi-

151 2002 312 2050 amorem
327 1976 394 2050 Dei
413 1995 447 2051 et
465 1982 581 2071 legum
599 1985 805 2056 accendam,
1199 1969 1295 2059 legas
1315 1994 1377 2041 sua
1404 1986 1590 2062 potestate,
1618 1979 1796 2047 moderari
1820 1980 2066 2071 crudelitatem
2085 2004 2191 2076 cona-

248 2095 356 2167 ΝΜε
380 2122 464 2168 vero
489 2101 534 2168 ad
560 2101 775 2170 erudiendo,
794 2101 953 2173 iuniore,
970 2104 1145 2193 quaedam
1199 2088 1255 2143 tus
1272 2087 1334 2147 est.
1388 2073 1508 2164 Quare
1532 2077 1697 2150 timentes
1722 2105 1801 2149 euru
1827 2084 2000 2173 collegae,
2025 2085 2192 2152 decreve-

150 2200 266 2272 ffifflm
283 2199 585 2292 delegeplacuqq
610 2201 800 2289 incodqoe,
819 2200 1146 2276 cufusvffbahaec
1200 2180 1600 2297 runtuecandumesse.
1654 2179 1895 2255 Theramenes
1917 2208 1952 2254 se
1970 2200 2131 2268 excusat,
2159 2199 2192 2254 et

150 2318 249 2376 mm,
275 2302 444 2389 „placuit
459 2307 496 2375 in
513 2307 682 2377 omnibus
698 2308 805 2378 rebus
818 2308 1006 2401 praecipue
1021 2305 1146 2379 haberi
1200 2293 1286 2370 petrt
1301 2304 1434 2351 servare
1453 2298 1570 2372 pacta,
1596 2285 1692 2355 iuxta
1718 2286 1929 2377 catalogum.
1973 2286 2042 2359 Sed
2062 2286 2192 2358 Critias

150 2420 221 2479 lam
244 2408 408 2479 iusticias
432 2410 691 2505 aequitatisque
715 2410 883 2504 scriptae,
910 2434 1016 2507 qnam
1032 2411 1145 2482 stricti
1198 2381 1267 2499 ait,
1291 2383 1429 2452 facilem
1445 2408 1518 2453 esse
1541 2387 1805 2458 refutationem:
1833 2391 1979 2459 nomine
1996 2388 2192 2462 Therame-

151 2510 241 2583 iurig
257 2510 465 2584 „apionem”
555 2560 564 2577 ,
1199 2508 1255 2554 nrs
1278 2487 1416 2571 deleto,
1443 2511 1516 2558 nou
1541 2490 1654 2559 teneri
1673 2490 1823 2580 collegas
1848 2506 1882 2563 et
1906 2489 2079 2584 catalogo.
2133 2493 2193 2564 sic

252 2628 337 2704 Scio
358 2628 574 2724 reprehendi
594 2655 613 2703 a
631 2633 864 2729 quibusdam,
892 2637 988 2728 quod
1005 2629 1064 2705 hic
1080 2659 1146 2703 no·
1199 2588 1306 2658 elusis
1322 2589 1454 2679 pactis,
1481 2590 1742 2663 Theramenem
1760 2596 1914 2686 collegae
1930 2597 2159 2667 interficiunt.

149 2735 265 2807 minat
285 2736 340 2805 lex
362 2737 575 2830 aequitatem
600 2738 785 2829 scriptams
812 2762 891 2806 cum
910 2751 1027 2807 tamen
1050 2741 1144 2831 ap'ud
1301 2707 1476 2801 P⁰Pffi¹¹⁸2
1493 2726 1629 2833 ,1)θῦωῆ
1642 2715 1831 2833 dimidium
1848 2716 1994 2814 ”avium
2009 2712 2193 2834 A¹¹¹i⁰ffhb

148 2838 381 2912 Aristotelem
398 2832 568 2912 ἐπιείκεια
593 2841 945 2933 nomineturscripti
962 2842 1147 2928 correctio,
1182 2835 1306 2911 mm
1325 2838 1449 2883 ⁰m¹¹²⁸
1465 2817 1630 2885 ‘¹¹⁵⁵‘can
1649 2817 1761 2887 'uben
1789 2835 1830 2890 ¹¹¹
1846 2833 2045 2889 ‘lamiam
2061 2818 2193 2889 A¹¹¹¹⁰·

147 2942 279 3015 omissa
302 2941 537 3035 inscriptione
560 2942 666 3034 legis,
697 2959 737 3015 ut
763 2968 842 3014 curn
874 2945 979 3013 iudex
1009 2945 1147 3037 mitigat
1199 2911 1306 2999 ‘¹¹⁰⁸’
1331 2917 1505 2988 rebeum
1520 2943 1594 2987 ”⁰¹¹
1610 2935 1735 3012 P⁰⁵⁸⁰b

148 3067 304 3140 poenam
326 3038 468 3117 homini
487 3048 665 3127 modesto,
692 3046 755 3141 qui
775 3071 850 3118 non
872 3047 1068 3139 petulantia
1085 3063 1147 3120 aut
1303 3034 1361 3106 Sic
1377 3032 1554 3107 Cochieus
1577 3039 1879 3130 interpretabatur
1895 3040 2095 3126 decretum,
2128 3041 2194 3113 Sa·

148 3163 298 3221 naturae
314 3150 564 3241 perversitate,
590 3154 650 3219 sed
666 3150 911 3235 summotus,
936 3151 1075 3222 furatus
1096 3165 1148 3221 est
1200 3140 1323 3208 cerdos
1348 3141 1480 3209 ducens
1503 3167 1648 3211 errorem
1680 3144 1933 3232 suspendatur:
1964 3147 2008 3212 de
2034 3145 2193 3235 patibulo

149 3255 264 3324 cibo„
292 3252 384 3322 ,itur
401 3254 445 3322 de
465 3254 643 3347 aequitate
660 3277 734 3321 non
758 3255 888 3347 scripta
903 3254 1066 3347 loquitur
1078 3254 1147 3324 lex,
1201 3241 1383 3326 videlicet,
1410 3268 1489 3311 curn
1515 3246 1694 3313 decretum
1720 3245 1893 3336 intelligat
1916 3249 2194 3338 suspensionem,

148 3353 258 3447 Quod
282 3356 312 3425 si
337 3350 489 3447 Ephesi,
519 3358 557 3426 in
581 3354 755 3448 Digestis,
791 3359 835 3426 de
861 3380 901 3428 eo
926 3358 1022 3452 quod
1051 3370 1146 3427 certo
1200 3343 1705 3436 V³⁰2150¹¹0¹⁰P11b15050sfl⁰3b

147 3459 226 3532 loco
243 3472 313 3532 etc.
1303 3462 1410 3532 Tales
1432 3466 1606 3537 absurdae
1630 3478 1662 3535 et
1687 3460 1958 3560 sycophanticae
1984 3466 2194 3558 interpreta-

252 3559 373 3632 iamsi
393 3586 531 3654 semper
547 3564 776 3633 anteferenda
793 3577 882 3633 esset
898 3564 1058 3660 aequitas
1072 3588 1146 3632 non
1202 3566 1337 3650 tiones,
1364 3567 1500 3637 alienae
1527 3594 1546 3638 a
1570 3571 1829 3638 consuetudine
1849 3570 2042 3653 sermonis,
2070 3571 2193 3638 divino

148 3666 304 3759 scripta,
329 3666 415 3760 quid
442 3688 532 3758 opus
553 3682 642 3738 esset
665 3667 821 3758 legibus,
847 3680 908 3738 aut
924 3670 1068 3760 quando
1092 3668 1148 3735 iu·
1201 3669 1278 3737 iure
1295 3665 1498 3760 prohibitae
1513 3685 1617 3755 sunt,
1645 3675 1739 3766 quod
1757 3673 1893 3766 iuquit:
1921 3671 2001 3741 Nou
2018 3673 2111 3740 dicas
2128 3673 2195 3739 fal-

148 3772 218 3841 dex
231 3794 274 3840 ex
288 3769 417 3861 scripta
432 3770 507 3860 lege
520 3770 801 3861 pronunciaret?
827 3768 897 3839 Hic
906 3771 1022 3863 qualis
1038 3770 1148 3839 licen·
1200 3796 1279 3841 sum
1297 3773 1551 3847 testimouium.
1585 3771 1918 3846 Etlurisconsultus
1938 3776 2070 3869 iuquit,
2096 3777 2193 3843 freui-

150 3874 199 3944 tia
222 3874 480 3943 concederetur
498 3871 562 3958 iis,
588 3873 649 3969 qui
673 3872 807 3967 alioqui
831 3873 887 3942 ius
915 3874 1086 3966 scriptum
1115 3886 1149 3942 et
1202 3877 1282 3943 dem
1300 3876 1366 3964 legi
1383 3877 1469 3960 fieri,
1488 3902 1567 3948 cum
1584 3879 1690 3947 salvis
1704 3879 1821 3948 verbis
1838 3879 2012 3948 sententia
2027 3879 2195 3949 eluditur.

152 3977 326 4069 privatam
343 3976 586 4057 calliditatem,
614 3999 716 4070 saepe
731 3977 837 4048 etiam
854 4000 975 4046 caecos
992 3977 1149 4046 adfectus
1304 3992 1435 4066 niffen
1464 3998 1509 4065 ab
1537 3992 1603 4065 hac
1634 3992 1892 4092 sycophamiffl-
1914 3998 1969 4066 {ns
2000 4022 2193 4066 summum,

151 4079 290 4172 '‘dibu'‘
308 4079 536 4149 mserum?
1203 4099 1385 4181 videlicet,
1411 4099 1448 4167 in
1476 4125 1546 4194 quo
1571 4125 1690 4169 revera
1713 4100 1798 4188 legis
1824 4101 1991 4169 severitas
2013 4101 2050 4167 iu
2074 4100 2193 4192 aliquo

255 4196 305 4271 Ut
329 4200 439 4291 igitur
465 4194 551 4269 baec
574 4199 776 4269 distinctius
803 4200 1041 4292 explicentur,
1075 4197 1150 4290 pri·
1203 4226 1284 4271 casu
1301 4201 1561 4292 mitigationem
1578 4203 1723 4292 flagitat.
1778 4201 1825 4274 Ut
1843 4205 1895 4271 lex
1915 4201 2076 4274 Romana
2095 4202 2196 4271 iube-

150 4327 250 4375 mum
276 4324 451 4392 exponam
475 4303 562 4397 quid
584 4303 747 4373 nominet
769 4303 823 4374 ius
843 4304 1026 4387 strictum,
1053 4302 1147 4395 quod
1201 4307 1261 4375 bat
1286 4306 1435 4375 interfici
1462 4306 1632 4390 militem,
1659 4307 1720 4398 qui
1746 4321 1866 4376 contra
1883 4304 2076 4376 Dictatoris
2094 4331 2196 4374 man-

150 4420 310 4479 vetustas
323 4406 467 4496 linguae
483 4406 613 4477 latinae
634 4406 800 4479 nominat
817 4407 874 4475 ius
891 4429 1070 4477 summurn
1089 4429 1149 4475 seu
1204 4412 1325 4478 clatum
1361 4409 1573 4479 dimicasset.
1633 4407 1787 4479 Dimicat
1822 4425 2033 4501 provocatus
2065 4407 2194 4477 Manlii

151 4506 286 4581 Gracci
311 4504 608 4604 ἀκριβοὸίκαιον.
1205 4509 1380 4605 Torquati
1397 4512 1510 4595 filius,
1537 4526 1571 4582 et
1587 4511 1702 4581 victor
1718 4538 1736 4581 a
1755 4525 1854 4602 patre
1871 4512 2093 4581 interficitur.
2128 4508 2197 4578 Hic

254 4627 457 4701 nimime„
476 4644 527 4700 ρει
545 4630 640 4700 enim
658 4629 752 4699 inger
766 4628 822 4700 ius
847 4653 1025 4701 summum
1042 4642 1077 4699 et
1091 4652 1152 4700 cg.
1204 4638 1277 4682 non
1294 4615 1439 4707 quidem
1459 4616 1676 4683 calumniosa
1704 4616 1793 4684 iuris
1816 4615 2107 4707 interpretatione
2132 4611 2196 4682 Di-

152 4734 344 4806 Ιῃςῃῃῑῃῃ,
394 4729 460 4804 Est
475 4734 570 4802 enim
588 4733 781 4817 calumnia,
809 4734 917 4802 verba
933 4746 1047 4804 astute
1063 4757 1151 4801 con.
1204 4730 1317 4786 ctator
1332 4717 1400 4787 fuit
1415 4718 1589 4808 asperior,
1615 4719 1673 4786 sed
1692 4732 1808 4787 tamen
1827 4731 1994 4808 paternus
2011 4717 2116 4786 dolor
2130 4716 2196 4784 mi-

153 4851 209 4909 tra
221 4839 384 4909 nativam
400 4836 613 4908 sententiam
628 4835 866 4927 interpretari,
892 4835 979 4908 etin
995 4836 1152 4905 deterius
1203 4820 1410 4910 figflfiffllssm
1428 4821 1582 4915 ”liquam
1599 4816 1768 4890 adhibere
1783 4831 1930 4914 polemi·

152 4941 311 5012 llec‘tere:
338 4954 379 5012 ut
400 4940 483 5035 quia
503 4954 622 5032 pactus
645 4938 793 5029 triginta
816 4941 955 5009 dierum
976 4939 1153 5024 inducias,
1309 4936 1356 5009 Ut
1371 4955 1487 5012 autern
1503 4941 1539 5009 in
1557 4940 1764 5010 universum
1779 4954 1932 5012 vetustas
1947 4939 2015 5011 fuit
2030 4937 2197 5020 severior,

154 5058 267 5116 noctu
280 5044 523 5138 populabatur
538 5065 660 5134 agros,
684 5044 782 5136 quod
799 5055 913 5113 essent
929 5043 1070 5112 dierum
1094 5041 1150 5110 in·
1206 5043 1254 5115 ita
1277 5043 1411 5113 multae
1432 5057 1515 5114 suut
1537 5067 1671 5135 poenae
1694 5046 1731 5112 in
1751 5046 1930 5115 veteribus
1948 5044 2084 5135 legibus
2102 5056 2197 5108 atre»-

156 5148 304 5229 duciae,
331 5171 406 5216 non
429 5144 588 5216 noctium
611 5145 815 5236 promissae.
873 5140 1007 5238 Ecqui
1031 5158 1153 5239 pactus
1206 5146 1337 5230 ciores,
1365 5171 1470 5239 quarn
1492 5147 1815 5220 inreccntioribus.

159 5251 352 5321 dimidium
369 5249 534 5335 ¹¹³Vi¹¹ffl2
565 5249 866 5322 difficllilssflvei·
1315 5261 1555 5334 Usitatissima
1591 5264 1657 5332 fuit
1692 5288 1806 5355 poena
1849 5265 2012 5348 talionis,
2053 5265 2195 5334 oculum

260 5368 394 5443 Plenae
416 5380 501 5440 suut
521 5369 763 5460 exemplorum
786 5363 966 5440 historiae.
1017 5361 1154 5436 Pacbes
1207 5393 1271 5462 pro
1288 5367 1393 5438 oculo
1408 5381 1470 5442 etc.
1501 5366 1605 5437 Nunc
1620 5367 1776 5456 mitigata
1794 5383 1854 5438 est.
1882 5365 1982 5467 Olirn
2000 5366 2197 5438 calumnia-

163 5477 231 5547 dux
240 5468 483 5556 Atheniensis,
508 5496 588 5542 cum
598 5465 844 5562 Colophonem
863 5470 1051 5556 obsideret,
1070 5470 1155 5563 quia
1207 5486 1266 5545 tor
1287 5468 1355 5542 boc
1374 5472 1450 5562 ipso
1470 5470 1644 5560 supplicio
1668 5471 1914 5552 adficiebatur,
1942 5496 2013 5566 quo
2036 5492 2116 5540 reus
2134 5470 2197 5536 ad-

211 5576 401 5649 Mreaaru.
428 5580 533 5646 Onu.
559 5577 644 5644 Vos.
671 5570 749 5644 ΧΠ.
1519 5570 1542 5639 7
