4680 6038
157 228 209 302 2⁸
666 201 830 279 DECL
865 197 945 273 DE
974 195 1313 274 ntGrttTaTE
1352 194 1561 274 LEGUM
1594 218 1677 279 arc.
2136 206 2189 284 24

164 406 273 486 agunt
288 388 399 459 nostri
422 385 630 475 interpretes
646 375 834 461 lisrtolus,
856 369 992 441 Baldus
1008 386 1041 441 et
1055 371 1154 440 simi·
1203 372 1248 444 sit
1268 371 1356 442 boui
1378 371 1416 440 in
1435 384 1511 443 toto
1535 370 1703 465 imperio,
1725 376 1874 446 eandem
1894 399 1968 449 esse
1991 377 2108 470 legum
2130 402 2197 450 vo·

168 500 236 580 les,
272 508 312 561 ut
340 492 430 578 leges
461 485 666 564 conserant,
701 492 737 549 et
758 476 816 545 vel
835 473 1155 544 demonstrationes
1203 499 1299 558 sem,
1331 488 1584 564 congruentem
1598 474 1730 546 rationi
1746 478 1934 554 etinctum,
1986 478 2059 551 Diu
2075 492 2197 551 ,utem

167 598 374 672 ostendant,
399 589 454 658 vel
473 584 694 679 probabilem
711 578 896 649 rationem.
946 572 1001 645 Ac
1017 576 1156 668 vitupe-
1205 577 1244 646 in
1266 573 1368 647 ltalia
1395 576 1503 646 luisse
1529 598 1691 667 magnam
1715 579 2042 652 dissimilitudinem
2067 581 2199 673 legum,

168 701 281 773 randa
297 708 350 766 est
365 692 560 762 multorum
576 683 735 764 inscitia,
759 678 822 772 qui
837 676 974 762 dicunt,
998 676 1079 746 ideo
1094 701 1157 746 va·
1206 691 1241 750 et
1254 678 1384 748 multas
1398 676 1600 748 barbaricas
1611 681 1901 764 consuetudines,
1927 696 1963 754 et
1981 683 2197 754 iudiciorum

171 804 245 874 rios
265 800 380 887 legum
405 791 604 866 intellectus
623 783 806 872 lingendus
827 801 922 859 esse,
960 778 1044 872 qnia
1065 780 1158 870 leges
1206 779 1467 863 diversitatem,
1499 778 1643 868 gignere
1664 782 1781 852 varios
1802 797 1940 870 motus,
1966 780 2132 856 hortatur·
2156 797 2198 856 us

172 902 335 975 conditae
348 896 421 966 sint
435 890 665 962 mutabilibus
680 880 868 954 homiuum
884 880 1052 965 arbitriis,
1067 905 1158 975 quo-
1209 879 1406 972 lsnperator
1418 883 1561 952 mandet
1579 883 1652 951 suis
1674 883 1867 968 iudicibus,
1898 900 1939 957 nt
1961 907 2017 956 res
2036 886 2197 958 indicens

172 1030 252 1076 rum
267 1025 348 1073 cum
364 996 463 1067 nulla
476 995 522 1063 sit
543 987 763 1075 constantia,
787 983 925 1076 possint
946 982 1039 1072 leges
1062 982 1159 1052 varie
1207 1006 1251 1053 ex
1278 982 1388 1053 veteri
1407 979 1573 1054 Romano
1597 983 1693 1066 iure,
1731 986 1839 1080 idque
1861 1001 1901 1058 ur
1925 1008 2048 1057 mnu,
2070 1001 2197 1058 „otum

175 1105 268 1177 ilecti
284 1106 327 1174 ad
350 1101 506 1171 diversas
523 1087 844 1181 interpretationes.
897 1082 966 1153 Hie
983 1084 1157 1176 pemicio-
1209 1085 1270 1155 liat
1285 1084 1469 1176 plurimis,
1493 1085 1697 1177 praecipias,
1721 1086 1955 1159 mumoniae
1970 1089 2080 1160 „mi
2095 1111 2198 1159 mm

174 1231 235 1280 sus
248 1226 347 1276 error
360 1198 488 1272 animis
503 1193 708 1266 eximendus
723 1203 785 1260 est.
820 1187 911 1259 Nam
929 1200 963 1257 et
978 1185 1160 1279 falsaopi·
1210 1187 1270 1257 bat
1293 1186 1409 1276 legum
1426 1186 1615 1261 enarratio.
1669 1186 1723 1257 lbi
1737 1191 1833 1260 enirn
1847 1187 2074 1261 Theodosius
2088 1191 2200 1261 lecto.

174 1310 237 1380 niu
258 1320 330 1389 est,
361 1318 396 1374 et
417 1294 672 1370 contumeliosa
692 1305 817 1363 contra
839 1287 972 1374 Deum,
1005 1301 1040 1358 et
1060 1290 1160 1359 labe·
1211 1311 1266 1358 res
1281 1288 1373 1358 luris
1393 1287 1481 1357 olim
1503 1289 1743 1362 collocaverat.
1794 1289 2058 1362 Commemorat
2076 1292 2199 1386 qualia

175 1413 279 1482 factat
298 1403 571 1493 Magistratuum
586 1395 822 1467 autoritatem.
1209 1385 1326 1459 adhuc
1346 1389 1420 1460 sint
1435 1387 1746 1482 Constantinopoli
1769 1393 1884 1462 studia
1905 1394 1982 1464 eiu,
2002 1394 2197 1465 domim

281 1507 511 1579 Manifestum
526 1514 578 1571 est
595 1511 712 1569 autem
721 1493 957 1583 Decslogum,
980 1503 1016 1562 et
1030 1488 1160 1560 deinde
1211 1490 1332 1562 Mores
1346 1491 1452 1561 etiam
1470 1488 1656 1563 hominum
1670 1495 1719 1564 ait
1732 1495 1809 1565 fore
1823 1495 2000 1577 mitiores,
2026 1495 2056 1564 si
2069 1498 2198 1566 adsue.

177 1612 307 1685 multas
330 1607 507 1677 naturales
527 1599 694 1681 noticias,
730 1608 929 1690 quaesunt
958 1593 1076 1683 legum
1104 1613 1160 1661 se·
1210 1593 1296 1664 liant
1317 1587 1479 1663 homines
1499 1595 1545 1664 ad
1567 1593 1679 1686 leges,
1705 1596 1743 1665 in
1761 1597 1891 1690 quibu,
1911 1596 2198 1668 tuutctagfom,

175 1714 291 1797 mina,
331 1732 405 1780 esse
432 1719 608 1777 aeternam
630 1713 665 1772 et
687 1699 871 1769 immotam
895 1695 1103 1788 sapientiam
1126 1704 1160 1762 et
1211 1696 1341 1766 rectius
1356 1695 1590 1787 conspicitur,
1614 1712 1649 1767 et
1672 1722 1777 1768 verae
1801 1721 1925 1768 causae
1947 1700 2199 1778 ostenduntur,

176 1837 338 1888 nonnam
361 1808 520 1881 iusticias
544 1806 583 1874 in
597 1800 693 1886 Deo,
718 1802 823 1871 nobis
838 1800 1054 1891 patefactam.
1105 1791 1159 1865 Ex
1211 1797 1297 1891 quid
1317 1821 1382 1867 cur
1396 1799 1441 1867 sit
1460 1792 1647 1868 honesturn
1665 1799 1802 1872 Placuit
1819 1801 1969 1892 sapienti
1988 1799 2199 1892 imperatori

176 1914 243 1991 hsr
262 1917 406 1985 immota
419 1907 591 2002 sapientia
605 1918 705 1975 ortae
721 1915 806 1973 sunt
817 1902 989 1996 plurimae
1013 1899 1051 1967 in
1075 1897 1160 1989 ipsis
1212 1893 1383 1969 Lothario
1416 1899 1605 1969 consilium
1638 1898 1789 1985 lruerii,
1834 1905 1895 1972 sed
1928 1902 2038 1973 lector
2067 1905 2199 1986 deerat,

177 2018 315 2110 legibus
331 2012 480 2096 nostris,
504 2022 538 2079 et
561 2009 598 2077 in
622 2005 802 2098 responsis
815 2016 973 2074 veterum
989 2000 1161 2072 et'recen·
1212 2001 1272 2092 qui
1292 2000 1491 2071 eruditione
1506 2015 1540 2071 et
1554 2004 1742 2073 autoritate
1757 2003 1907 2074 invitare
1919 1999 2106 2074 hominum
2122 2017 2198 2076 stu·

176 2123 268 2197 tium
292 2110 647 2193 Iurisconsultorum,
680 2108 803 2178 lirmae
832 2102 1160 2174 demonstrationes.
1212 2103 1270 2172 dia
1286 2102 1324 2171 iu
1338 2127 1377 2172 re
1395 2125 1489 2173 nova
1501 2117 1632 2195 posset.
1683 2103 1804 2194 Quare
1819 2104 2013 2198 Imperator
2027 2105 2136 2198 petit,
2156 2119 2199 2177 ut

175 2222 250 2297 Nee
278 2217 545 2309 imaginandum
572 2225 641 2295 est,
671 2207 793 2280 omnia
813 2210 951 2277 decreta
976 2203 1162 2274 mutabilia
1214 2201 1371 2274 lrnerins
1384 2205 1458 2296 ipae
1472 2203 1648 2295 (existimo
1662 2221 1779 2278 autem
1795 2230 1875 2278 eum
1884 2205 2199 2300 Constantinopoli

176 2347 270 2408 esse,
295 2345 356 2393 seu
378 2331 420 2390 ut
434 2312 644 2387 Aristoteles
661 2310 826 2381 nominat
838 2306 993 2396 Regulos
1007 2305 1162 2390 Lesbias,
1211 2306 1391 2400 didicisse)
1415 2308 1535 2376 redeat
1554 2309 1599 2376 ad
1620 2303 1797 2393 scholam,
1828 2323 1864 2380 et
1884 2323 2002 2381 mutae
2022 2310 2074 2380 rei
2096 2308 2200 2380 initia

175 2427 266 2499 siem
281 2419 453 2494 mutabile
465 2417 535 2490 init
549 2413 751 2486 institutum
767 2409 982 2480 Laconicum
996 2409 1041 2477 de
1054 2431 1162 2477 num-
1211 2408 1384 2498 gubernet
1407 2422 1442 2478 et
1462 2410 1640 2490 ostendat,
1665 2412 1845 2504 mornado
1863 2407 1948 2482 haec
1963 2412 2126 2482 doctrina
2141 2434 2200 2481 re.

130 2536 135 2545 '
176 2551 237 2597 mo
254 2527 388 2608 ferreo,
412 2533 474 2592 sut
483 2511 716 2599 Thebanum,
741 2525 782 2583 ut
795 2513 981 2582 obseratus
996 2509 1161 2603 impone·
1211 2510 1390 2581 stituenda
1420 2510 1479 2580 sit.
1541 2507 1619 2581 Etsi
1645 2525 1719 2583 erat
1744 2512 1972 2599 inusitatum,
2012 2535 2132 2583 anem
2156 2537 2199 2584 ex

176 2642 277 2701 retur
291 2627 332 2697 iu
341 2617 521 2696 calathum
534 2633 569 2692 et
583 2617 856 2712 perfunderetur
868 2636 971 2705 aqua.
1211 2611 1308 2682 curia
1329 2625 1363 2683 et
1385 2635 1427 2681 ex
1441 2611 1698 2701 gubernatione
1714 2636 1934 2685 summorum
1950 2610 2197 2700 consiliorum,

280 2728 433 2821 ldeoque
454 2745 592 2812 semper
613 2721 758 2790 luerunt
779 2715 821 2787 iu
841 2714 1000 2806 imperiis
1022 2707 1163 2782 scholae
1211 2713 1327 2784 redire
1342 2716 1385 2783 ad
1403 2710 1576 2783 scholam:
1608 2729 1724 2785 tamen
1744 2715 1900 2788 lrnerius
1924 2713 2021 2787 hunc
2045 2717 2198 2788 docendi

176 2830 381 2904 docentium
400 2840 434 2897 et
457 2822 668 2894 discentium
688 2820 777 2889 iuris
799 2819 1019 2900 doctrinam,
1044 2828 1084 2887 ut
1104 2815 1162 2883 in·
1211 2816 1368 2886 laborem
1391 2816 1554 2908 suscipit,
1586 2818 1820 2909 prospiciens,
1852 2833 2026 2914 quantum
2049 2817 2202 2910 posteri.

176 2931 381 3026 “illrelatio
405 2929 504 2997 firma
528 2926 790 3004 θῦῑθΰᾶθῐθῑῦῐ.
819 2945 862 2991 ex
883 2915 1161 2988 ‘demonstratio-
1211 2917 1273 2989 tsti
1288 2920 1472 3009 profutura
1489 2933 1577 2989 esset
1591 2920 1765 2990 restitutio
1783 2917 1890 2991 huius
1903 2920 2096 2992 doctrinae.
2127 2918 2199 2990 Le-

176 3035 285 3105 nibus
308 3047 343 3104 et
370 3055 411 3100 ex
438 3030 557 3118 legum
583 3024 783 3097 collatione.
841 3019 931 3092 Nam
954 3032 989 3089 et
1010 3013 1161 3089 Athenis
1210 3035 1305 3110 gerat
1322 3021 1426 3090 etiam
1442 3020 1480 3089 in
1496 3015 1552 3090 his
1568 3021 1652 3111 ipsis
1673 3023 1776 3092 libris
1791 3013 2046 3094 pandectarum
2061 3018 2201 3094 Romse

177 3150 277 3208 erant
296 3124 573 3228 νομοφύλακες,
595 3127 736 3220 publius
757 3122 947 3195 autoritate
966 3120 1160 3200 constituti,
1209 3124 1390 3216 quondam
1414 3123 1615 3192 consulares
1637 3123 1750 3208 viros,
1782 3122 1987 3211 Scevolam,
2016 3121 2198 3210 Crassum,

176 3239 238 3333 qui
252 3252 285 3306 et
302 3236 464 3306 custodes
475 3244 577 3303 erant
591 3230 707 3318 legum
723 3240 758 3298 et
774 3226 993 3318 interpretes.
1024 3219 1160 3294 Romae
1209 3222 1403 3316 sulpitium
1424 3239 1458 3295 et
1480 3225 1586 3309 alios,
1616 3226 1840 3312 damianae,
1867 3228 1999 3298 multos
2021 3225 2198 3298 docuisse.
2234 3262 2240 3276 ·

175 3335 315 3412 scholae
334 3333 589 3430 frequentiores
609 3333 775 3414 luerunt,
802 3326 1051 3409 Scevolarum,
1075 3323 1160 3396 Sul·
1209 3324 1262 3396 Ac
1282 3326 1310 3396 si
1338 3349 1418 3394 vere
1439 3326 1596 3396 iudicare
1617 3329 1800 3413 volumus,
1823 3343 1983 3400 senectus
2005 3328 2105 3399 addit
2127 3329 2197 3398 att.

175 3441 366 3535 pitiorum,
388 3435 549 3506 Trebatii
566 3447 601 3504 et
613 3432 787 3514 aliorum,
812 3452 877 3499 nee
891 3429 1087 3518 interrupta
1104 3426 1158 3496 vel
1207 3428 1293 3520 quid
1309 3427 1507 3499 autoritatis
1521 3429 1731 3518 expositioni
1746 3454 1865 3501 rerum
1878 3430 2123 3502 maximarum.
2150 3426 2198 3502 Es

175 3542 327 3613 extincta
352 3552 404 3609 est
426 3532 737 3623 Constantinopoli
764 3530 983 3603 consuetudo
1007 3529 1158 3599 docendi
1208 3529 1294 3620 ipsis
1307 3529 1451 3599 senibus
1464 3531 1615 3600 maxime
1630 3531 1813 3620 cdngruit,
1839 3535 1980 3603 tradere
1996 3531 2197 3604 iunioribus

176 3658 212 3714 et
237 3639 397 3713 discendi
418 3638 533 3727 legum
556 3632 906 3726 interpretationem,
929 3633 1044 3701 donee
1065 3629 1158 3702 tristi
1206 3629 1367 3701 iusticias
1381 3643 1416 3702 et
1429 3630 1579 3701 aliarum
1594 3632 1766 3704 virtutum
1779 3635 1990 3706 doctrinam.
2023 3632 2114 3704 Cum
2130 3633 2197 3725 igi-

175 3747 248 3815 lato
272 3744 369 3812 sedes
394 3740 454 3809 illa
479 3753 513 3809 et
540 3737 801 3818 doctrinarum,
833 3746 867 3804 ct
889 3732 1030 3824 imperii
1051 3727 1159 3802 Chri·
1207 3733 1405 3802 turdorere
1424 3731 1578 3804 lrnerius
1594 3735 1781 3827 coepisses,
1805 3737 2000 3810 mulsorum
2018 3736 2196 3807 mbffium

174 3845 298 3918 stianis
311 3856 430 3933 erepta
445 3855 519 3924 est,
544 3855 578 3910 et
588 3838 739 3908 Turrita
755 3835 935 3906 harbaries
948 3849 1031 3906 ante
1046 3857 1158 3904 annos
1207 3830 1394 3904 homiuum
1412 3836 1527 3904 studia
1544 3859 1689 3906 aceensa
1705 3850 1800 3923 sunt,
1825 3854 1859 3911 et
1875 3838 2045 3931 paulatim
2060 3841 2100 3908 in
2115 3862 2195 3909 ως.

172 3959 315 4019 centum
329 3945 369 4014 in
383 3968 424 4014 ea
438 3941 616 4013 dominari
630 3938 760 4032 coepit.
1206 3950 1300 4008 teras
1314 3933 1437 4006 ltaliae
1455 3937 1565 4026 urbes
1582 3952 1617 4010 et
1639 3939 1678 4008 in
1695 3937 1872 4024 Galliam,
1896 3932 2132 4034 postremo’es
2156 3941 2195 4010 in

276 4045 318 4116 ln
342 4045 441 4116 ltalia
464 4068 547 4113 erro
578 4067 658 4112 essm
682 4037 932 4130 Langobardi,
966 4048 1002 4107 et
1028 4034 1158 4106 deiude
1207 4035 1439 4110 Germaniam
1456 4033 1714 4111 haecdoctrina
1729 4056 1920 4134 propagata
1935 4055 1998 4113 ess,

170 4144 300 4220 Franci
315 4160 518 4238 regnarent,
543 4145 631 4214 etin
653 4142 750 4214 curia
772 4164 813 4211 se
833 4140 872 4211 in
895 4140 975 4209 soro
1001 4137 1159 4229 peregri.
1307 4137 1521 4233 Quanquam
1546 4156 1662 4212 ,mem
1682 4142 1722 4212 pn
1740 4139 1805 4215 hac
1823 4145 1894 4215 viu
1916 4145 2050 4216 malm
2066 4144 2194 4214 tonsu·

172 4274 238 4320 nae
270 4250 362 4339 leges
394 4248 681 4326 dominarentur,
726 4266 877 4338 quarum
904 4237 1020 4311 adhuc
1044 4240 1156 4334 aliqui
1205 4240 1323 4311 aiones
1341 4256 1374 4313 et
1390 4242 1474 4313 vitia
1489 4258 1652 4316 manent:
1686 4259 1804 4317 tamma
1828 4247 1950 4337 negari
1971 4267 2045 4315 non
2067 4258 2194 4336 potest,

169 4351 254 4422 libri
269 4363 406 4435 extant,
430 4374 512 4419 mor
528 4363 606 4441 post
623 4345 857 4418 lustinisunm
873 4343 990 4413 studia
1004 4343 1156 4412 docendi
1206 4345 1333 4414 melius
1360 4366 1434 4415 esse
1457 4341 1586 4415 habere
1608 4358 1717 4417 certas
1740 4349 1834 4438 leges
1853 4363 1888 4418 et
1910 4349 2093 4418 doctrinae
2116 4349 2192 4417 ior·

168 4467 204 4525 et
233 4452 391 4523 discendi
420 4451 513 4541 leges
536 4448 718 4522 Romanas
742 4448 1007 4530 conticuerunt,
1042 4468 1156 4516 annos
1203 4470 1318 4527 mam,
1352 4471 1460 4540 quam
1485 4448 1641 4518 iudicare
1663 4472 1719 4519 res
1741 4475 1784 4519 ex
1808 4463 1992 4541 potentum
2021 4450 2193 4533 arbitriis,

165 4558 239 4626 lere
254 4553 485 4649 quingentos,
511 4576 601 4647 quae
616 4564 735 4621 tamen
751 4545 1063 4639 Coustsutinopoli
1080 4570 1155 4617 nou
1203 4560 1265 4619 aut
1281 4571 1322 4618 er
1337 4548 1569 4639 opinionibus
1585 4564 1620 4620 et
1635 4550 1812 4622 inerudita
1827 4547 2019 4624 Rhetorica
2035 4551 2192 4622 ardelio-

163 4671 248 4729 *ΠΜ
266 4655 407 4727 mim·
1202 4674 1312 4734 num,
1333 4651 1396 4744 qui
1415 4652 1656 4743 impudentius
1674 4653 1951 4725 vociferarentur
1972 4654 2011 4722 in
2034 4655 2131 4738 loro,
2159 4652 2190 4724 si

266 4757 338 4830 sed
362 4753 589 4849 ¹¹⁰W⁸¹⁰²3⁸
610 4748 774 4825 L⁰¹h³l33
795 4750 963 4825 &multi
994 4763 1152 4842 tempore
1202 4751 1318 4841 legum
1343 4765 1377 4822 et
1399 4754 1598 4824 doctiorum
1622 4755 1846 4825 autoritatem
1873 4779 1947 4826 non
1979 4768 2189 4826 metuerent.

164 4882 268 4930 senex
291 4859 329 4928 in
349 4856 449 4930 ltalia
470 4858 558 4942 luit,
580 4855 773 4947 sapientia,
800 4854 932 4923 virtute
956 4865 991 4923 et
1016 4853 1151 4924 autori-
1200 4851 1341 4925 Deinde
1363 4855 1516 4924 multum
1539 4870 1573 4926 et
1593 4856 1672 4925 aliis
1695 4856 1876 4926 literarum
1900 4873 1934 4929 es
1957 4851 2188 4927 historiarum

160 4976 229 5034 tate
247 4959 479 5042 antecellens,
504 4959 605 5029 casius
618 4957 777 5028 consiliis
791 4956 855 5025 diu
865 4953 1061 5044 Principes,
1087 4957 1148 5047 qssi
1198 4957 1325 5025 studiis
1344 4957 1555 5047 prosuerunt
1577 4953 1615 5027 hi
1637 4958 1739 5042 libri,
1762 4960 1976 5032 adiuvemus
1990 4959 2187 5031 restitutio.

158 5060 415 5154 imperatorum
436 5059 581 5129 numine
595 5071 762 5128 rexerunt
778 5054 934 5140 ltaliam,
959 5057 1147 5145 gubernati
1197 5081 1279 5127 nem
1308 5054 1458 5128 Latinae
1486 5059 1646 5148 liuguae,
1685 5060 1867 5133 illustrant
1897 5058 2072 5134 historias.
2142 5059 2185 5132 ln

155 5166 305 5234 inerant.
357 5160 449 5234 Cum
468 5177 584 5232 sutem
600 5155 793 5231 Lotharius
817 5172 938 5250 pacata
957 5156 1058 5230 tutia
1081 5163 1145 5229 de·
1194 5160 1334 5230 naturis
1359 5182 1436 5230 non
1463 5161 1673 5233 monstrosis
1700 5164 1857 5254 prolecto
1886 5164 1993 5233 etiam
2021 5163 2185 5234 moribus

156 5266 322 5337 liberaret
353 5267 398 5334 de
427 5264 540 5334 forma
579 5261 796 5333 iudiciorum
831 5260 1078 5331 constituenda
1110 5275 1143 5332 et
1196 5262 1357 5353 prodest,
1382 5262 1607 5334 considerare
1621 5286 1743 5335 causas
1766 5265 1902 5357 legum,
1928 5279 1964 5336 es
1978 5263 2128 5357 propina
2145 5266 2185 5334 5„

151 5369 269 5459 legum
291 5366 557 5457 emendatione,
583 5362 739 5435 lmerius
759 5362 932 5451 ostendit,
965 5376 1140 5458 quantum
1191 5386 1233 5436 ea
1247 5363 1403 5459 aspicere
1417 5357 1613 5453 iusticiam,
1638 5369 1735 5462 quod
1748 5390 1833 5441 cum
1846 5367 1904 5453 fit,
1929 5367 2004 5461 ipsa
2019 5361 2181 5458 pulchri.
