4680 6038
122 258 199 339 Μ
899 242 1385 325 n1srurartouus
2083 260 2153 345 cu

231 428 295 509 2⁶.
336 422 490 523 lmpium
512 436 564 497 est
585 420 726 508 dicere,
758 419 856 515 quod
876 417 1050 512 scriptura
1074 420 1121 494 sit
1171 408 1380 505 imitantur,
1406 422 1469 518 qui
1484 448 1558 497 non
1573 418 1641 497 boc
1654 441 1779 525 agunt,
1796 426 2155 529 nt'ssnentbosuluq

130 540 265 617 incerta
281 549 317 608 et
330 529 518 620 ambigua,
543 526 593 598 ita
607 538 649 598 ut
663 524 707 595 de
723 525 830 595 rebus
853 522 1061 595 necessariis
1074 525 1121 594 ad
1173 538 1209 597 et
1232 525 1423 597 consulant
1445 529 1710 620 ambigentibus
1730 531 1984 625 concientia,
2008 541 2156 617 mm.

129 642 302 725 salutem,
319 631 525 727 non'possit
543 652 586 699 er
603 651 645 700 es
657 625 752 700 sumi
773 625 879 720 plana
895 639 930 697 et
944 638 1039 698 certa
1053 627 1122 697 do-
1172 640 1248 700 tum
1274 628 1467 705 trucidant.
1755 626 1759 631 '

129 743 256 817 ellim·
1276 727 1339 804 87.
1367 730 1485 804 Verba
1501 732 1663 807 Platonis
1686 730 1774 809 baec
1796 752 1900 813 sunt:
1924 735 2009 836 ἥτις
2027 738 2101 841 μὲ,
2116 744 2157 825 5,

231 845 297 918 26.
329 837 416 912 Ideo
434 860 515 909 com
530 828 690 905 Ecclesia
706 830 843 905 iudicat
858 830 903 902 de
923 829 1120 923 scripturis,
1172 821 1244 905 οὖν
1259 835 1337 906 τῶν
1353 839 1547 909 πολιτειῶν
1562 833 1631 932 τὴν
1646 836 1762 935 αὐτῆς
1780 839 1999 945 φθέγγηται
2020 846 2155 947 m,

129 944 264 1017 indicat
277 968 320 1015 er
333 940 414 1014 aliis
426 936 630 1032 scripturis,
655 958 732 1007 non
751 958 793 1006 ex
807 927 964 1005 humana
978 934 1120 1028 opinio·
1171 927 1265 1028 πρός
1292 961 1333 1007 cs
1359 932 1493 1031 θεοὺς,
1524 936 1590 1013 καὶ
1617 937 1710 1037 πρὸς
1738 939 1993 1044 sirmeum,
2026 948 2093 1027 καὶ
2114 958 2155 1051 ,ᾖ

130 1071 195 1135 ue,
219 1048 297 1117 sine
312 1043 514 1116 testimonio
532 1036 614 1110 Dei.
1171 1041 1284 1133 φωνῇ
1303 1034 1371 1121 τὰς
1389 1035 1538 1138 πράξεις
1560 1040 1741 1138 ἑπομένας
1768 1043 1961 1137 ἀποδιδοῖ,
1993 1046 2151 1131 θέω

230 1149 292 1223 27.
318 1145 427 1237 Quod
441 1140 601 1216 Ecclesia
618 1136 823 1234 repudiavit
841 1137 1015 1232 quaedam
1034 1131 1121 1210 ‹itli-
1171 1134 1236 1212 καὶ
1250 1133 1423 1229 σώζεται,
1448 1143 1659 1243 μιμουμένη
1681 1143 1723 1221 cli
1744 1146 1860 1246 step
1878 1150 2091 1252 φθρίρηω,

132 1274 252 1326 orosa
272 1249 427 1340 scripta,
453 1244 577 1318 reiecit
590 1256 764 1337 tanquam
776 1240 894 1323 testis,
922 1264 1003 1311 cum
1018 1240 1122 1315 sciret
1272 1244 1334 1317 db.
1374 1243 1479 1317 Luna
1500 1247 1633 1321 vicenis
1649 1251 1775 1323 diebus
1790 1256 2020 1353 septeniuque
2037 1273 2073 1333 ,ι
2088 1274 2147 1335 12.

127 1354 257 1426 casine
272 1364 369 1425 certo
388 1362 512 1422 autore
528 1345 624 1417 edita
640 1366 727 1428 esse,
751 1358 814 1417 aut
828 1355 999 1439 tanquam
1014 1343 1120 1414 iudex
1170 1342 1219 1415 tia
1242 1345 1313 1415 diei
1336 1361 1434 1439 parte
1455 1352 1592 1441 peragit
1619 1377 1760 1426 cursum
1785 1379 1911 1446 suum,
1942 1374 1979 1432 et
2003 1374 2147 1439 tamen

125 1470 246 1528 secuta
263 1456 351 1525 alias
366 1452 570 1544 scripturas.
1170 1447 1346 1521 tricesima
1361 1450 1458 1540 luce,
1482 1466 1523 1537 up
1538 1453 1657 1551 inquit
1669 1455 1820 1549 plinius
1843 1461 1891 1533 nd
1905 1465 2056 1539 mem
2071 1465 2145 1541 'im

225 1558 289 1633 28.
321 1553 460 1628 Iniuria
484 1565 556 1637 est,
579 1572 744 1622 accusare
765 1545 930 1621 homines
947 1547 1119 1618 desectio·
1169 1572 1295 1621 rursus
1309 1553 1393 1659 exit.

125 1660 184 1731 nis
203 1659 250 1732 ab
266 1656 444 1743 Ecclesia,
468 1664 616 1749 propter
638 1665 791 1726 mutatas
811 1646 986 1724 humanas
1005 1651 1120 1723 tradi·

124 1764 292 1939 ¹¹0will.
318 1860 414 1952 Quia
427 1853 658 1931 adEcclesiae
675 1853 847 1927 unitatem
863 1855 947 1927 satis
963 1868 1016 1927 est
1031 1880 1119 1927 con·
1168 1786 1391 1886 (xxvffl')
1415 1790 1919 1982 ’ἶῖἰῖοὲξέἴέἶέἶὲξέ
1943 1802 2145 1883 mm

123 1967 256 2040 sentire
278 1968 325 2037 de
347 1963 511 2035 doctriua
524 1956 733 2047 Evangelii,
758 1972 795 2031 et
808 1956 1117 2030 administratione

127 2068 452 2143 sacramentorum.
480 2062 553 2135 Nec
563 2075 616 2134 est
626 2060 824 2131 necessaria
837 2059 1037 2132 similitudo
1047 2056 1117 2130 bu·
1168 2045 1361 2134 Articulus
1384 2062 1423 2134 in
1447 2066 1627 2161 symbolo:
1653 2068 1770 2143 Credo
1791 2052 1952 2149 sanctam
1964 2072 2146 2153 Mecium

121 2196 310 2245 manarum
336 2167 590 2258 traditionum,
616 2158 684 2234 hae
707 2161 804 2232 euim
822 2157 916 2233 nihil
933 2163 1115 2255 pertinent
1167 2158 1394 2253 catholicam,
1427 2191 1502 2238 non
1527 2170 1645 2242 solum
1666 2173 1840 2266 significat
1859 2200 1937 2251 esse
1962 2204 2072 2254 unam
2089 2184 2148 2255 ali.

120 2276 169 2351 ad
189 2275 299 2348 vitam
319 2269 563 2366 spiritualem,
587 2288 699 2364 quare
720 2264 797 2336 sine
817 2264 869 2336 eis
885 2267 1032 2338 existere
1049 2291 1116 2360 po·
1166 2290 1276 2360 quam
1290 2263 1507 2357 Ecclesiam,
1532 2275 1593 2344 sed
1618 2276 1725 2348 etiam
1748 2280 1903 2374 requirit
1915 2283 2146 2360 obeditum„

120 2389 190 2454 test
203 2379 290 2449 fides
302 2390 337 2447 et
354 2375 427 2446 vita
439 2385 592 2444 aeterua.
1165 2368 1322 2440 debitam
1340 2371 1539 2444 ministerio
1556 2391 1713 2455 externo.

220 2478 285 2550 80.
327 2473 407 2548 Etsi
429 2474 527 2544 enim
550 2495 614 2544 sua
638 2469 788 2541 debetur
803 2467 1011 2539 Pectoribus
1024 2469 1112 2539 obe·
1266 2473 1302 2544 2.
1341 2470 1511 2570 Requirit
1529 2479 1627 2548 enim
1654 2505 1869 2556 consensum
1890 2510 1968 2560 com
1990 2482 2142 2563 &etesia

122 2577 283 2665 dientia,
317 2589 438 2648 tamen
461 2575 547 2645 istos
563 2572 717 2644 sciamus
730 2594 813 2640 vere
829 2572 1026 2641 desertores
1039 2594 1113 2642 esse
1165 2568 1360 2662 catholica,
1398 2601 1508 2673 qnare
1540 2581 1693 2677 requirit
1721 2587 1959 2662 obedientium
1988 2590 2144 2665 dubiem

120 2676 319 2765 Ecclesiae,
347 2678 510 2774 quinon
536 2690 630 2747 recte
649 2675 780 2744 docent
795 2668 1052 2761 Evangelium,
1078 2687 1113 2745 et
1164 2675 1375 2750 ministerio.

118 2783 343 2855 manifestam
358 2778 563 2853 idolatriam
580 2776 798 2859 detendunt,
823 2789 859 2848 et
880 2774 1035 2848 retinere
1051 2801 1112 2848 co-
1266 2779 1303 2851 8.
1331 2779 1515 2872 Significat
1530 2782 1805 2877 igiturEcclcsia
1820 2786 1997 2866 catholica
2008 2817 2148 2888 congre·

120 2897 266 2959 uantur.
1161 2879 1340 2970 gationem
1374 2885 1535 2977 piorum,
1570 2912 1648 2960 non
1683 2893 1801 2963 solnm
1834 2894 1876 2965 in
1909 2895 2061 2992 spiritu,
2089 2900 2145 2973 red

221 2987 284 3058 st.
324 2983 398 3076 Qui
422 2982 518 3079 piam
542 2995 577 3053 et
597 2977 829 3052 necessariam
845 2971 1025 3053 Ecclesiae
1042 2981 1111 3053 do·
1162 2983 1270 3054 etiam
1284 2985 1324 3055 in
1348 2988 1501 3058 externis
1524 2991 1705 3086 aliquibus
1718 2994 1827 3069 rebus
1841 2999 2139 3085 consentientium,

118 3087 270 3160 ctrinam
287 3091 478 3169 damnant,
502 3097 537 3156 et
553 3083 696 3156 abolere
716 3094 904 3154 conantur.
1160 3086 1293 3160 scilicet
1310 3091 1354 3159 de
1370 3090 1580 3169 ministerio,

219 3192 283 3267 82.
319 3190 394 3282 Qui
420 3190 469 3262 ita
493 3187 682 3284 requirnnt
698 3184 908 3259 traditiones
924 3180 1110 3272 humanas,
1152 3195 1157 3202 '
1262 3190 1299 3265 4.
1340 3188 1403 3264 Est
1419 3207 1537 3265 antem
1553 3220 1625 3268 una
1642 3195 1815 3273 catholica
1831 3197 2016 3295 Ecclesia,
2038 3204 2136 3305 etqui

115 3308 158 3367 ut
178 3308 323 3386 propter
338 3318 460 3365 earnm
478 3291 712 3364 mutationem
734 3301 900 3360 accusent
914 3290 1029 3361 bonos
1046 3290 1110 3358 de-
1159 3292 1206 3363 ab
1223 3316 1262 3363 ea
1283 3295 1489 3384 discedunt,
1514 3313 1598 3373 sont
1612 3300 1715 3394 impii
1737 3318 1773 3377 et
1787 3305 1988 3386 maledicti.

115 3396 280 3469 lectionis
294 3398 340 3470 ab
355 3393 527 3492 Ecclesia.
1262 3407 1299 3483 5.
1330 3408 1426 3506 Ergo
1442 3418 1505 3510 qui
1521 3442 1541 3489 a
1558 3420 1756 3493 ministerio
1764 3420 1950 3499 Ecclesiae
1964 3418 2136 3503 catholini

218 3498 279 3569 ³⁸·
305 3496 381 3588 Qui
399 3492 779 3587 ucauoteancpiamec
794 3487 1107 3561 neceeeriamsse-
1158 3513 1358 3597 discedunt,
1384 3534 1467 3590 suu
1483 3520 1585 3612 impii
1602 3536 1637 3594 u
1652 3525 1844 3599 marcaico.

116 3598 244 3675 clesiae
265 3599 479 3671 doctrinam.
531 3592 711 3676 Item,·ut
732 3591 911 3665 retineant
942 3592 1106 3664 traditio·
1259 3634 1299 3706 6⁰
1340 3632 1406 3707 Est
1429 3653 1547 3711 amem
1575 3642 1812 3717 ministerium
1830 3641 2128 3723 Maian&

115 3725 200 3787 nes,
233 3723 322 3794 quas
348 3725 393 3770 nc
415 3699 485 3792 ipsi
509 3697 656 3793 quidem
684 3696 897 3782 observant,
928 3693 1105 3765 infinitam

116 3803 364 3876 crudelitatem
380 3803 418 3872 in
435 3803 514 3894 pios
538 3810 712 3870 exercent.

215 3903 280 3980 84.
313 3903 362 3978 Ut
380 3918 514 3977 caetera
536 3901 767 3985 omittamus,
792 3913 885 3972 certe
907 3895 995 3972 haec
1018 3923 1106 3970 con·

114 4010 240 4081 solatio
261 4009 358 4080 bono
375 4008 452 4079 viro
476 4020 555 4076 non·
567 4002 826 4074 contemnenda
843 4017 910 4089 est,
937 4003 1034 4098 quod
1050 4003 1106 4073 sa·
1432 4068 1441 4085 ,
1472 4068 1482 4085 ,

113 4112 181 4182 cile
203 4126 254 4184 est
278 4112 454 4192 iudicare,
480 4110 605 4180 iurene
628 4105 689 4177 isti
713 4105 782 4175 sibi
797 4120 963 4195 arrogent
978 4101 1105 4175 Eccle·
1156 4079 1357 4154 mmm&
1391 4082 1594 4157 ¹⁰¹⁰¹³¹l⁰⁸2
1626 4073 1688 4143 led
1711 4097 1925 4150 effluentum
1947 4091 2128 4153 mooun

113 4212 185 4282 siae
200 4213 363 4297 titulum,
388 4213 453 4308 qni
469 4213 574 4283 talem
600 4207 788 4278 saeviciam
810 4220 988 4293 exercent,
1013 4231 1104 4300 quae
1156 4165 1201 4234 de
1218 4166 1565 4306 d⁰⁶¹rinafl¹¹¹¹¹ib¹¹⁸
1582 4176 1814 4267 ¹²¹⁰me

111 4315 271 4406 proiecto
295 4314 444 4384 minime
465 4315 564 4383 dccet
586 4307 796 4384 Ecclesiam.
846 4305 896 4380 Et
917 4323 970 4382 est
992 4332 1104 4402 quae·
1172 4384 1182 4405 ο
1258 4285 1293 4356 ⁸·
1328 4283 1467 4407 Q¹¹¹f¹b
1485 4285 1742 4413 ll⁰⁰f⁰¹¹⁸⁰⁰⁸¹¹
1765 4296 1936 4389 dlffldlls
1962 4301 2127 4376 ΝΜ·

112 4415 196 4485 dam
219 4415 388 4500 felicitas,
430 4438 496 4486 nec
520 4426 702 4498 autorem,
740 4435 808 4482 nec
838 4412 1102 4494 administrum,
1154 4382 1431 4461 l¹l³bE⁰⁰¹⁰⁸¹³
1448 4388 1635 4470 wilwim-

109 4538 179 4589 uec
191 4516 460 4608 suffragatorem
474 4539 548 4586 esse
561 4515 660 4585 illins
679 4513 909 4600 crudelitatis,
922 4515 1013 4584 sicut
1028 4510 1103 4584 Da⁴
1257 4503 1293 4576 9·
1335 4506 1458 4596 Quare
1492 4518 1688 4605 prudenter
1715 4518 1912 4594 videndum
1947 4538 2020 4612 est,
2057 4524 2127 4623 quid

112 4620 174 4690 vid
190 4632 375 4713 precatur:
397 4617 452 4689 Ne
463 4619 589 4709 perdas
604 4640 659 4685 me
674 4639 754 4686 cum
772 4616 859 4685 viris
873 4616 1102 4708 sanguinum.
1152 4629 1346 4680 consensus
1361 4613 1560 4687 Doctorum
1578 4632 1613 4691 et
1625 4620 1769 4712 piorum
1787 4623 1827 4695 in
1841 4626 2042 4700 ministerio
2056 4653 2127 4723 pro·

211 4717 274 4799 85.
299 4721 402 4794 Plato
418 4719 553 4816 inquit:
579 4717 685 4791 Tunc
696 4741 974 4814 unamquanque
987 4716 1101 4790 Rem·
1151 4709 1291 4782 baverit
1307 4717 1475 4787 omnibus
1491 4722 1733 4815 temporibus,
1759 4749 1806 4797 ne
1828 4751 1941 4800 novas
1953 4745 1990 4804 et
2005 4731 2128 4822 ignotas

110 4826 291 4919 publicam
307 4826 442 4919 optime
456 4846 493 4894 se
509 4816 661 4905 babere,
687 4822 832 4913 quando
848 4846 980 4892 nomen
995 4844 1100 4892 suum
1151 4812 1340 4904 opiniones
1379 4814 1574 4892 catholicae
1603 4819 1780 4898 Ecclesiae
1813 4830 2041 4922 recipiamus.
2094 4830 2128 4903 ln

108 4927 185 5018 ipsa
217 4939 321 4998 sonat
351 4950 471 4998 eoram
497 4920 575 4995 Deo
609 4935 642 4992 ct
671 4916 896 5014 bominibus,
929 4919 997 4995 boc
1028 4937 1099 5005 est,
1150 4908 1244 4984 hanc
1266 4921 1476 4991 sententiam
1501 4923 1549 4994 ait
1575 4921 1813 5016 Augustinus:
1843 4927 2047 5023 Evangelio
2066 4956 2128 5007 nos

108 5031 253 5122 quando
268 5043 379 5101 status
396 5029 470 5117 ipse
485 5050 565 5097 cum
580 5023 820 5116 appellatione
833 5026 1022 5098 consentit.
1149 5017 1351 5106 crederem,
1375 5022 1445 5094 nisi
1462 5020 1641 5097 Ecclesiae
1657 5025 1851 5103 catholicae
1870 5037 2066 5116 crederem.

208 5130 270 5203 86.
291 5122 692 5203 PorroEcclesiahabet
707 5149 837 5195 nomen
852 5126 975 5197 ovium
989 5121 1098 5199 Chri·
1254 5136 1314 5206 10.
1352 5133 1402 5209 Ec
1422 5140 1468 5209 de
1492 5139 1554 5210 itta
1568 5138 1727 5216 Ecclesia
1749 5141 1925 5222 catholiea
1939 5152 2128 5227 nectet·

107 5232 166 5307 sti.
215 5229 320 5302 Hanc
341 5243 460 5302 autem
480 5253 602 5298 vocem
627 5251 701 5297 non
723 5243 826 5299 sonat
843 5226 909 5298 ista
924 5224 1097 5316 Ecclesia,
1148 5244 1227 5320 tur,
1250 5231 1446 5311 Ecclesiam
1461 5265 1536 5312 non
1551 5265 1681 5318 errare.
1730 5245 1880 5324 Retinet
1894 5253 1994 5326 euim
2007 5255 2128 5331 fund..

69 5340 76 5351 '
107 5357 198 5427 quae
218 5334 328 5405 saevit
348 5334 386 5403 in
412 5331 504 5424 pios.
555 5325 630 5399 Nec
650 5350 737 5398 oves
752 5323 889 5448 Christi
905 5342 1008 5416 sont,
1031 5330 1096 5424 qni
1146 5349 1325 5430 mentum,
1358 5343 1425 5416 etsi
1438 5344 1500 5416 alii
1514 5367 1660 5436 aurum,
1685 5349 1750 5424 alii
1768 5352 1918 5447 stipulas
1929 5354 2128 5454 suprasodi·

104 5429 290 5510 Christum
320 5435 446 5508 andire
471 5431 623 5520 nolunt,
662 5453 729 5505 nec
752 5424 891 5506 Chnstr
911 5430 1095 5508 lenitatem
1145 5434 1263 5513 licant.

1158 3735 1264 3820 licae,
1290 3741 1453 3811 doctrina
1479 3744 1691 3835 apostolica,
1716 3750 1847 3822 tradita
1874 3751 1923 3823 ab
1947 3753 2036 3848 ipsis
2047 3750 2125 3847 tue-

1156 3841 1276 3928 stolis,
1299 3857 1334 3914 et
1349 3859 1539 3936 propagata
1554 3870 1618 3939 per
1632 3863 1773 3922 sanctos
1789 3866 1920 3945 patres.

1256 3961 1292 4034 7.
1328 3958 1486 4035 Ecclesia
1510 3962 1687 4041 catholica
1715 3970 1892 4062 significat
1915 3994 1994 4049 non
2010 3988 2127 4050 uoto·
