<?xml version="1.0" encoding="UTF-8"?>
<!DOCTYPE html PUBLIC "-//W3C//DTD XHTML 1.0 Transitional//EN"
    "http://www.w3.org/TR/xhtml1/DTD/xhtml1-transitional.dtd">
<html xmlns="http://www.w3.org/1999/xhtml" xml:lang="en" lang="en">
 <head>
  <title>
</title>
<meta http-equiv="Content-Type" content="text/html;charset=utf-8" />
  <meta name='ocr-system' content='tesseract 3.04.00' />
  <meta name='ocr-capabilities' content='ocr_page ocr_carea ocr_par ocr_line ocrx_word'/>
</head>
<body>
  <div class='ocr_page' id='page_1' title='image "./corpusreformato00bretgoog_0104.png"; bbox 0 0 4680 6038; ppageno 0'>
   <div class='ocr_carea' id='block_1_1' title="bbox 184 184 2209 291">
    <p class='ocr_par' dir='ltr' id='par_1_1' title="bbox 184 184 2209 291">
     <span class='ocr_line' id='line_1_1' title="bbox 184 184 2209 291; baseline -0 -24"><span class='ocrx_word' id='word_1_1' title='bbox 184 188 261 269; x_wconf 78' lang='lat' dir='ltr'><strong>css</strong></span> <span class='ocrx_word' id='word_1_2' title='bbox 651 188 809 272; x_wconf 76' lang='lat' dir='ltr'><strong>nucu</strong></span> <span class='ocrx_word' id='word_1_3' title='bbox 842 186 920 267; x_wconf 80' lang='lat' dir='ltr'><strong>uu</strong></span> <span class='ocrx_word' id='word_1_4' title='bbox 953 185 1096 265; x_wconf 75' lang='lat' dir='ltr'><strong>vrrs</strong></span> <span class='ocrx_word' id='word_1_5' title='bbox 1128 186 1203 266; x_wconf 77' lang='lat' dir='ltr'><strong>ur</strong></span> <span class='ocrx_word' id='word_1_6' title='bbox 1230 184 1515 291; x_wconf 74' lang='lat' dir='ltr'><strong>scurrrrs</strong></span> <span class='ocrx_word' id='word_1_7' title='bbox 1550 187 1747 268; x_wconf 76' lang='lat' dir='ltr'><strong>eman.</strong></span> <span class='ocrx_word' id='word_1_8' title='bbox 2131 188 2209 267; x_wconf 80' lang='lat' dir='ltr'><strong>sss</strong></span> 
     </span>
    </p>
   </div>
   <div class='ocr_carea' id='block_1_2' title="bbox 185 361 2208 581">
    <p class='ocr_par' dir='ltr' id='par_1_2' title="bbox 185 361 2208 581">
     <span class='ocr_line' id='line_1_2' title="bbox 185 361 2208 461; baseline -0.001 -23"><span class='ocrx_word' id='word_1_9' title='bbox 185 362 254 438; x_wconf 91' lang='lat' dir='ltr'><strong>hoc</strong></span> <span class='ocrx_word' id='word_1_10' title='bbox 266 388 375 460; x_wconf 90' lang='lat' dir='ltr'><strong>opere</strong></span> <span class='ocrx_word' id='word_1_11' title='bbox 396 365 576 455; x_wconf 70' lang='lat' dir='ltr'><strong>instituit,</strong></span> <span class='ocrx_word' id='word_1_12' title='bbox 600 380 636 438; x_wconf 90' lang='lat' dir='ltr'><strong>et</strong></span> <span class='ocrx_word' id='word_1_13' title='bbox 657 366 697 436; x_wconf 91' lang='lat' dir='ltr'><strong>in</strong></span> <span class='ocrx_word' id='word_1_14' title='bbox 712 361 781 438; x_wconf 90' lang='lat' dir='ltr'><strong>boc</strong></span> <span class='ocrx_word' id='word_1_15' title='bbox 797 368 954 438; x_wconf 87' lang='lat' dir='ltr'><strong>secundo</strong></span> <span class='ocrx_word' id='word_1_16' title='bbox 969 365 1083 450; x_wconf 90' lang='lat' dir='ltr'><strong>libro,</strong></span> <span class='ocrx_word' id='word_1_17' title='bbox 1102 364 1172 460; x_wconf 71' lang='lat' dir='ltr'><strong>,qui</strong></span> <span class='ocrx_word' id='word_1_18' title='bbox 1224 361 1293 432; x_wconf 85' lang='lat' dir='ltr'><strong>tuit</strong></span> <span class='ocrx_word' id='word_1_19' title='bbox 1315 363 1473 454; x_wconf 89' lang='lat' dir='ltr'><strong>primum</strong></span> <span class='ocrx_word' id='word_1_20' title='bbox 1502 365 1773 461; x_wconf 73' lang='lat' dir='ltr'><strong>explicationem</strong></span> <span class='ocrx_word' id='word_1_21' title='bbox 1804 365 2046 437; x_wconf 90' lang='lat' dir='ltr'><strong>nobilissimae</strong></span> <span class='ocrx_word' id='word_1_22' title='bbox 2070 380 2105 440; x_wconf 90' lang='lat' dir='ltr'><strong>et</strong></span> <span class='ocrx_word' id='word_1_23' title='bbox 2125 389 2208 460; x_wconf 88' lang='lat' dir='ltr'><strong>per-</strong></span> 
     </span>
     <span class='ocr_line' id='line_1_3' title="bbox 185 464 2206 581; baseline 0.002 -44"><span class='ocrx_word' id='word_1_24' title='bbox 185 492 272 539; x_wconf 81' lang='lat' dir='ltr'><strong>sero</strong></span> <span class='ocrx_word' id='word_1_25' title='bbox 296 468 406 581; x_wconf 54' lang='lat' dir='ltr'><strong>tu&#39;vs</strong></span> <span class='ocrx_word' id='word_1_26' title='bbox 426 469 544 562; x_wconf 90' lang='lat' dir='ltr'><strong>operis</strong></span> <span class='ocrx_word' id='word_1_27' title='bbox 567 469 705 562; x_wconf 90' lang='lat' dir='ltr'><strong>primus</strong></span> <span class='ocrx_word' id='word_1_28' title='bbox 726 483 795 540; x_wconf 89' lang='lat' dir='ltr'><strong>est:</strong></span> <span class='ocrx_word' id='word_1_29' title='bbox 837 470 939 567; x_wconf 91' lang='lat' dir='ltr'><strong>(uam</strong></span> <span class='ocrx_word' id='word_1_30' title='bbox 963 494 1067 563; x_wconf 87' lang='lat' dir='ltr'><strong>quem</strong></span> <span class='ocrx_word' id='word_1_31' title='bbox 1097 468 1172 561; x_wconf 91' lang='lat' dir='ltr'><strong>ipse</strong></span> <span class='ocrx_word' id='word_1_32' title='bbox 1222 464 1432 537; x_wconf 78' lang='lat' dir='ltr'><strong>lectissimae</strong></span> <span class='ocrx_word' id='word_1_33' title='bbox 1445 481 1613 555; x_wconf 81' lang='lat' dir='ltr'><strong>naturae,</strong></span> <span class='ocrx_word' id='word_1_34' title='bbox 1639 465 1808 541; x_wconf 88' lang='lat' dir='ltr'><strong>Hominis</strong></span> <span class='ocrx_word' id='word_1_35' title='bbox 1823 469 2007 549; x_wconf 89' lang='lat' dir='ltr'><strong>videlicet,</strong></span> <span class='ocrx_word' id='word_1_36' title='bbox 2039 470 2079 541; x_wconf 87' lang='lat' dir='ltr'><strong>in</strong></span> <span class='ocrx_word' id='word_1_37' title='bbox 2104 468 2206 541; x_wconf 89' lang='lat' dir='ltr'><strong>cuius</strong></span> 
     </span>
    </p>
   </div>
   <div class='ocr_carea' id='block_1_3' title="bbox 151 568 2321 5503">
    <p class='ocr_par' dir='ltr' id='par_1_3' title="bbox 187 568 2207 769">
     <span class='ocr_line' id='line_1_4' title="bbox 187 568 2207 665; baseline -0 -23"><span class='ocrx_word' id='word_1_38' title='bbox 187 573 347 665; x_wconf 90' lang='lat' dir='ltr'><strong>primum</strong></span> <span class='ocrx_word' id='word_1_39' title='bbox 369 572 689 660; x_wconf 60' lang='lat' dir='ltr'><strong>aceruatarum</strong></span> <span class='ocrx_word' id='word_1_40' title='bbox 719 587 772 644; x_wconf 89' lang='lat' dir='ltr'><strong>est</strong></span> <span class='ocrx_word' id='word_1_41' title='bbox 795 573 903 643; x_wconf 88' lang='lat' dir='ltr'><strong>iudex</strong></span> <span class='ocrx_word' id='word_1_42' title='bbox 923 586 959 645; x_wconf 89' lang='lat' dir='ltr'><strong>et</strong></span> <span class='ocrx_word' id='word_1_43' title='bbox 975 573 1172 662; x_wconf 81' lang='lat' dir='ltr'><strong>catalogus,</strong></span> <span class='ocrx_word' id='word_1_44' title='bbox 1222 568 1461 660; x_wconf 81' lang='lat' dir='ltr'><strong>descriptione</strong></span> <span class='ocrx_word' id='word_1_45' title='bbox 1491 573 1671 645; x_wconf 79' lang='lat' dir='ltr'><strong>consumit</strong></span> <span class='ocrx_word' id='word_1_46' title='bbox 1698 586 1813 647; x_wconf 87' lang='lat' dir='ltr'><strong>tutum</strong></span> <span class='ocrx_word' id='word_1_47' title='bbox 1843 573 2032 665; x_wconf 87' lang='lat' dir='ltr'><strong>septimum</strong></span> <span class='ocrx_word' id='word_1_48' title='bbox 2061 573 2207 658; x_wconf 89' lang='lat' dir='ltr'><strong>libmm,</strong></span> 
     </span>
     <span class='ocr_line' id='line_1_5' title="bbox 187 670 1651 769; baseline -0.001 -23"><span class='ocrx_word' id='word_1_49' title='bbox 187 697 309 746; x_wconf 80' lang='lat' dir='ltr'><strong>recem</strong></span> <span class='ocrx_word' id='word_1_50' title='bbox 325 675 548 766; x_wconf 87' lang='lat' dir='ltr'><strong>singulorum</strong></span> <span class='ocrx_word' id='word_1_51' title='bbox 564 676 739 747; x_wconf 89' lang='lat' dir='ltr'><strong>librorum</strong></span> <span class='ocrx_word' id='word_1_52' title='bbox 753 688 788 747; x_wconf 88' lang='lat' dir='ltr'><strong>et</strong></span> <span class='ocrx_word' id='word_1_53' title='bbox 799 676 954 768; x_wconf 89' lang='lat' dir='ltr'><strong>capitum</strong></span> <span class='ocrx_word' id='word_1_54' title='bbox 968 687 1173 746; x_wconf 85' lang='lat' dir='ltr'><strong>summaset</strong></span> <span class='ocrx_word' id='word_1_55' title='bbox 1223 670 1373 741; x_wconf 82' lang='lat' dir='ltr'><strong>lectione</strong></span> <span class='ocrx_word' id='word_1_56' title='bbox 1392 673 1651 769; x_wconf 81' lang='lat' dir='ltr'><strong>dignissimum.</strong></span> 
     </span>
    </p>

    <p class='ocr_par' dir='ltr' id='par_1_4' title="bbox 185 772 2210 1384">
     <span class='ocr_line' id='line_1_6' title="bbox 186 772 2208 874; baseline -0.001 -26"><span class='ocrx_word' id='word_1_57' title='bbox 186 781 423 872; x_wconf 81' lang='lat' dir='ltr'><strong>arguments).</strong></span> <span class='ocrx_word' id='word_1_58' title='bbox 453 777 496 848; x_wconf 82' lang='lat' dir='ltr'><strong>ln</strong></span> <span class='ocrx_word' id='word_1_59' title='bbox 508 773 576 849; x_wconf 90' lang='lat' dir='ltr'><strong>hoc</strong></span> <span class='ocrx_word' id='word_1_60' title='bbox 589 778 745 849; x_wconf 90' lang='lat' dir='ltr'><strong>secundo</strong></span> <span class='ocrx_word' id='word_1_61' title='bbox 760 779 856 849; x_wconf 91' lang='lat' dir='ltr'><strong>libro</strong></span> <span class='ocrx_word' id='word_1_62' title='bbox 871 780 1030 874; x_wconf 87' lang='lat' dir='ltr'><strong>iuquam,</strong></span> <span class='ocrx_word' id='word_1_63' title='bbox 1045 777 1171 849; x_wconf 90' lang='lat' dir='ltr'><strong>muudi</strong></span> <span class='ocrx_word' id='word_1_64' title='bbox 1323 772 1462 846; x_wconf 85' lang='lat' dir='ltr'><strong>Deinde</strong></span> <span class='ocrx_word' id='word_1_65' title='bbox 1474 777 1625 870; x_wconf 85' lang='lat' dir='ltr'><strong>explicat</strong></span> <span class='ocrx_word' id='word_1_66' title='bbox 1636 794 1780 851; x_wconf 88' lang='lat' dir='ltr'><strong>naturas</strong></span> <span class='ocrx_word' id='word_1_67' title='bbox 1794 778 2003 849; x_wconf 89' lang='lat' dir='ltr'><strong>animalium</strong></span> <span class='ocrx_word' id='word_1_68' title='bbox 2018 779 2208 850; x_wconf 89' lang='lat' dir='ltr'><strong>brutorum</strong></span> 
     </span>
     <span class='ocr_line' id='line_1_7' title="bbox 185 875 2210 983; baseline -0.001 -31"><span class='ocrx_word' id='word_1_69' title='bbox 185 881 295 952; x_wconf 88' lang='lat' dir='ltr'><strong>totius</strong></span> <span class='ocrx_word' id='word_1_70' title='bbox 318 882 468 962; x_wconf 87' lang='lat' dir='ltr'><strong>molem,</strong></span> <span class='ocrx_word' id='word_1_71' title='bbox 494 882 860 975; x_wconf 82' lang='lat' dir='ltr'><strong>corpora-simplicia,</strong></span> <span class='ocrx_word' id='word_1_72' title='bbox 887 884 1026 953; x_wconf 89' lang='lat' dir='ltr'><strong>coelum</strong></span> <span class='ocrx_word' id='word_1_73' title='bbox 1047 894 1083 952; x_wconf 91' lang='lat' dir='ltr'><strong>et</strong></span> <span class='ocrx_word' id='word_1_74' title='bbox 1098 881 1171 950; x_wconf 91' lang='lat' dir='ltr'><strong>ele·</strong></span> <span class='ocrx_word' id='word_1_75' title='bbox 1223 888 1375 970; x_wconf 88' lang='lat' dir='ltr'><strong>quatuor</strong></span> <span class='ocrx_word' id='word_1_76' title='bbox 1392 878 1494 948; x_wconf 88' lang='lat' dir='ltr'><strong>libris</strong></span> <span class='ocrx_word' id='word_1_77' title='bbox 1507 883 1735 983; x_wconf 80' lang='lat' dir='ltr'><strong>sequentibus</strong></span> <span class='ocrx_word' id='word_1_78' title='bbox 1758 882 1961 974; x_wconf 82' lang='lat' dir='ltr'><strong>septimum:</strong></span> <span class='ocrx_word' id='word_1_79' title='bbox 1989 875 2057 952; x_wconf 92' lang='lat' dir='ltr'><strong>hoc</strong></span> <span class='ocrx_word' id='word_1_80' title='bbox 2081 877 2210 952; x_wconf 85' lang='lat' dir='ltr'><strong>videli-</strong></span> 
     </span>
     <span class='ocr_line' id='line_1_8' title="bbox 187 981 2209 1083; baseline -0.001 -31"><span class='ocrx_word' id='word_1_81' title='bbox 187 997 306 1053; x_wconf 88' lang='lat' dir='ltr'><strong>meuta</strong></span> <span class='ocrx_word' id='word_1_82' title='bbox 328 984 515 1069; x_wconf 88' lang='lat' dir='ltr'><strong>describit,</strong></span> <span class='ocrx_word' id='word_1_83' title='bbox 540 998 574 1054; x_wconf 95' lang='lat' dir='ltr'><strong>et</strong></span> <span class='ocrx_word' id='word_1_84' title='bbox 595 992 685 1078; x_wconf 87' lang='lat' dir='ltr'><strong>quae</strong></span> <span class='ocrx_word' id='word_1_85' title='bbox 709 985 755 1055; x_wconf 88' lang='lat' dir='ltr'><strong>sit</strong></span> <span class='ocrx_word' id='word_1_86' title='bbox 778 986 888 1075; x_wconf 82' lang='lat' dir='ltr'><strong>ligura</strong></span> <span class='ocrx_word' id='word_1_87' title='bbox 910 986 1084 1069; x_wconf 87' lang='lat' dir='ltr'><strong>umndus,</strong></span> <span class='ocrx_word' id='word_1_88' title='bbox 1109 985 1171 1053; x_wconf 92' lang='lat' dir='ltr'><strong>de-</strong></span> <span class='ocrx_word' id='word_1_89' title='bbox 1223 993 1278 1049; x_wconf 87' lang='lat' dir='ltr'><strong>cet</strong></span> <span class='ocrx_word' id='word_1_90' title='bbox 1294 994 1432 1068; x_wconf 73' lang='lat' dir='ltr'><strong>servato</strong></span> <span class='ocrx_word' id='word_1_91' title='bbox 1452 981 1591 1083; x_wconf 80' lang='lat' dir='ltr'><strong>ordine,</strong></span> <span class='ocrx_word' id='word_1_92' title='bbox 1616 985 1709 1056; x_wconf 90' lang='lat' dir='ltr'><strong>utin</strong></span> <span class='ocrx_word' id='word_1_93' title='bbox 1725 997 1849 1054; x_wconf 77' lang='lat' dir='ltr'><strong>octswo</strong></span> <span class='ocrx_word' id='word_1_94' title='bbox 1873 985 1967 1054; x_wconf 92' lang='lat' dir='ltr'><strong>libro</strong></span> <span class='ocrx_word' id='word_1_95' title='bbox 1991 1004 2209 1054; x_wconf 87' lang='lat' dir='ltr'><strong>commemo-</strong></span> 
     </span>
     <span class='ocr_line' id='line_1_9' title="bbox 186 1084 2208 1180; baseline 0 -25"><span class='ocrx_word' id='word_1_96' title='bbox 186 1084 311 1179; x_wconf 86' lang='lat' dir='ltr'><strong>pingit,</strong></span> <span class='ocrx_word' id='word_1_97' title='bbox 328 1098 364 1157; x_wconf 91' lang='lat' dir='ltr'><strong>et</strong></span> <span class='ocrx_word' id='word_1_98' title='bbox 378 1087 494 1173; x_wconf 91' lang='lat' dir='ltr'><strong>docet,</strong></span> <span class='ocrx_word' id='word_1_99' title='bbox 510 1111 599 1180; x_wconf 84' lang='lat' dir='ltr'><strong>quus</strong></span> <span class='ocrx_word' id='word_1_100' title='bbox 612 1101 650 1159; x_wconf 88' lang='lat' dir='ltr'><strong>et</strong></span> <span class='ocrx_word' id='word_1_101' title='bbox 661 1112 768 1180; x_wconf 85' lang='lat' dir='ltr'><strong>quam</strong></span> <span class='ocrx_word' id='word_1_102' title='bbox 786 1088 904 1158; x_wconf 89' lang='lat' dir='ltr'><strong>varios</strong></span> <span class='ocrx_word' id='word_1_103' title='bbox 916 1091 1071 1160; x_wconf 86' lang='lat' dir='ltr'><strong>incessus</strong></span> <span class='ocrx_word' id='word_1_104' title='bbox 1087 1088 1173 1155; x_wconf 89' lang='lat' dir='ltr'><strong>stel·</strong></span> <span class='ocrx_word' id='word_1_105' title='bbox 1223 1097 1276 1154; x_wconf 85' lang='lat' dir='ltr'><strong>ret</strong></span> <span class='ocrx_word' id='word_1_106' title='bbox 1289 1084 1458 1154; x_wconf 88' lang='lat' dir='ltr'><strong>animalia</strong></span> <span class='ocrx_word' id='word_1_107' title='bbox 1475 1087 1672 1172; x_wconf 79' lang='lat' dir='ltr'><strong>terrestria,</strong></span> <span class='ocrx_word' id='word_1_108' title='bbox 1699 1088 1737 1156; x_wconf 92' lang='lat' dir='ltr'><strong>iu</strong></span> <span class='ocrx_word' id='word_1_109' title='bbox 1752 1111 1850 1157; x_wconf 91' lang='lat' dir='ltr'><strong>nuno</strong></span> <span class='ocrx_word' id='word_1_110' title='bbox 1875 1086 2063 1180; x_wconf 90' lang='lat' dir='ltr'><strong>aquatilia,</strong></span> <span class='ocrx_word' id='word_1_111' title='bbox 2088 1086 2127 1153; x_wconf 94' lang='lat' dir='ltr'><strong>iu</strong></span> <span class='ocrx_word' id='word_1_112' title='bbox 2143 1085 2208 1155; x_wconf 86' lang='lat' dir='ltr'><strong>de-</strong></span> 
     </span>
     <span class='ocr_line' id='line_1_10' title="bbox 186 1185 2207 1286; baseline 0.006 -28"><span class='ocrx_word' id='word_1_113' title='bbox 186 1190 237 1261; x_wconf 82' lang='lat' dir='ltr'><strong>lte</strong></span> <span class='ocrx_word' id='word_1_114' title='bbox 261 1200 422 1260; x_wconf 79' lang='lat' dir='ltr'><strong>errantes</strong></span> <span class='ocrx_word' id='word_1_115' title='bbox 443 1189 618 1277; x_wconf 87' lang='lat' dir='ltr'><strong>habeant,</strong></span> <span class='ocrx_word' id='word_1_116' title='bbox 651 1190 817 1262; x_wconf 86' lang='lat' dir='ltr'><strong>indicatis</strong></span> <span class='ocrx_word' id='word_1_117' title='bbox 845 1192 1064 1286; x_wconf 85' lang='lat' dir='ltr'><strong>singularum</strong></span> <span class='ocrx_word' id='word_1_118' title='bbox 1087 1213 1172 1281; x_wconf 92' lang='lat' dir='ltr'><strong>pro-</strong></span> <span class='ocrx_word' id='word_1_119' title='bbox 1223 1185 1316 1255; x_wconf 90' lang='lat' dir='ltr'><strong>cimo</strong></span> <span class='ocrx_word' id='word_1_120' title='bbox 1341 1186 1520 1273; x_wconf 86' lang='lat' dir='ltr'><strong>volatilia,</strong></span> <span class='ocrx_word' id='word_1_121' title='bbox 1552 1189 1591 1258; x_wconf 90' lang='lat' dir='ltr'><strong>in</strong></span> <span class='ocrx_word' id='word_1_122' title='bbox 1623 1189 1814 1261; x_wconf 89' lang='lat' dir='ltr'><strong>undecimo</strong></span> <span class='ocrx_word' id='word_1_123' title='bbox 1843 1214 1903 1275; x_wconf 88' lang='lat' dir='ltr'><strong>ea,</strong></span> <span class='ocrx_word' id='word_1_124' title='bbox 1936 1212 2027 1284; x_wconf 89' lang='lat' dir='ltr'><strong>quae</strong></span> <span class='ocrx_word' id='word_1_125' title='bbox 2049 1186 2207 1279; x_wconf 63' lang='grc' dir='ltr'><strong><em>ἔντομα,</em></strong></span> 
     </span>
     <span class='ocr_line' id='line_1_11' title="bbox 186 1289 1890 1384; baseline -0.003 -22"><span class='ocrx_word' id='word_1_126' title='bbox 186 1291 406 1384; x_wconf 87' lang='lat' dir='ltr'><strong>prietatibus.</strong></span> <span class='ocrx_word' id='word_1_127' title='bbox 1223 1289 1332 1358; x_wconf 90' lang='lat' dir='ltr'><strong>latine</strong></span> <span class='ocrx_word' id='word_1_128' title='bbox 1351 1289 1503 1377; x_wconf 90' lang='lat' dir='ltr'><strong>insecta,</strong></span> <span class='ocrx_word' id='word_1_129' title='bbox 1525 1291 1769 1368; x_wconf 87' lang='lat' dir='ltr'><strong>nominantur.</strong></span> <span class='ocrx_word' id='word_1_130' title='bbox 1879 1338 1890 1357; x_wconf 90' lang='lat'><strong><em>.</em></strong></span> 
     </span>
    </p>

    <p class='ocr_par' dir='ltr' id='par_1_5' title="bbox 181 1390 2211 1898">
     <span class='ocr_line' id='line_1_12' title="bbox 285 1390 2209 1489; baseline -0.003 -25"><span class='ocrx_word' id='word_1_131' title='bbox 285 1392 430 1465; x_wconf 62' lang='lat' dir='ltr'><strong>Dbnde</strong></span> <span class='ocrx_word' id='word_1_132' title='bbox 458 1395 713 1465; x_wconf 86' lang='lat' dir='ltr'><strong>elementorum</strong></span> <span class='ocrx_word' id='word_1_133' title='bbox 753 1396 878 1466; x_wconf 89' lang='lat' dir='ltr'><strong>seriem</strong></span> <span class='ocrx_word' id='word_1_134' title='bbox 921 1407 1094 1479; x_wconf 85' lang='lat' dir='ltr'><strong>recenset,</strong></span> <span class='ocrx_word' id='word_1_135' title='bbox 1137 1407 1172 1464; x_wconf 89' lang='lat' dir='ltr'><strong>et</strong></span> <span class='ocrx_word' id='word_1_136' title='bbox 1324 1390 1474 1466; x_wconf 84' lang='lat' dir='ltr'><strong>Restant</strong></span> <span class='ocrx_word' id='word_1_137' title='bbox 1483 1393 1650 1478; x_wconf 91' lang='lat' dir='ltr'><strong>Plantae,</strong></span> <span class='ocrx_word' id='word_1_138' title='bbox 1676 1417 1828 1489; x_wconf 87' lang='lat' dir='ltr'><strong>quarum</strong></span> <span class='ocrx_word' id='word_1_139' title='bbox 1842 1417 1923 1466; x_wconf 89' lang='lat' dir='ltr'><strong>cum</strong></span> <span class='ocrx_word' id='word_1_140' title='bbox 1942 1415 2068 1482; x_wconf 86' lang='lat' dir='ltr'><strong>magua</strong></span> <span class='ocrx_word' id='word_1_141' title='bbox 2086 1391 2132 1461; x_wconf 87' lang='lat' dir='ltr'><strong>sit</strong></span> <span class='ocrx_word' id='word_1_142' title='bbox 2146 1410 2209 1459; x_wconf 86' lang='lat' dir='ltr'><strong>va-</strong></span> 
     </span>
     <span class='ocr_line' id='line_1_13' title="bbox 184 1490 2210 1594; baseline -0.004 -26"><span class='ocrx_word' id='word_1_143' title='bbox 184 1497 362 1589; x_wconf 86' lang='lat' dir='ltr'><strong>primum‚</strong></span> <span class='ocrx_word' id='word_1_144' title='bbox 387 1521 479 1592; x_wconf 87' lang='lat' dir='ltr'><strong>quae</strong></span> <span class='ocrx_word' id='word_1_145' title='bbox 502 1497 540 1567; x_wconf 88' lang='lat' dir='ltr'><strong>in</strong></span> <span class='ocrx_word' id='word_1_146' title='bbox 559 1500 640 1567; x_wconf 66' lang='lat' dir='ltr'><strong>abre</strong></span> <span class='ocrx_word' id='word_1_147' title='bbox 656 1498 1024 1594; x_wconf 78' lang='lat' dir='ltr'><strong>gignanturMeteora</strong></span> <span class='ocrx_word' id='word_1_148' title='bbox 1041 1496 1172 1567; x_wconf 88' lang='lat' dir='ltr'><strong>additis</strong></span> <span class='ocrx_word' id='word_1_149' title='bbox 1221 1492 1345 1580; x_wconf 86' lang='lat' dir='ltr'><strong>rictas,</strong></span> <span class='ocrx_word' id='word_1_150' title='bbox 1371 1498 1550 1567; x_wconf 87' lang='lat' dir='ltr'><strong>consumit</strong></span> <span class='ocrx_word' id='word_1_151' title='bbox 1571 1497 1609 1567; x_wconf 91' lang='lat' dir='ltr'><strong>in</strong></span> <span class='ocrx_word' id='word_1_152' title='bbox 1632 1521 1752 1569; x_wconf 89' lang='lat' dir='ltr'><strong>earum</strong></span> <span class='ocrx_word' id='word_1_153' title='bbox 1779 1496 2045 1569; x_wconf 82' lang='lat' dir='ltr'><strong>enumeratione</strong></span> <span class='ocrx_word' id='word_1_154' title='bbox 2069 1506 2148 1565; x_wconf 89' lang='lat' dir='ltr'><strong>octo</strong></span> <span class='ocrx_word' id='word_1_155' title='bbox 2162 1490 2210 1559; x_wconf 91' lang='lat' dir='ltr'><strong>li·</strong></span> 
     </span>
     <span class='ocr_line' id='line_1_14' title="bbox 185 1594 2211 1695; baseline -0.003 -26"><span class='ocrx_word' id='word_1_156' title='bbox 185 1594 401 1686; x_wconf 89' lang='lat' dir='ltr'><strong>historiolis,</strong></span> <span class='ocrx_word' id='word_1_157' title='bbox 419 1600 484 1672; x_wconf 90' lang='lat' dir='ltr'><strong>ubi</strong></span> <span class='ocrx_word' id='word_1_158' title='bbox 505 1613 540 1670; x_wconf 89' lang='lat' dir='ltr'><strong>et</strong></span> <span class='ocrx_word' id='word_1_159' title='bbox 561 1605 705 1693; x_wconf 88' lang='lat' dir='ltr'><strong>quando</strong></span> <span class='ocrx_word' id='word_1_160' title='bbox 726 1625 801 1672; x_wconf 89' lang='lat' dir='ltr'><strong>non</strong></span> <span class='ocrx_word' id='word_1_161' title='bbox 825 1603 900 1671; x_wconf 85' lang='lat' dir='ltr'><strong>sine</strong></span> <span class='ocrx_word' id='word_1_162' title='bbox 917 1600 1171 1693; x_wconf 87' lang='lat' dir='ltr'><strong>significatione</strong></span> <span class='ocrx_word' id='word_1_163' title='bbox 1221 1597 1324 1678; x_wconf 88' lang='lat' dir='ltr'><strong>bros,</strong></span> <span class='ocrx_word' id='word_1_164' title='bbox 1350 1622 1370 1667; x_wconf 93' lang='lat' dir='ltr'><strong>a</strong></span> <span class='ocrx_word' id='word_1_165' title='bbox 1388 1599 1598 1670; x_wconf 91' lang='lat' dir='ltr'><strong>duodecimo</strong></span> <span class='ocrx_word' id='word_1_166' title='bbox 1615 1602 1786 1695; x_wconf 89' lang='lat' dir='ltr'><strong>usquead</strong></span> <span class='ocrx_word' id='word_1_167' title='bbox 1804 1600 2020 1671; x_wconf 84' lang='lat' dir='ltr'><strong>vicesimum.</strong></span> <span class='ocrx_word' id='word_1_168' title='bbox 2070 1594 2211 1667; x_wconf 87' lang='lat' dir='ltr'><strong>Deinde</strong></span> 
     </span>
     <span class='ocr_line' id='line_1_15' title="bbox 183 1698 2211 1796; baseline -0.004 -23"><span class='ocrx_word' id='word_1_169' title='bbox 183 1703 390 1774; x_wconf 76' lang='lat' dir='ltr'><strong>fututorum</strong></span> <span class='ocrx_word' id='word_1_170' title='bbox 423 1715 616 1773; x_wconf 87' lang='lat' dir='ltr'><strong>eventuum</strong></span> <span class='ocrx_word' id='word_1_171' title='bbox 649 1704 721 1774; x_wconf 84' lang='lat' dir='ltr'><strong>sint</strong></span> <span class='ocrx_word' id='word_1_172' title='bbox 753 1703 941 1776; x_wconf 83' lang='lat' dir='ltr'><strong>inusitatae</strong></span> <span class='ocrx_word' id='word_1_173' title='bbox 974 1704 1106 1796; x_wconf 87' lang='lat' dir='ltr'><strong>species</strong></span> <span class='ocrx_word' id='word_1_174' title='bbox 1131 1702 1170 1772; x_wconf 91' lang='lat' dir='ltr'><strong>in</strong></span> <span class='ocrx_word' id='word_1_175' title='bbox 1222 1711 1263 1770; x_wconf 92' lang='lat' dir='ltr'><strong>ut</strong></span> <span class='ocrx_word' id='word_1_176' title='bbox 1282 1698 1488 1790; x_wconf 87' lang='lat' dir='ltr'><strong>diligentius</strong></span> <span class='ocrx_word' id='word_1_177' title='bbox 1507 1716 1679 1775; x_wconf 86' lang='lat' dir='ltr'><strong>monstret</strong></span> <span class='ocrx_word' id='word_1_178' title='bbox 1690 1702 1796 1774; x_wconf 91' lang='lat' dir='ltr'><strong>etiam</strong></span> <span class='ocrx_word' id='word_1_179' title='bbox 1810 1701 1965 1774; x_wconf 88' lang='lat' dir='ltr'><strong>occultas</strong></span> <span class='ocrx_word' id='word_1_180' title='bbox 1987 1701 2097 1780; x_wconf 89' lang='lat' dir='ltr'><strong>vires,</strong></span> <span class='ocrx_word' id='word_1_181' title='bbox 2124 1717 2211 1791; x_wconf 87' lang='lat' dir='ltr'><strong>quas</strong></span> 
     </span>
     <span class='ocr_line' id='line_1_16' title="bbox 181 1798 2208 1898; baseline -0.003 -22"><span class='ocrx_word' id='word_1_182' title='bbox 181 1808 262 1877; x_wconf 84' lang='lat' dir='ltr'><strong>s&#39;e&#39;re</strong></span> <span class='ocrx_word' id='word_1_183' title='bbox 280 1805 389 1876; x_wconf 85' lang='lat' dir='ltr'><strong>uisse.</strong></span> <span class='ocrx_word' id='word_1_184' title='bbox 1223 1802 1364 1894; x_wconf 90' lang='lat' dir='ltr'><strong>plautae</strong></span> <span class='ocrx_word' id='word_1_185' title='bbox 1385 1799 1538 1892; x_wconf 90' lang='lat' dir='ltr'><strong>habeut,</strong></span> <span class='ocrx_word' id='word_1_186' title='bbox 1572 1832 1592 1877; x_wconf 92' lang='lat' dir='ltr'><strong>a</strong></span> <span class='ocrx_word' id='word_1_187' title='bbox 1618 1807 1787 1897; x_wconf 87' lang='lat' dir='ltr'><strong>vigesimo</strong></span> <span class='ocrx_word' id='word_1_188' title='bbox 1812 1806 1905 1876; x_wconf 90' lang='lat' dir='ltr'><strong>libro</strong></span> <span class='ocrx_word' id='word_1_189' title='bbox 1925 1827 2037 1898; x_wconf 87' lang='lat' dir='ltr'><strong>usque</strong></span> <span class='ocrx_word' id='word_1_190' title='bbox 2068 1802 2113 1872; x_wconf 89' lang='lat' dir='ltr'><strong>ad</strong></span> <span class='ocrx_word' id='word_1_191' title='bbox 2144 1798 2208 1871; x_wconf 78' lang='lat'><strong>28.</strong></span> 
     </span>
    </p>

    <p class='ocr_par' dir='ltr' id='par_1_6' title="bbox 179 1906 2261 2929">
     <span class='ocr_line' id='line_1_17' title="bbox 281 1906 2211 2004; baseline -0.004 -27"><span class='ocrx_word' id='word_1_192' title='bbox 281 1906 410 1978; x_wconf 79' lang='lat' dir='ltr'><strong>Postea</strong></span> <span class='ocrx_word' id='word_1_193' title='bbox 431 1921 564 1993; x_wconf 88' lang='lat' dir='ltr'><strong>terrac,</strong></span> <span class='ocrx_word' id='word_1_194' title='bbox 581 1931 787 2003; x_wconf 85' lang='lat' dir='ltr'><strong>aquarum,</strong></span> <span class='ocrx_word' id='word_1_195' title='bbox 813 1924 849 1982; x_wconf 88' lang='lat' dir='ltr'><strong>et</strong></span> <span class='ocrx_word' id='word_1_196' title='bbox 864 1910 958 2002; x_wconf 89' lang='lat' dir='ltr'><strong>ignis</strong></span> <span class='ocrx_word' id='word_1_197' title='bbox 974 1909 1172 2003; x_wconf 87' lang='lat' dir='ltr'><strong>proprieta—</strong></span> <span class='ocrx_word' id='word_1_198' title='bbox 1221 1916 1302 1974; x_wconf 87' lang='lat' dir='ltr'><strong>octo</strong></span> <span class='ocrx_word' id='word_1_199' title='bbox 1325 1907 1568 1979; x_wconf 88' lang='lat' dir='ltr'><strong>voluminibus</strong></span> <span class='ocrx_word' id='word_1_200' title='bbox 1588 1911 1727 2004; x_wconf 85' lang='lat' dir='ltr'><strong>quaerit</strong></span> <span class='ocrx_word' id='word_1_201' title='bbox 1747 1909 2024 1992; x_wconf 88' lang='lat' dir='ltr'><strong>medicamenta,</strong></span> <span class='ocrx_word' id='word_1_202' title='bbox 2058 1928 2148 1998; x_wconf 91' lang='lat' dir='ltr'><strong>quae</strong></span> <span class='ocrx_word' id='word_1_203' title='bbox 2169 1925 2211 1971; x_wconf 88' lang='lat' dir='ltr'><strong>ex</strong></span> 
     </span>
     <span class='ocr_line' id='line_1_18' title="bbox 183 2008 2211 2108; baseline -0.004 -25"><span class='ocrx_word' id='word_1_204' title='bbox 183 2025 256 2094; x_wconf 87' lang='lat' dir='ltr'><strong>tes,</strong></span> <span class='ocrx_word' id='word_1_205' title='bbox 281 2011 457 2081; x_wconf 84' lang='lat' dir='ltr'><strong>miracula</strong></span> <span class='ocrx_word' id='word_1_206' title='bbox 472 2025 507 2082; x_wconf 89' lang='lat' dir='ltr'><strong>ct</strong></span> <span class='ocrx_word' id='word_1_207' title='bbox 526 2011 641 2081; x_wconf 86' lang='lat' dir='ltr'><strong>varias</strong></span> <span class='ocrx_word' id='word_1_208' title='bbox 657 2012 872 2083; x_wconf 88' lang='lat' dir='ltr'><strong>mutationes</strong></span> <span class='ocrx_word' id='word_1_209' title='bbox 885 2014 1049 2106; x_wconf 90' lang='lat' dir='ltr'><strong>exponit,</strong></span> <span class='ocrx_word' id='word_1_210' title='bbox 1074 2025 1108 2080; x_wconf 85' lang='lat' dir='ltr'><strong>et</strong></span> <span class='ocrx_word' id='word_1_211' title='bbox 1131 2013 1170 2080; x_wconf 91' lang='lat' dir='ltr'><strong>in</strong></span> <span class='ocrx_word' id='word_1_212' title='bbox 1223 2008 1356 2099; x_wconf 88' lang='lat' dir='ltr'><strong>plantis</strong></span> <span class='ocrx_word' id='word_1_213' title='bbox 1386 2012 1513 2108; x_wconf 82' lang='lat' dir='ltr'><strong>confici</strong></span> <span class='ocrx_word' id='word_1_214' title='bbox 1544 2027 1716 2104; x_wconf 85' lang='lat' dir='ltr'><strong>possunt,</strong></span> <span class='ocrx_word' id='word_1_215' title='bbox 1756 2014 1801 2082; x_wconf 91' lang='lat' dir='ltr'><strong>ad</strong></span> <span class='ocrx_word' id='word_1_216' title='bbox 1835 2011 2065 2104; x_wconf 90' lang='lat' dir='ltr'><strong>depellendos</strong></span> <span class='ocrx_word' id='word_1_217' title='bbox 2096 2017 2211 2077; x_wconf 85' lang='lat' dir='ltr'><strong>certos</strong></span> 
     </span>
     <span class='ocr_line' id='line_1_19' title="bbox 183 2113 1718 2207; baseline 0.003 -24"><span class='ocrx_word' id='word_1_218' title='bbox 183 2114 250 2183; x_wconf 83' lang='lat' dir='ltr'><strong>ine</strong></span> <span class='ocrx_word' id='word_1_219' title='bbox 276 2113 383 2196; x_wconf 89' lang='lat' dir='ltr'><strong>libri,</strong></span> <span class='ocrx_word' id='word_1_220' title='bbox 409 2113 519 2185; x_wconf 90' lang='lat' dir='ltr'><strong>totius</strong></span> <span class='ocrx_word' id='word_1_221' title='bbox 532 2114 664 2184; x_wconf 88' lang='lat' dir='ltr'><strong>terreni</strong></span> <span class='ocrx_word' id='word_1_222' title='bbox 681 2115 779 2204; x_wconf 90' lang='lat' dir='ltr'><strong>globi</strong></span> <span class='ocrx_word' id='word_1_223' title='bbox 802 2139 1004 2199; x_wconf 72' lang='lat' dir='ltr'><strong>mensuram</strong></span> <span class='ocrx_word' id='word_1_224' title='bbox 1028 2114 1170 2186; x_wconf 86' lang='lat' dir='ltr'><strong>iudicat.</strong></span> <span class='ocrx_word' id='word_1_225' title='bbox 1223 2113 1370 2182; x_wconf 88' lang='lat' dir='ltr'><strong>morbos</strong></span> <span class='ocrx_word' id='word_1_226' title='bbox 1384 2127 1420 2184; x_wconf 91' lang='lat' dir='ltr'><strong>et</strong></span> <span class='ocrx_word' id='word_1_227' title='bbox 1437 2115 1526 2184; x_wconf 85' lang='lat' dir='ltr'><strong>vicia</strong></span> <span class='ocrx_word' id='word_1_228' title='bbox 1548 2116 1718 2207; x_wconf 86' lang='lat' dir='ltr'><strong>corporis.</strong></span> 
     </span>
     <span class='ocr_line' id='line_1_20' title="bbox 182 2211 2212 2309; baseline -0.004 -20"><span class='ocrx_word' id='word_1_229' title='bbox 182 2214 278 2289; x_wconf 81' lang='lat' dir='ltr'><strong>llaec</strong></span> <span class='ocrx_word' id='word_1_230' title='bbox 303 2231 357 2287; x_wconf 89' lang='lat' dir='ltr'><strong>est</strong></span> <span class='ocrx_word' id='word_1_231' title='bbox 383 2238 520 2286; x_wconf 90' lang='lat' dir='ltr'><strong>summa</strong></span> <span class='ocrx_word' id='word_1_232' title='bbox 545 2231 579 2287; x_wconf 92' lang='lat' dir='ltr'><strong>et</strong></span> <span class='ocrx_word' id='word_1_233' title='bbox 606 2231 856 2307; x_wconf 81' lang='lat' dir='ltr'><strong>argumentum</strong></span> <span class='ocrx_word' id='word_1_234' title='bbox 884 2213 992 2289; x_wconf 89' lang='lat' dir='ltr'><strong>lmius</strong></span> <span class='ocrx_word' id='word_1_235' title='bbox 1022 2217 1169 2287; x_wconf 88' lang='lat' dir='ltr'><strong>secundi</strong></span> <span class='ocrx_word' id='word_1_236' title='bbox 1324 2211 1501 2306; x_wconf 81' lang='lat' dir='ltr'><strong>Adiungit</strong></span> <span class='ocrx_word' id='word_1_237' title='bbox 1523 2218 1653 2289; x_wconf 87' lang='lat' dir='ltr'><strong>deinde</strong></span> <span class='ocrx_word' id='word_1_238' title='bbox 1682 2220 1771 2289; x_wconf 88' lang='lat' dir='ltr'><strong>alios</strong></span> <span class='ocrx_word' id='word_1_239' title='bbox 1794 2216 1829 2286; x_wconf 90' lang='lat' dir='ltr'>V</span> <span class='ocrx_word' id='word_1_240' title='bbox 1852 2219 1981 2304; x_wconf 88' lang='lat' dir='ltr'><strong>libros,</strong></span> <span class='ocrx_word' id='word_1_241' title='bbox 2014 2217 2052 2285; x_wconf 91' lang='lat' dir='ltr'><strong>iu</strong></span> <span class='ocrx_word' id='word_1_242' title='bbox 2081 2213 2212 2309; x_wconf 85' lang='lat' dir='ltr'><strong>quibus</strong></span> 
     </span>
     <span class='ocr_line' id='line_1_21' title="bbox 183 2313 2213 2413; baseline -0.003 -24"><span class='ocrx_word' id='word_1_243' title='bbox 183 2320 284 2404; x_wconf 88' lang='lat' dir='ltr'><strong>libri,</strong></span> <span class='ocrx_word' id='word_1_244' title='bbox 312 2332 352 2389; x_wconf 88' lang='lat' dir='ltr'><strong>ut</strong></span> <span class='ocrx_word' id='word_1_245' title='bbox 373 2319 592 2389; x_wconf 83' lang='lat' dir='ltr'><strong>brevissimis</strong></span> <span class='ocrx_word' id='word_1_246' title='bbox 624 2316 923 2412; x_wconf 90' lang='lat' dir='ltr'><strong>comprehendam</strong></span> <span class='ocrx_word' id='word_1_247' title='bbox 945 2335 979 2392; x_wconf 91' lang='lat' dir='ltr'><strong>et</strong></span> <span class='ocrx_word' id='word_1_248' title='bbox 1002 2333 1171 2412; x_wconf 88' lang='lat' dir='ltr'><strong>repetam,</strong></span> <span class='ocrx_word' id='word_1_249' title='bbox 1222 2319 1378 2387; x_wconf 89' lang='lat' dir='ltr'><strong>remedia</strong></span> <span class='ocrx_word' id='word_1_250' title='bbox 1396 2320 1551 2406; x_wconf 88' lang='lat' dir='ltr'><strong>iudicat,</strong></span> <span class='ocrx_word' id='word_1_251' title='bbox 1577 2346 1667 2413; x_wconf 85' lang='lat' dir='ltr'><strong>quae</strong></span> <span class='ocrx_word' id='word_1_252' title='bbox 1679 2346 1720 2391; x_wconf 88' lang='lat' dir='ltr'><strong>ex</strong></span> <span class='ocrx_word' id='word_1_253' title='bbox 1733 2323 1926 2393; x_wconf 89' lang='lat' dir='ltr'><strong>animalum</strong></span> <span class='ocrx_word' id='word_1_254' title='bbox 1943 2319 2103 2413; x_wconf 86' lang='lat' dir='ltr'><strong>partibus</strong></span> <span class='ocrx_word' id='word_1_255' title='bbox 2119 2313 2213 2386; x_wconf 88' lang='lat' dir='ltr'><strong>sumi</strong></span> 
     </span>
     <span class='ocr_line' id='line_1_22' title="bbox 182 2419 2211 2519; baseline -0.003 -25"><span class='ocrx_word' id='word_1_256' title='bbox 182 2421 375 2514; x_wconf 82' lang='lat' dir='ltr'><strong>descriptio</strong></span> <span class='ocrx_word' id='word_1_257' title='bbox 391 2445 512 2492; x_wconf 89' lang='lat' dir='ltr'><strong>earum</strong></span> <span class='ocrx_word' id='word_1_258' title='bbox 533 2422 687 2512; x_wconf 90' lang='lat' dir='ltr'><strong>partium</strong></span> <span class='ocrx_word' id='word_1_259' title='bbox 711 2424 858 2510; x_wconf 89' lang='lat' dir='ltr'><strong>muudi,</strong></span> <span class='ocrx_word' id='word_1_260' title='bbox 884 2448 974 2518; x_wconf 87' lang='lat' dir='ltr'><strong>quae</strong></span> <span class='ocrx_word' id='word_1_261' title='bbox 994 2422 1172 2513; x_wconf 83' lang='lat' dir='ltr'><strong>simplices</strong></span> <span class='ocrx_word' id='word_1_262' title='bbox 1223 2434 1389 2513; x_wconf 89' lang='lat' dir='ltr'><strong>possunt,</strong></span> <span class='ocrx_word' id='word_1_263' title='bbox 1413 2422 1522 2515; x_wconf 89' lang='lat' dir='ltr'><strong>idque</strong></span> <span class='ocrx_word' id='word_1_264' title='bbox 1539 2424 1611 2513; x_wconf 87' lang='lat' dir='ltr'><strong>agit</strong></span> <span class='ocrx_word' id='word_1_265' title='bbox 1628 2448 1740 2519; x_wconf 88' lang='lat' dir='ltr'><strong>usque</strong></span> <span class='ocrx_word' id='word_1_266' title='bbox 1767 2427 1811 2494; x_wconf 92' lang='lat' dir='ltr'><strong>ad</strong></span> <span class='ocrx_word' id='word_1_267' title='bbox 1836 2425 1967 2494; x_wconf 91' lang='lat' dir='ltr'><strong>librum</strong></span> <span class='ocrx_word' id='word_1_268' title='bbox 1994 2419 2211 2494; x_wconf 86' lang='lat' dir='ltr'><strong>tricesimum</strong></span> 
     </span>
     <span class='ocr_line' id='line_1_23' title="bbox 181 2518 2211 2619; baseline -0.002 -24"><span class='ocrx_word' id='word_1_269' title='bbox 181 2538 374 2611; x_wconf 76' lang='lat' dir='ltr'><strong>vocantur,</strong></span> <span class='ocrx_word' id='word_1_270' title='bbox 400 2518 552 2610; x_wconf 81' lang='lat' dir='ltr'><strong>horest,</strong></span> <span class='ocrx_word' id='word_1_271' title='bbox 577 2525 666 2595; x_wconf 90' lang='lat' dir='ltr'><strong>coeli</strong></span> <span class='ocrx_word' id='word_1_272' title='bbox 683 2538 719 2597; x_wconf 90' lang='lat' dir='ltr'><strong>et</strong></span> <span class='ocrx_word' id='word_1_273' title='bbox 741 2527 1016 2608; x_wconf 89' lang='lat' dir='ltr'><strong>elementorum,</strong></span> <span class='ocrx_word' id='word_1_274' title='bbox 1043 2526 1172 2619; x_wconf 88' lang='lat' dir='ltr'><strong>quibus</strong></span> <span class='ocrx_word' id='word_1_275' title='bbox 1223 2523 1389 2608; x_wconf 89' lang='lat' dir='ltr'><strong>tertium,</strong></span> <span class='ocrx_word' id='word_1_276' title='bbox 1418 2524 1485 2597; x_wconf 86' lang='lat' dir='ltr'><strong>obi</strong></span> <span class='ocrx_word' id='word_1_277' title='bbox 1515 2525 1585 2595; x_wconf 90' lang='lat' dir='ltr'><strong>iam</strong></span> <span class='ocrx_word' id='word_1_278' title='bbox 1614 2528 1796 2617; x_wconf 87' lang='lat' dir='ltr'><strong>explicatis</strong></span> <span class='ocrx_word' id='word_1_279' title='bbox 1829 2527 1997 2596; x_wconf 89' lang='lat' dir='ltr'><strong>omuibus</strong></span> <span class='ocrx_word' id='word_1_280' title='bbox 2018 2525 2211 2593; x_wconf 88' lang='lat' dir='ltr'><strong>mixtorum</strong></span> 
     </span>
     <span class='ocr_line' id='line_1_24' title="bbox 179 2616 2212 2731; baseline -0.003 -33"><span class='ocrx_word' id='word_1_281' title='bbox 179 2628 346 2717; x_wconf 85' lang='lat' dir='ltr'><strong>adiungit</strong></span> <span class='ocrx_word' id='word_1_282' title='bbox 372 2627 529 2718; x_wconf 90' lang='lat' dir='ltr'><strong>primum</strong></span> <span class='ocrx_word' id='word_1_283' title='bbox 562 2628 754 2698; x_wconf 89' lang='lat' dir='ltr'><strong>mixtorum</strong></span> <span class='ocrx_word' id='word_1_284' title='bbox 788 2653 979 2722; x_wconf 89' lang='lat' dir='ltr'><strong>corporum</strong></span> <span class='ocrx_word' id='word_1_285' title='bbox 1012 2630 1173 2719; x_wconf 89' lang='lat' dir='ltr'><strong>gradum,</strong></span> <span class='ocrx_word' id='word_1_286' title='bbox 1222 2626 1412 2715; x_wconf 87' lang='lat' dir='ltr'><strong>gradibus,</strong></span> <span class='ocrx_word' id='word_1_287' title='bbox 1437 2616 1510 2697; x_wconf 84' lang='lat' dir='ltr'><strong>huo</strong></span> <span class='ocrx_word' id='word_1_288' title='bbox 1540 2644 1704 2721; x_wconf 90' lang='lat' dir='ltr'><strong>excepto,</strong></span> <span class='ocrx_word' id='word_1_289' title='bbox 1729 2631 1887 2731; x_wconf 60' lang='lat' dir='ltr'><strong>reliquos</strong></span> <span class='ocrx_word' id='word_1_290' title='bbox 1911 2627 1943 2696; x_wconf 88' lang='lat' dir='ltr'>V</span> <span class='ocrx_word' id='word_1_291' title='bbox 1967 2628 2079 2697; x_wconf 89' lang='lat' dir='ltr'><strong>libros</strong></span> <span class='ocrx_word' id='word_1_292' title='bbox 2100 2645 2212 2718; x_wconf 87' lang='lat' dir='ltr'><strong>usque</strong></span> 
     </span>
     <span class='ocr_line' id='line_1_25' title="bbox 181 2729 2261 2826; baseline -0.003 -25"><span class='ocrx_word' id='word_1_293' title='bbox 181 2755 275 2824; x_wconf 81' lang='lat' dir='ltr'><strong>quae</strong></span> <span class='ocrx_word' id='word_1_294' title='bbox 294 2729 442 2801; x_wconf 85' lang='lat' dir='ltr'><strong>caeteris</strong></span> <span class='ocrx_word' id='word_1_295' title='bbox 463 2729 741 2820; x_wconf 82' lang='lat' dir='ltr'><strong>imperfectiora,</strong></span> <span class='ocrx_word' id='word_1_296' title='bbox 766 2756 786 2801; x_wconf 92' lang='lat' dir='ltr'><strong>a</strong></span> <span class='ocrx_word' id='word_1_297' title='bbox 807 2734 905 2819; x_wconf 88' lang='lat' dir='ltr'><strong>loco,</strong></span> <span class='ocrx_word' id='word_1_298' title='bbox 929 2733 967 2801; x_wconf 90' lang='lat' dir='ltr'><strong>iu</strong></span> <span class='ocrx_word' id='word_1_299' title='bbox 984 2756 1055 2826; x_wconf 90' lang='lat' dir='ltr'><strong>quo</strong></span> <span class='ocrx_word' id='word_1_300' title='bbox 1072 2732 1173 2817; x_wconf 80' lang='lat' dir='ltr'><strong>liunt,</strong></span> <span class='ocrx_word' id='word_1_301' title='bbox 1222 2730 1266 2799; x_wconf 90' lang='lat' dir='ltr'><strong>ad</strong></span> <span class='ocrx_word' id='word_1_302' title='bbox 1283 2729 1391 2800; x_wconf 85' lang='lat' dir='ltr'><strong>linem</strong></span> <span class='ocrx_word' id='word_1_303' title='bbox 1407 2731 1543 2822; x_wconf 87' lang='lat' dir='ltr'><strong>operis,</strong></span> <span class='ocrx_word' id='word_1_304' title='bbox 1568 2733 1747 2803; x_wconf 89' lang='lat' dir='ltr'><strong>consumit</strong></span> <span class='ocrx_word' id='word_1_305' title='bbox 1769 2734 1807 2801; x_wconf 91' lang='lat' dir='ltr'><strong>in</strong></span> <span class='ocrx_word' id='word_1_306' title='bbox 1831 2731 2069 2824; x_wconf 85' lang='lat' dir='ltr'><strong>descriptione</strong></span> <span class='ocrx_word' id='word_1_307' title='bbox 2091 2749 2211 2797; x_wconf 87' lang='lat' dir='ltr'><strong>earum</strong></span> <span class='ocrx_word' id='word_1_308' title='bbox 2255 2730 2261 2737; x_wconf 85' lang='lat'>&#39;</span> 
     </span>
     <span class='ocr_line' id='line_1_26' title="bbox 179 2828 2213 2929; baseline -0.004 -24"><span class='ocrx_word' id='word_1_309' title='bbox 179 2832 342 2905; x_wconf 75' lang='lat' dir='ltr'><strong>Meteone</strong></span> <span class='ocrx_word' id='word_1_310' title='bbox 363 2832 519 2902; x_wconf 86' lang='lat' dir='ltr'><strong>diximus</strong></span> <span class='ocrx_word' id='word_1_311' title='bbox 539 2832 669 2907; x_wconf 85' lang='lat' dir='ltr'><strong>vocari.</strong></span> <span class='ocrx_word' id='word_1_312' title='bbox 1224 2855 1344 2901; x_wconf 88' lang='lat' dir='ltr'><strong>rerum</strong></span> <span class='ocrx_word' id='word_1_313' title='bbox 1370 2832 1582 2919; x_wconf 86' lang='lat' dir='ltr'><strong>mixtarum,</strong></span> <span class='ocrx_word' id='word_1_314' title='bbox 1623 2860 1712 2929; x_wconf 85' lang='lat' dir='ltr'><strong>quae</strong></span> <span class='ocrx_word' id='word_1_315' title='bbox 1732 2835 1831 2906; x_wconf 92' lang='lat' dir='ltr'><strong>omni</strong></span> <span class='ocrx_word' id='word_1_316' title='bbox 1855 2834 2000 2929; x_wconf 87' lang='lat' dir='ltr'><strong>quidem</strong></span> <span class='ocrx_word' id='word_1_317' title='bbox 2030 2831 2120 2916; x_wconf 85' lang='lat' dir='ltr'><strong>vita,</strong></span> <span class='ocrx_word' id='word_1_318' title='bbox 2150 2828 2213 2897; x_wconf 89' lang='lat' dir='ltr'><strong>sed</strong></span> 
     </span>
    </p>

    <p class='ocr_par' dir='ltr' id='par_1_7' title="bbox 169 2926 2321 5085">
     <span class='ocr_line' id='line_1_27' title="bbox 279 2926 2214 3030; baseline -0.002 -25"><span class='ocrx_word' id='word_1_319' title='bbox 279 2932 459 3005; x_wconf 79' lang='lat' dir='ltr'><strong>Absoluta</strong></span> <span class='ocrx_word' id='word_1_320' title='bbox 492 2936 563 3004; x_wconf 89' lang='lat' dir='ltr'><strong>iam</strong></span> <span class='ocrx_word' id='word_1_321' title='bbox 596 2937 749 3007; x_wconf 85' lang='lat' dir='ltr'><strong>maxima</strong></span> <span class='ocrx_word' id='word_1_322' title='bbox 765 2952 818 3012; x_wconf 81' lang='lat' dir='ltr'><strong>‚et</strong></span> <span class='ocrx_word' id='word_1_323' title='bbox 851 2937 1039 3030; x_wconf 86' lang='lat' dir='ltr'><strong>praecipua</strong></span> <span class='ocrx_word' id='word_1_324' title='bbox 1073 2951 1173 3027; x_wconf 89' lang='lat' dir='ltr'><strong>parte</strong></span> <span class='ocrx_word' id='word_1_325' title='bbox 1223 2958 1298 3005; x_wconf 91' lang='lat' dir='ltr'><strong>uon</strong></span> <span class='ocrx_word' id='word_1_326' title='bbox 1314 2934 1388 3005; x_wconf 89' lang='lat' dir='ltr'><strong>suis</strong></span> <span class='ocrx_word' id='word_1_327' title='bbox 1400 2936 1641 3027; x_wconf 86' lang='lat' dir='ltr'><strong>peculiaribus</strong></span> <span class='ocrx_word' id='word_1_328' title='bbox 1656 2939 1795 3009; x_wconf 89' lang='lat' dir='ltr'><strong>viribus</strong></span> <span class='ocrx_word' id='word_1_329' title='bbox 1811 2951 1944 3023; x_wconf 91' lang='lat' dir='ltr'><strong>carent,</strong></span> <span class='ocrx_word' id='word_1_330' title='bbox 1975 2949 2016 3007; x_wconf 91' lang='lat' dir='ltr'><strong>ut</strong></span> <span class='ocrx_word' id='word_1_331' title='bbox 2033 2926 2214 3005; x_wconf 87' lang='lat' dir='ltr'><strong>suutMs·</strong></span> 
     </span>
     <span class='ocr_line' id='line_1_28' title="bbox 178 3035 2210 3134; baseline -0.003 -25"><span class='ocrx_word' id='word_1_332' title='bbox 178 3036 333 3119; x_wconf 89' lang='lat' dir='ltr'><strong>muudi,</strong></span> <span class='ocrx_word' id='word_1_333' title='bbox 357 3037 456 3107; x_wconf 84' lang='lat' dir='ltr'><strong>coelo</strong></span> <span class='ocrx_word' id='word_1_334' title='bbox 481 3050 516 3107; x_wconf 86' lang='lat' dir='ltr'><strong>et</strong></span> <span class='ocrx_word' id='word_1_335' title='bbox 537 3037 737 3126; x_wconf 84' lang='lat' dir='ltr'><strong>elementis,</strong></span> <span class='ocrx_word' id='word_1_336' title='bbox 763 3055 798 3112; x_wconf 86' lang='lat' dir='ltr'><strong>et</strong></span> <span class='ocrx_word' id='word_1_337' title='bbox 823 3041 1028 3132; x_wconf 80' lang='lat' dir='ltr'><strong>imperfecte</strong></span> <span class='ocrx_word' id='word_1_338' title='bbox 1043 3040 1173 3123; x_wconf 82' lang='lat' dir='ltr'><strong>mixtis,</strong></span> <span class='ocrx_word' id='word_1_339' title='bbox 1223 3037 1319 3121; x_wconf 90' lang='lat' dir='ltr'><strong>talla,</strong></span> <span class='ocrx_word' id='word_1_340' title='bbox 1336 3035 1488 3130; x_wconf 87' lang='lat' dir='ltr'><strong>Lapides</strong></span> <span class='ocrx_word' id='word_1_341' title='bbox 1504 3055 1537 3112; x_wconf 93' lang='lat' dir='ltr'><strong>et</strong></span> <span class='ocrx_word' id='word_1_342' title='bbox 1555 3035 1726 3112; x_wconf 83' lang='lat' dir='ltr'><strong>Gemmas</strong></span> <span class='ocrx_word' id='word_1_343' title='bbox 1743 3055 1778 3112; x_wconf 92' lang='lat' dir='ltr'><strong>et</strong></span> <span class='ocrx_word' id='word_1_344' title='bbox 1796 3056 2075 3134; x_wconf 68' lang='lat' dir='ltr'><strong>earumquuque</strong></span> <span class='ocrx_word' id='word_1_345' title='bbox 2090 3056 2210 3106; x_wconf 88' lang='lat' dir='ltr'><strong>rerum</strong></span> 
     </span>
     <span class='ocr_line' id='line_1_29' title="bbox 180 3130 2212 3244; baseline -0.002 -33"><span class='ocrx_word' id='word_1_346' title='bbox 180 3130 253 3213; x_wconf 75' lang='lat' dir='ltr'><strong>bdc</strong></span> <span class='ocrx_word' id='word_1_347' title='bbox 267 3154 342 3225; x_wconf 90' lang='lat' dir='ltr'><strong>est,</strong></span> <span class='ocrx_word' id='word_1_348' title='bbox 367 3140 555 3225; x_wconf 88' lang='lat' dir='ltr'><strong>meteoris,</strong></span> <span class='ocrx_word' id='word_1_349' title='bbox 581 3143 746 3228; x_wconf 86' lang='lat' dir='ltr'><strong>restabat,</strong></span> <span class='ocrx_word' id='word_1_350' title='bbox 772 3156 812 3213; x_wconf 90' lang='lat' dir='ltr'><strong>ut</strong></span> <span class='ocrx_word' id='word_1_351' title='bbox 827 3147 871 3214; x_wconf 90' lang='lat' dir='ltr'><strong>de</strong></span> <span class='ocrx_word' id='word_1_352' title='bbox 886 3143 1030 3213; x_wconf 88' lang='lat' dir='ltr'><strong>caeteris</strong></span> <span class='ocrx_word' id='word_1_353' title='bbox 1043 3141 1173 3211; x_wconf 88' lang='lat' dir='ltr'><strong>mixto·</strong></span> <span class='ocrx_word' id='word_1_354' title='bbox 1224 3139 1459 3233; x_wconf 88' lang='lat' dir='ltr'><strong>multiplicem</strong></span> <span class='ocrx_word' id='word_1_355' title='bbox 1474 3166 1578 3215; x_wconf 85' lang='lat' dir='ltr'><strong>usum</strong></span> <span class='ocrx_word' id='word_1_356' title='bbox 1595 3167 1635 3212; x_wconf 89' lang='lat' dir='ltr'><strong>ac</strong></span> <span class='ocrx_word' id='word_1_357' title='bbox 1653 3139 1854 3244; x_wconf 71' lang='lat' dir='ltr'><strong>ivs‘pyetnc,</strong></span> <span class='ocrx_word' id='word_1_358' title='bbox 1881 3165 1969 3236; x_wconf 82' lang='lat' dir='ltr'><strong>qsras</strong></span> <span class='ocrx_word' id='word_1_359' title='bbox 1991 3142 2030 3210; x_wconf 92' lang='lat' dir='ltr'><strong>in</strong></span> <span class='ocrx_word' id='word_1_360' title='bbox 2055 3137 2212 3210; x_wconf 84' lang='lat' dir='ltr'><strong>medica·</strong></span> 
     </span>
     <span class='ocr_line' id='line_1_30' title="bbox 177 3220 2013 3341; baseline -0.002 -24"><span class='ocrx_word' id='word_1_361' title='bbox 177 3270 259 3317; x_wconf 90' lang='lat' dir='ltr'><strong>rum</strong></span> <span class='ocrx_word' id='word_1_362' title='bbox 282 3266 474 3335; x_wconf 87' lang='lat' dir='ltr'><strong>corporum</strong></span> <span class='ocrx_word' id='word_1_363' title='bbox 497 3243 667 3332; x_wconf 81' lang='lat' dir='ltr'><strong>gradibus</strong></span> <span class='ocrx_word' id='word_1_364' title='bbox 693 3245 826 3316; x_wconf 91' lang='lat' dir='ltr'><strong>diceret</strong></span> <span class='ocrx_word' id='word_1_365' title='bbox 839 3246 999 3329; x_wconf 89' lang='lat' dir='ltr'><strong>Plinius,</strong></span> <span class='ocrx_word' id='word_1_366' title='bbox 1024 3268 1115 3341; x_wconf 73' lang='lat' dir='ltr'><strong>quae</strong></span> <span class='ocrx_word' id='word_1_367' title='bbox 1133 3243 1171 3311; x_wconf 89' lang='lat' dir='ltr'><strong>iu</strong></span> <span class='ocrx_word' id='word_1_368' title='bbox 1224 3244 1324 3315; x_wconf 89' lang='lat' dir='ltr'><strong>tione</strong></span> <span class='ocrx_word' id='word_1_369' title='bbox 1340 3246 1545 3312; x_wconf 91' lang='lat' dir='ltr'><strong>morborum</strong></span> <span class='ocrx_word' id='word_1_370' title='bbox 1563 3240 1716 3329; x_wconf 87' lang='lat' dir='ltr'><strong>habent,</strong></span> <span class='ocrx_word' id='word_1_371' title='bbox 1743 3246 1852 3315; x_wconf 89' lang='lat' dir='ltr'><strong>simul</strong></span> <span class='ocrx_word' id='word_1_372' title='bbox 1867 3220 2013 3314; x_wconf 81' lang='lat' dir='ltr'><strong>indicat.</strong></span> 
     </span>
     <span class='ocr_line' id='line_1_31' title="bbox 174 3334 2214 3469; baseline -0.006 -49"><span class='ocrx_word' id='word_1_373' title='bbox 174 3346 364 3421; x_wconf 87' lang='lat' dir='ltr'><strong>elementis</strong></span> <span class='ocrx_word' id='word_1_374' title='bbox 377 3369 417 3417; x_wconf 87' lang='lat' dir='ltr'><strong>ac</strong></span> <span class='ocrx_word' id='word_1_375' title='bbox 435 3347 623 3439; x_wconf 87' lang='lat' dir='ltr'><strong>praecipue</strong></span> <span class='ocrx_word' id='word_1_376' title='bbox 640 3359 733 3417; x_wconf 85' lang='lat' dir='ltr'><strong>terra</strong></span> <span class='ocrx_word' id='word_1_377' title='bbox 750 3360 785 3417; x_wconf 87' lang='lat' dir='ltr'><strong>et</strong></span> <span class='ocrx_word' id='word_1_378' title='bbox 800 3373 890 3442; x_wconf 88' lang='lat' dir='ltr'><strong>aqua</strong></span> <span class='ocrx_word' id='word_1_379' title='bbox 910 3350 1056 3469; x_wconf 62' lang='lat' dir='ltr'><strong>degcgrt.</strong></span> <span class='ocrx_word' id='word_1_380' title='bbox 1100 3344 1172 3416; x_wconf 88' lang='lat' dir='ltr'><strong>Sed</strong></span> <span class='ocrx_word' id='word_1_381' title='bbox 1328 3341 1491 3417; x_wconf 87' lang='lat' dir='ltr'><strong>Haecest</strong></span> <span class='ocrx_word' id='word_1_382' title='bbox 1509 3370 1645 3416; x_wconf 88' lang='lat' dir='ltr'><strong>summa</strong></span> <span class='ocrx_word' id='word_1_383' title='bbox 1662 3343 1771 3419; x_wconf 87' lang='lat' dir='ltr'><strong>ethic</strong></span> <span class='ocrx_word' id='word_1_384' title='bbox 1789 3349 1878 3417; x_wconf 89' lang='lat' dir='ltr'><strong>ordo</strong></span> <span class='ocrx_word' id='word_1_385' title='bbox 1897 3347 2074 3416; x_wconf 88' lang='lat' dir='ltr'><strong>librorum</strong></span> <span class='ocrx_word' id='word_1_386' title='bbox 2090 3341 2130 3410; x_wconf 90' lang='lat' dir='ltr'><strong>iu</strong></span> <span class='ocrx_word' id='word_1_387' title='bbox 2145 3334 2214 3409; x_wconf 89' lang='lat' dir='ltr'><strong>hoc</strong></span> 
     </span>
     <span class='ocr_line' id='line_1_32' title="bbox 175 3445 2321 3547; baseline -0.004 -25"><span class='ocrx_word' id='word_1_388' title='bbox 175 3453 260 3547; x_wconf 77' lang='lat' dir='ltr'><strong>quis</strong></span> <span class='ocrx_word' id='word_1_389' title='bbox 281 3447 394 3519; x_wconf 87' lang='lat' dir='ltr'><strong>semel</strong></span> <span class='ocrx_word' id='word_1_390' title='bbox 407 3464 459 3518; x_wconf 89' lang='lat' dir='ltr'><strong>est</strong></span> <span class='ocrx_word' id='word_1_391' title='bbox 478 3449 608 3519; x_wconf 89' lang='lat' dir='ltr'><strong>terreni</strong></span> <span class='ocrx_word' id='word_1_392' title='bbox 633 3448 729 3537; x_wconf 90' lang='lat' dir='ltr'><strong>globi</strong></span> <span class='ocrx_word' id='word_1_393' title='bbox 745 3450 906 3522; x_wconf 84' lang='lat' dir='ltr'><strong>instituta</strong></span> <span class='ocrx_word' id='word_1_394' title='bbox 919 3447 1114 3540; x_wconf 79' lang='lat' dir='ltr'><strong>¹descriptio</strong></span> <span class='ocrx_word' id='word_1_395' title='bbox 1138 3462 1173 3518; x_wconf 91' lang='lat' dir='ltr'><strong>et</strong></span> <span class='ocrx_word' id='word_1_396' title='bbox 1224 3445 1394 3517; x_wconf 85' lang='lat' dir='ltr'><strong>Pliniana</strong></span> <span class='ocrx_word' id='word_1_397' title='bbox 1411 3468 1535 3540; x_wconf 80' lang='lat' dir='ltr'><strong>opere,</strong></span> <span class='ocrx_word' id='word_1_398' title='bbox 1560 3475 1634 3544; x_wconf 88' lang='lat' dir='ltr'><strong>quo</strong></span> <span class='ocrx_word' id='word_1_399' title='bbox 1649 3451 1758 3521; x_wconf 90' lang='lat' dir='ltr'><strong>totius</strong></span> <span class='ocrx_word' id='word_1_400' title='bbox 1776 3451 1902 3520; x_wconf 89' lang='lat' dir='ltr'><strong>mundi</strong></span> <span class='ocrx_word' id='word_1_401' title='bbox 1917 3445 2154 3531; x_wconf 88' lang='lat' dir='ltr'><strong>domicilium,</strong></span> <span class='ocrx_word' id='word_1_402' title='bbox 2178 3453 2215 3513; x_wconf 85' lang='lat' dir='ltr'><strong>et</strong></span> <span class='ocrx_word' id='word_1_403' title='bbox 2316 3494 2321 3513; x_wconf 85' lang='lat'>.</span> 
     </span>
     <span class='ocr_line' id='line_1_33' title="bbox 175 3546 2215 3642; baseline -0.005 -17"><span class='ocrx_word' id='word_1_404' title='bbox 175 3574 346 3625; x_wconf 82' lang='lat' dir='ltr'><strong>mensura</strong></span> <span class='ocrx_word' id='word_1_405' title='bbox 369 3550 409 3620; x_wconf 91' lang='lat' dir='ltr'><strong>iu</strong></span> <span class='ocrx_word' id='word_1_406' title='bbox 431 3546 499 3620; x_wconf 91' lang='lat' dir='ltr'><strong>huc</strong></span> <span class='ocrx_word' id='word_1_407' title='bbox 528 3553 684 3623; x_wconf 87' lang='lat' dir='ltr'><strong>seeundo</strong></span> <span class='ocrx_word' id='word_1_408' title='bbox 713 3553 824 3640; x_wconf 90' lang='lat' dir='ltr'><strong>libro,</strong></span> <span class='ocrx_word' id='word_1_409' title='bbox 860 3565 934 3623; x_wconf 91' lang='lat' dir='ltr'><strong>erat</strong></span> <span class='ocrx_word' id='word_1_410' title='bbox 963 3548 1030 3623; x_wconf 89' lang='lat' dir='ltr'><strong>huc</strong></span> <span class='ocrx_word' id='word_1_411' title='bbox 1051 3549 1171 3621; x_wconf 87' lang='lat' dir='ltr'><strong>Plinio</strong></span> <span class='ocrx_word' id='word_1_412' title='bbox 1223 3563 1345 3642; x_wconf 88' lang='lat' dir='ltr'><strong>postea</strong></span> <span class='ocrx_word' id='word_1_413' title='bbox 1361 3574 1417 3620; x_wconf 86' lang='lat' dir='ltr'><strong>res</strong></span> <span class='ocrx_word' id='word_1_414' title='bbox 1433 3552 1769 3639; x_wconf 90' lang='lat' dir='ltr'><strong>inillucontentae,</strong></span> <span class='ocrx_word' id='word_1_415' title='bbox 1795 3553 1982 3624; x_wconf 82' lang='lat' dir='ltr'><strong>artificiose</strong></span> <span class='ocrx_word' id='word_1_416' title='bbox 1999 3546 2215 3622; x_wconf 87' lang='lat' dir='ltr'><strong>etluculeu·</strong></span> 
     </span>
     <span class='ocr_line' id='line_1_34' title="bbox 174 3654 2216 3750; baseline -0.005 -21"><span class='ocrx_word' id='word_1_417' title='bbox 174 3658 285 3729; x_wconf 84' lang='lat' dir='ltr'><strong>etiem</strong></span> <span class='ocrx_word' id='word_1_418' title='bbox 304 3654 530 3735; x_wconf 87' lang='lat' dir='ltr'><strong>addendum,</strong></span> <span class='ocrx_word' id='word_1_419' title='bbox 556 3667 597 3724; x_wconf 91' lang='lat' dir='ltr'><strong>ut</strong></span> <span class='ocrx_word' id='word_1_420' title='bbox 618 3655 838 3748; x_wconf 83' lang='lat' dir='ltr'><strong>superficiem</strong></span> <span class='ocrx_word' id='word_1_421' title='bbox 855 3671 969 3728; x_wconf 87' lang='lat' dir='ltr'><strong>terrae</strong></span> <span class='ocrx_word' id='word_1_422' title='bbox 984 3668 1018 3725; x_wconf 91' lang='lat' dir='ltr'><strong>et</strong></span> <span class='ocrx_word' id='word_1_423' title='bbox 1042 3654 1172 3746; x_wconf 81' lang='lat' dir='ltr'><strong>ampli·</strong></span> <span class='ocrx_word' id='word_1_424' title='bbox 1223 3665 1278 3723; x_wconf 87' lang='lat' dir='ltr'><strong>ter</strong></span> <span class='ocrx_word' id='word_1_425' title='bbox 1296 3654 1491 3745; x_wconf 88' lang='lat' dir='ltr'><strong>descriptae</strong></span> <span class='ocrx_word' id='word_1_426' title='bbox 1507 3669 1604 3740; x_wconf 89' lang='lat' dir='ltr'><strong>suut,</strong></span> <span class='ocrx_word' id='word_1_427' title='bbox 1623 3659 1719 3750; x_wconf 89' lang='lat' dir='ltr'><strong>quod</strong></span> <span class='ocrx_word' id='word_1_428' title='bbox 1735 3680 1827 3749; x_wconf 91' lang='lat' dir='ltr'><strong>opus</strong></span> <span class='ocrx_word' id='word_1_429' title='bbox 1842 3656 2001 3748; x_wconf 86' lang='lat' dir='ltr'><strong>proiecto</strong></span> <span class='ocrx_word' id='word_1_430' title='bbox 2016 3665 2052 3724; x_wconf 92' lang='lat' dir='ltr'><strong>et</strong></span> <span class='ocrx_word' id='word_1_431' title='bbox 2069 3661 2216 3743; x_wconf 85' lang='lat' dir='ltr'><strong>propter</strong></span> 
     </span>
     <span class='ocr_line' id='line_1_35' title="bbox 173 3752 2215 3855; baseline -0.004 -27"><span class='ocrx_word' id='word_1_432' title='bbox 173 3759 342 3831; x_wconf 84' lang='lat' dir='ltr'><strong>tudinem</strong></span> <span class='ocrx_word' id='word_1_433' title='bbox 367 3756 478 3825; x_wconf 88' lang='lat' dir='ltr'><strong>maris</strong></span> <span class='ocrx_word' id='word_1_434' title='bbox 509 3755 719 3846; x_wconf 87' lang='lat' dir='ltr'><strong>explicaret,</strong></span> <span class='ocrx_word' id='word_1_435' title='bbox 763 3784 855 3854; x_wconf 85' lang='lat' dir='ltr'><strong>quae</strong></span> <span class='ocrx_word' id='word_1_436' title='bbox 892 3760 1066 3829; x_wconf 86' lang='lat' dir='ltr'><strong>elementa</strong></span> <span class='ocrx_word' id='word_1_437' title='bbox 1099 3757 1171 3826; x_wconf 91' lang='lat' dir='ltr'><strong>duo</strong></span> <span class='ocrx_word' id='word_1_438' title='bbox 1223 3778 1342 3825; x_wconf 91' lang='lat' dir='ltr'><strong>rerum</strong></span> <span class='ocrx_word' id='word_1_439' title='bbox 1361 3780 1401 3826; x_wconf 88' lang='lat' dir='ltr'><strong>ac</strong></span> <span class='ocrx_word' id='word_1_440' title='bbox 1419 3753 1667 3841; x_wconf 86' lang='lat' dir='ltr'><strong>historiarum,</strong></span> <span class='ocrx_word' id='word_1_441' title='bbox 1692 3759 1967 3855; x_wconf 61' lang='lat' dir='ltr'><strong>quassantium,</strong></span> <span class='ocrx_word' id='word_1_442' title='bbox 1994 3752 2215 3831; x_wconf 87' lang='lat' dir='ltr'><strong>varietatem,</strong></span> 
     </span>
     <span class='ocr_line' id='line_1_36' title="bbox 175 3854 2215 3951; baseline -0.002 -24"><span class='ocrx_word' id='word_1_443' title='bbox 175 3884 292 3933; x_wconf 79' lang='lat' dir='ltr'><strong>unum</strong></span> <span class='ocrx_word' id='word_1_444' title='bbox 309 3858 457 3950; x_wconf 83' lang='lat' dir='ltr'><strong>globum</strong></span> <span class='ocrx_word' id='word_1_445' title='bbox 475 3858 708 3945; x_wconf 84' lang='lat' dir='ltr'><strong>constituunt,</strong></span> <span class='ocrx_word' id='word_1_446' title='bbox 729 3875 763 3932; x_wconf 86' lang='lat' dir='ltr'><strong>et</strong></span> <span class='ocrx_word' id='word_1_447' title='bbox 777 3857 894 3932; x_wconf 80' lang='lat' dir='ltr'><strong>sedem</strong></span> <span class='ocrx_word' id='word_1_448' title='bbox 911 3862 1078 3931; x_wconf 87' lang='lat' dir='ltr'><strong>omnibus</strong></span> <span class='ocrx_word' id='word_1_449' title='bbox 1093 3883 1173 3928; x_wconf 89' lang='lat' dir='ltr'><strong>cae·</strong></span> <span class='ocrx_word' id='word_1_450' title='bbox 1224 3872 1257 3928; x_wconf 88' lang='lat' dir='ltr'><strong>et</strong></span> <span class='ocrx_word' id='word_1_451' title='bbox 1273 3871 1418 3950; x_wconf 88' lang='lat' dir='ltr'><strong>propter</strong></span> <span class='ocrx_word' id='word_1_452' title='bbox 1439 3862 1694 3930; x_wconf 89' lang='lat' dir='ltr'><strong>vocabulorum</strong></span> <span class='ocrx_word' id='word_1_453' title='bbox 1718 3863 1927 3943; x_wconf 87' lang='lat' dir='ltr'><strong>immensam</strong></span> <span class='ocrx_word' id='word_1_454' title='bbox 1951 3854 2111 3951; x_wconf 79' lang='lat' dir='ltr'><strong>copiam,</strong></span> <span class='ocrx_word' id='word_1_455' title='bbox 2137 3876 2215 3925; x_wconf 88' lang='lat' dir='ltr'><strong>ms·</strong></span> 
     </span>
     <span class='ocr_line' id='line_1_37' title="bbox 178 3958 2214 4055; baseline -0.005 -18"><span class='ocrx_word' id='word_1_456' title='bbox 178 3964 266 4037; x_wconf 85' lang='lat' dir='ltr'><strong>teris</strong></span> <span class='ocrx_word' id='word_1_457' title='bbox 282 3962 478 4032; x_wconf 85' lang='lat' dir='ltr'><strong>mixtorum</strong></span> <span class='ocrx_word' id='word_1_458' title='bbox 504 3961 695 4050; x_wconf 86' lang='lat' dir='ltr'><strong>generibus</strong></span> <span class='ocrx_word' id='word_1_459' title='bbox 719 3966 910 4054; x_wconf 88' lang='lat' dir='ltr'><strong>praebent,</strong></span> <span class='ocrx_word' id='word_1_460' title='bbox 944 3962 1029 4032; x_wconf 93' lang='lat' dir='ltr'><strong>ldeu</strong></span> <span class='ocrx_word' id='word_1_461' title='bbox 1051 3961 1172 4031; x_wconf 87' lang='lat' dir='ltr'><strong>distri·</strong></span> <span class='ocrx_word' id='word_1_462' title='bbox 1223 3960 1505 4051; x_wconf 80' lang='lat' dir='ltr'><strong>gnifaciendum,</strong></span> <span class='ocrx_word' id='word_1_463' title='bbox 1536 3976 1570 4033; x_wconf 92' lang='lat' dir='ltr'><strong>et</strong></span> <span class='ocrx_word' id='word_1_464' title='bbox 1593 3964 1767 4055; x_wconf 81' lang='lat' dir='ltr'><strong>singulari</strong></span> <span class='ocrx_word' id='word_1_465' title='bbox 1791 3989 1875 4035; x_wconf 91' lang='lat' dir='ltr'><strong>cura</strong></span> <span class='ocrx_word' id='word_1_466' title='bbox 1897 3987 1938 4034; x_wconf 91' lang='lat' dir='ltr'><strong>ac</strong></span> <span class='ocrx_word' id='word_1_467' title='bbox 1953 3958 2136 4052; x_wconf 87' lang='lat' dir='ltr'><strong>diligentia</strong></span> <span class='ocrx_word' id='word_1_468' title='bbox 2153 3979 2214 4026; x_wconf 90' lang='lat' dir='ltr'><strong>cu-</strong></span> 
     </span>
     <span class='ocr_line' id='line_1_38' title="bbox 176 4062 2214 4160; baseline -0.005 -22"><span class='ocrx_word' id='word_1_469' title='bbox 176 4067 320 4151; x_wconf 84' lang='lat' dir='ltr'><strong>buends</strong></span> <span class='ocrx_word' id='word_1_470' title='bbox 350 4063 420 4135; x_wconf 84' lang='lat' dir='ltr'><strong>fuit</strong></span> <span class='ocrx_word' id='word_1_471' title='bbox 452 4075 546 4133; x_wconf 80' lang='lat' dir='ltr'><strong>terra</strong></span> <span class='ocrx_word' id='word_1_472' title='bbox 577 4087 735 4151; x_wconf 90' lang='lat' dir='ltr'><strong>summa,</strong></span> <span class='ocrx_word' id='word_1_473' title='bbox 772 4091 863 4160; x_wconf 88' lang='lat' dir='ltr'><strong>quae</strong></span> <span class='ocrx_word' id='word_1_474' title='bbox 884 4069 931 4137; x_wconf 88' lang='lat' dir='ltr'><strong>ab</strong></span> <span class='ocrx_word' id='word_1_475' title='bbox 955 4064 1172 4136; x_wconf 84' lang='lat' dir='ltr'><strong>animalibus</strong></span> <span class='ocrx_word' id='word_1_476' title='bbox 1223 4066 1466 4154; x_wconf 83' lang='lat' dir='ltr'><strong>gunscendum</strong></span> <span class='ocrx_word' id='word_1_477' title='bbox 1482 4081 1534 4137; x_wconf 89' lang='lat' dir='ltr'><strong>est</strong></span> <span class='ocrx_word' id='word_1_478' title='bbox 1549 4066 1603 4151; x_wconf 90' lang='lat' dir='ltr'><strong>ci,</strong></span> <span class='ocrx_word' id='word_1_479' title='bbox 1629 4067 1692 4160; x_wconf 90' lang='lat' dir='ltr'><strong>qui</strong></span> <span class='ocrx_word' id='word_1_480' title='bbox 1707 4090 1783 4136; x_wconf 91' lang='lat' dir='ltr'><strong>non</strong></span> <span class='ocrx_word' id='word_1_481' title='bbox 1798 4089 1943 4158; x_wconf 89' lang='lat' dir='ltr'><strong>prorsus</strong></span> <span class='ocrx_word' id='word_1_482' title='bbox 1969 4062 2214 4133; x_wconf 87' lang='lat' dir='ltr'><strong>omnium-re·</strong></span> 
     </span>
     <span class='ocr_line' id='line_1_39' title="bbox 173 4161 2214 4261; baseline -0.004 -21"><span class='ocrx_word' id='word_1_483' title='bbox 173 4168 368 4252; x_wconf 82' lang='lat' dir='ltr'><strong>incolitur,</strong></span> <span class='ocrx_word' id='word_1_484' title='bbox 398 4179 435 4236; x_wconf 94' lang='lat' dir='ltr'><strong>et</strong></span> <span class='ocrx_word' id='word_1_485' title='bbox 458 4165 577 4235; x_wconf 90' lang='lat' dir='ltr'><strong>omnis</strong></span> <span class='ocrx_word' id='word_1_486' title='bbox 604 4168 745 4256; x_wconf 89' lang='lat' dir='ltr'><strong>generis</strong></span> <span class='ocrx_word' id='word_1_487' title='bbox 774 4169 914 4260; x_wconf 85' lang='lat' dir='ltr'><strong>plantas</strong></span> <span class='ocrx_word' id='word_1_488' title='bbox 944 4169 1098 4261; x_wconf 77' lang='lat' dir='ltr'><strong>prolem,</strong></span> <span class='ocrx_word' id='word_1_489' title='bbox 1131 4167 1171 4234; x_wconf 92' lang='lat' dir='ltr'><strong>in</strong></span> <span class='ocrx_word' id='word_1_490' title='bbox 1223 4189 1304 4235; x_wconf 92' lang='lat' dir='ltr'><strong>rum</strong></span> <span class='ocrx_word' id='word_1_491' title='bbox 1320 4165 1466 4256; x_wconf 86' lang='lat' dir='ltr'><strong>ignarus</strong></span> <span class='ocrx_word' id='word_1_492' title='bbox 1483 4183 1518 4240; x_wconf 92' lang='lat' dir='ltr'><strong>et</strong></span> <span class='ocrx_word' id='word_1_493' title='bbox 1533 4169 1652 4238; x_wconf 80' lang='lat' dir='ltr'><strong>inians</strong></span> <span class='ocrx_word' id='word_1_494' title='bbox 1667 4192 1740 4238; x_wconf 88' lang='lat' dir='ltr'><strong>esse</strong></span> <span class='ocrx_word' id='word_1_495' title='bbox 1757 4168 1863 4240; x_wconf 85' lang='lat' dir='ltr'><strong>volet.</strong></span> <span class='ocrx_word' id='word_1_496' title='bbox 1915 4161 1970 4237; x_wconf 86' lang='lat' dir='ltr'><strong>Ac</strong></span> <span class='ocrx_word' id='word_1_497' title='bbox 1989 4188 2072 4235; x_wconf 87' lang='lat' dir='ltr'><strong>vere</strong></span> <span class='ocrx_word' id='word_1_498' title='bbox 2098 4173 2214 4254; x_wconf 90' lang='lat' dir='ltr'><strong>potest</strong></span> 
     </span>
     <span class='ocr_line' id='line_1_40' title="bbox 174 4264 2216 4369; baseline -0.001 -31"><span class='ocrx_word' id='word_1_499' title='bbox 174 4288 288 4369; x_wconf 68' lang='lat' dir='ltr'><strong>eugas</strong></span> <span class='ocrx_word' id='word_1_500' title='bbox 307 4267 489 4360; x_wconf 87' lang='lat' dir='ltr'><strong>regiones,</strong></span> <span class='ocrx_word' id='word_1_501' title='bbox 516 4282 552 4341; x_wconf 92' lang='lat' dir='ltr'><strong>et</strong></span> <span class='ocrx_word' id='word_1_502' title='bbox 571 4269 794 4359; x_wconf 89' lang='lat' dir='ltr'><strong>siugulamm</strong></span> <span class='ocrx_word' id='word_1_503' title='bbox 820 4270 958 4354; x_wconf 78' lang='lat' dir='ltr'><strong>situset</strong></span> <span class='ocrx_word' id='word_1_504' title='bbox 971 4270 1171 4360; x_wconf 87' lang='lat' dir='ltr'><strong>amplitudo</strong></span> <span class='ocrx_word' id='word_1_505' title='bbox 1223 4264 1292 4339; x_wconf 89' lang='lat' dir='ltr'><strong>boc</strong></span> <span class='ocrx_word' id='word_1_506' title='bbox 1306 4269 1476 4339; x_wconf 88' lang='lat' dir='ltr'><strong>volumen</strong></span> <span class='ocrx_word' id='word_1_507' title='bbox 1491 4270 1662 4363; x_wconf 79' lang='lat' dir='ltr'><strong>appellari</strong></span> <span class='ocrx_word' id='word_1_508' title='bbox 1679 4266 1904 4351; x_wconf 87' lang='lat' dir='ltr'><strong>Thesaurus,</strong></span> <span class='ocrx_word' id='word_1_509' title='bbox 1928 4292 2005 4340; x_wconf 91' lang='lat' dir='ltr'><strong>uon</strong></span> <span class='ocrx_word' id='word_1_510' title='bbox 2019 4290 2139 4339; x_wconf 90' lang='lat' dir='ltr'><strong>rerum</strong></span> <span class='ocrx_word' id='word_1_511' title='bbox 2156 4287 2216 4335; x_wconf 89' lang='lat' dir='ltr'><strong>so·</strong></span> 
     </span>
     <span class='ocr_line' id='line_1_41' title="bbox 172 4368 2217 4466; baseline -0.007 -17"><span class='ocrx_word' id='word_1_512' title='bbox 172 4376 380 4449; x_wconf 73' lang='lat' dir='ltr'><strong>iminnda.</strong></span> <span class='ocrx_word' id='word_1_513' title='bbox 438 4369 543 4441; x_wconf 86' lang='lat' dir='ltr'><strong>Hanc</strong></span> <span class='ocrx_word' id='word_1_514' title='bbox 577 4373 675 4443; x_wconf 88' lang='lat' dir='ltr'><strong>orbis</strong></span> <span class='ocrx_word' id='word_1_515' title='bbox 708 4368 861 4444; x_wconf 88' lang='lat' dir='ltr'><strong>habitati</strong></span> <span class='ocrx_word' id='word_1_516' title='bbox 896 4373 1170 4464; x_wconf 84' lang='lat' dir='ltr'><strong>descriptionem</strong></span> <span class='ocrx_word' id='word_1_517' title='bbox 1222 4371 1298 4441; x_wconf 91' lang='lat' dir='ltr'><strong>lum</strong></span> <span class='ocrx_word' id='word_1_518' title='bbox 1312 4370 1419 4462; x_wconf 84' lang='lat' dir='ltr'><strong>longa</strong></span> <span class='ocrx_word' id='word_1_519' title='bbox 1436 4373 1652 4466; x_wconf 86' lang='lat' dir='ltr'><strong>experientia</strong></span> <span class='ocrx_word' id='word_1_520' title='bbox 1667 4374 1946 4453; x_wconf 70' lang='lat' dir='ltr'><strong>observaurum,</strong></span> <span class='ocrx_word' id='word_1_521' title='bbox 1961 4386 1997 4443; x_wconf 91' lang='lat' dir='ltr'><strong>et</strong></span> <span class='ocrx_word' id='word_1_522' title='bbox 2012 4369 2217 4461; x_wconf 87' lang='lat' dir='ltr'><strong>cognitione</strong></span> 
     </span>
     <span class='ocr_line' id='line_1_42' title="bbox 171 4466 2217 4572; baseline -0.003 -25"><span class='ocrx_word' id='word_1_523' title='bbox 171 4470 446 4572; x_wconf 85' lang='lat' dir='ltr'><strong>geograpbicam</strong></span> <span class='ocrx_word' id='word_1_524' title='bbox 470 4474 631 4545; x_wconf 84' lang='lat' dir='ltr'><strong>absolvit</strong></span> <span class='ocrx_word' id='word_1_525' title='bbox 645 4473 786 4548; x_wconf 87' lang='lat' dir='ltr'><strong>Plinius</strong></span> <span class='ocrx_word' id='word_1_526' title='bbox 810 4491 966 4570; x_wconf 81' lang='lat' dir='ltr'><strong>qrratuor</strong></span> <span class='ocrx_word' id='word_1_527' title='bbox 987 4474 1089 4546; x_wconf 89' lang='lat' dir='ltr'><strong>libris</strong></span> <span class='ocrx_word' id='word_1_528' title='bbox 1115 4498 1172 4543; x_wconf 90' lang='lat' dir='ltr'><strong>se·</strong></span> <span class='ocrx_word' id='word_1_529' title='bbox 1223 4473 1435 4563; x_wconf 87' lang='lat' dir='ltr'><strong>dignarum,</strong></span> <span class='ocrx_word' id='word_1_530' title='bbox 1475 4500 1599 4546; x_wconf 89' lang='lat' dir='ltr'><strong>verum</strong></span> <span class='ocrx_word' id='word_1_531' title='bbox 1626 4475 1732 4547; x_wconf 90' lang='lat' dir='ltr'><strong>etiam</strong></span> <span class='ocrx_word' id='word_1_532' title='bbox 1758 4476 1901 4567; x_wconf 86' lang='lat' dir='ltr'><strong>liuguae</strong></span> <span class='ocrx_word' id='word_1_533' title='bbox 1920 4472 2086 4545; x_wconf 74' lang='lat' dir='ltr'><strong>&#39;haduae</strong></span> <span class='ocrx_word' id='word_1_534' title='bbox 2136 4466 2217 4541; x_wconf 84' lang='lat' dir='ltr'><strong>Nisi</strong></span> 
     </span>
     <span class='ocr_line' id='line_1_43' title="bbox 171 4571 2217 4679; baseline -0.005 -27"><span class='ocrx_word' id='word_1_535' title='bbox 171 4582 370 4679; x_wconf 74' lang='lat' dir='ltr'><strong>quentibus</strong></span> <span class='ocrx_word' id='word_1_536' title='bbox 390 4573 488 4647; x_wconf 88' lang='lat' dir='ltr'><strong>bunc</strong></span> <span class='ocrx_word' id='word_1_537' title='bbox 510 4578 726 4660; x_wconf 88' lang='lat' dir='ltr'><strong>secuudum,</strong></span> <span class='ocrx_word' id='word_1_538' title='bbox 753 4593 788 4650; x_wconf 90' lang='lat' dir='ltr'><strong>et</strong></span> <span class='ocrx_word' id='word_1_539' title='bbox 804 4579 843 4648; x_wconf 93' lang='lat' dir='ltr'><strong>in</strong></span> <span class='ocrx_word' id='word_1_540' title='bbox 871 4579 1012 4650; x_wconf 89' lang='lat' dir='ltr'><strong>duobus</strong></span> <span class='ocrx_word' id='word_1_541' title='bbox 1029 4577 1171 4670; x_wconf 89' lang='lat' dir='ltr'><strong>primis,</strong></span> <span class='ocrx_word' id='word_1_542' title='bbox 1223 4577 1317 4646; x_wconf 86' lang='lat' dir='ltr'><strong>enim</strong></span> <span class='ocrx_word' id='word_1_543' title='bbox 1341 4573 1483 4649; x_wconf 87' lang='lat' dir='ltr'><strong>Plinius</strong></span> <span class='ocrx_word' id='word_1_544' title='bbox 1502 4580 1606 4649; x_wconf 90' lang='lat' dir='ltr'><strong>uobis</strong></span> <span class='ocrx_word' id='word_1_545' title='bbox 1625 4576 1746 4650; x_wconf 85' lang='lat' dir='ltr'><strong>re’rum</strong></span> <span class='ocrx_word' id='word_1_546' title='bbox 1775 4592 1830 4650; x_wconf 86' lang='lat' dir='ltr'><strong>tot</strong></span> <span class='ocrx_word' id='word_1_547' title='bbox 1849 4574 2110 4671; x_wconf 86' lang='lat' dir='ltr'><strong>appellationes</strong></span> <span class='ocrx_word' id='word_1_548' title='bbox 2131 4571 2217 4641; x_wconf 89' lang='lat' dir='ltr'><strong>reli·</strong></span> 
     </span>
     <span class='ocr_line' id='line_1_44' title="bbox 172 4676 2217 4775; baseline -0.005 -21"><span class='ocrx_word' id='word_1_549' title='bbox 172 4680 242 4759; x_wconf 86' lang='lat' dir='ltr'><strong>hoe</strong></span> <span class='ocrx_word' id='word_1_550' title='bbox 263 4696 339 4768; x_wconf 87' lang='lat' dir='ltr'><strong>est,</strong></span> <span class='ocrx_word' id='word_1_551' title='bbox 366 4679 474 4751; x_wconf 89' lang='lat' dir='ltr'><strong>tertio</strong></span> <span class='ocrx_word' id='word_1_552' title='bbox 499 4692 534 4749; x_wconf 90' lang='lat' dir='ltr'><strong>et</strong></span> <span class='ocrx_word' id='word_1_553' title='bbox 561 4692 710 4773; x_wconf 84' lang='lat' dir='ltr'><strong>quartu,</strong></span> <span class='ocrx_word' id='word_1_554' title='bbox 744 4677 947 4775; x_wconf 87' lang='lat' dir='ltr'><strong>Europam,</strong></span> <span class='ocrx_word' id='word_1_555' title='bbox 980 4681 1020 4750; x_wconf 89' lang='lat' dir='ltr'><strong>in</strong></span> <span class='ocrx_word' id='word_1_556' title='bbox 1042 4679 1170 4775; x_wconf 90' lang='lat' dir='ltr'><strong>quinto</strong></span> <span class='ocrx_word' id='word_1_557' title='bbox 1224 4679 1376 4772; x_wconf 87' lang='lat' dir='ltr'><strong>quisset,</strong></span> <span class='ocrx_word' id='word_1_558' title='bbox 1402 4682 1448 4749; x_wconf 88' lang='lat' dir='ltr'><strong>de</strong></span> <span class='ocrx_word' id='word_1_559' title='bbox 1468 4681 1590 4752; x_wconf 90' lang='lat' dir='ltr'><strong>multis</strong></span> <span class='ocrx_word' id='word_1_560' title='bbox 1612 4681 1819 4752; x_wconf 87' lang='lat' dir='ltr'><strong>necessariis</strong></span> <span class='ocrx_word' id='word_1_561' title='bbox 1833 4680 1994 4773; x_wconf 81' lang='lat' dir='ltr'><strong>partibus</strong></span> <span class='ocrx_word' id='word_1_562' title='bbox 2009 4676 2103 4748; x_wconf 89' lang='lat' dir='ltr'><strong>vitae</strong></span> <span class='ocrx_word' id='word_1_563' title='bbox 2118 4696 2217 4745; x_wconf 86' lang='lat' dir='ltr'><strong>com·</strong></span> 
     </span>
     <span class='ocr_line' id='line_1_45' title="bbox 170 4779 1912 4876; baseline -0.003 -18"><span class='ocrx_word' id='word_1_564' title='bbox 170 4784 357 4871; x_wconf 72' lang='lat' dir='ltr'><strong>Africam,</strong></span> <span class='ocrx_word' id='word_1_565' title='bbox 383 4784 422 4853; x_wconf 92' lang='lat' dir='ltr'><strong>in</strong></span> <span class='ocrx_word' id='word_1_566' title='bbox 437 4795 534 4853; x_wconf 88' lang='lat' dir='ltr'><strong>sexto</strong></span> <span class='ocrx_word' id='word_1_567' title='bbox 550 4779 675 4854; x_wconf 80' lang='lat' dir='ltr'><strong>Asiam</strong></span> <span class='ocrx_word' id='word_1_568' title='bbox 692 4783 817 4875; x_wconf 88' lang='lat' dir='ltr'><strong>pingit.</strong></span> <span class='ocrx_word' id='word_1_569' title='bbox 856 4783 908 4854; x_wconf 89' lang='lat' dir='ltr'><strong>lta</strong></span> <span class='ocrx_word' id='word_1_570' title='bbox 924 4784 995 4853; x_wconf 91' lang='lat' dir='ltr'><strong>iam</strong></span> <span class='ocrx_word' id='word_1_571' title='bbox 1011 4796 1170 4855; x_wconf 87' lang='lat' dir='ltr'><strong>extructo</strong></span> <span class='ocrx_word' id='word_1_572' title='bbox 1222 4780 1345 4851; x_wconf 89' lang='lat' dir='ltr'><strong>munis</strong></span> <span class='ocrx_word' id='word_1_573' title='bbox 1361 4782 1463 4876; x_wconf 87' lang='lat' dir='ltr'><strong>loqui</strong></span> <span class='ocrx_word' id='word_1_574' title='bbox 1477 4781 1606 4856; x_wconf 83' lang='lat' dir='ltr'><strong>Latine</strong></span> <span class='ocrx_word' id='word_1_575' title='bbox 1629 4809 1703 4854; x_wconf 93' lang='lat' dir='ltr'><strong>nun</strong></span> <span class='ocrx_word' id='word_1_576' title='bbox 1722 4805 1912 4876; x_wconf 82' lang='lat' dir='ltr'><strong>possemus.</strong></span> 
     </span>
     <span class='ocr_line' id='line_1_46' title="bbox 169 4876 2218 4991; baseline -0.006 -32"><span class='ocrx_word' id='word_1_577' title='bbox 169 4888 276 4991; x_wconf 58' lang='lat' dir='ltr'><strong>peri</strong></span> <span class='ocrx_word' id='word_1_578' title='bbox 301 4884 488 4959; x_wconf 85' lang='lat' dir='ltr'><strong>domicilio</strong></span> <span class='ocrx_word' id='word_1_579' title='bbox 508 4885 699 4970; x_wconf 88' lang='lat' dir='ltr'><strong>universo,</strong></span> <span class='ocrx_word' id='word_1_580' title='bbox 724 4880 793 4956; x_wconf 88' lang='lat' dir='ltr'><strong>boc</strong></span> <span class='ocrx_word' id='word_1_581' title='bbox 823 4901 893 4973; x_wconf 89' lang='lat' dir='ltr'><strong>est,</strong></span> <span class='ocrx_word' id='word_1_582' title='bbox 918 4886 1018 4957; x_wconf 88' lang='lat' dir='ltr'><strong>coelo</strong></span> <span class='ocrx_word' id='word_1_583' title='bbox 1044 4897 1079 4955; x_wconf 92' lang='lat' dir='ltr'><strong>et</strong></span> <span class='ocrx_word' id='word_1_584' title='bbox 1096 4886 1171 4975; x_wconf 74' lang='lat' dir='ltr'><strong>ele·¹</strong></span> <span class='ocrx_word' id='word_1_585' title='bbox 1327 4881 1398 4955; x_wconf 90' lang='lat' dir='ltr'><strong>Sed</strong></span> <span class='ocrx_word' id='word_1_586' title='bbox 1414 4909 1488 4955; x_wconf 91' lang='lat' dir='ltr'><strong>uou</strong></span> <span class='ocrx_word' id='word_1_587' title='bbox 1504 4901 1557 4959; x_wconf 87' lang='lat' dir='ltr'><strong>est</strong></span> <span class='ocrx_word' id='word_1_588' title='bbox 1571 4876 1680 4957; x_wconf 82' lang='lat' dir='ltr'><strong>huius</strong></span> <span class='ocrx_word' id='word_1_589' title='bbox 1693 4887 1761 4956; x_wconf 89' lang='lat' dir='ltr'><strong>loci</strong></span> <span class='ocrx_word' id='word_1_590' title='bbox 1777 4898 1839 4956; x_wconf 88' lang='lat' dir='ltr'><strong>aut</strong></span> <span class='ocrx_word' id='word_1_591' title='bbox 1853 4881 2024 4968; x_wconf 86' lang='lat' dir='ltr'><strong>instituti,</strong></span> <span class='ocrx_word' id='word_1_592' title='bbox 2037 4901 2218 4951; x_wconf 89' lang='lat' dir='ltr'><strong>commen-</strong></span> 
     </span>
     <span class='ocr_line' id='line_1_47' title="bbox 198 4979 2220 5085; baseline -0.004 -28"><span class='ocrx_word' id='word_1_593' title='bbox 198 4984 206 5003; x_wconf 78' lang='grc'><strong>“’</strong></span> <span class='ocrx_word' id='word_1_594' title='bbox 276 4992 441 5085; x_wconf 84' lang='lat' dir='ltr'><strong>&#39;,quae</strong></span> <span class='ocrx_word' id='word_1_595' title='bbox 459 4982 656 5080; x_wconf 81' lang='lat' dir='ltr'><strong>hospitium</strong></span> <span class='ocrx_word' id='word_1_596' title='bbox 678 4990 852 5080; x_wconf 86' lang='lat' dir='ltr'><strong>praebent</strong></span> <span class='ocrx_word' id='word_1_597' title='bbox 876 4990 983 5060; x_wconf 91' lang='lat' dir='ltr'><strong>rebus</strong></span> <span class='ocrx_word' id='word_1_598' title='bbox 1009 4988 1170 5069; x_wconf 87' lang='lat' dir='ltr'><strong>caeteris,</strong></span> <span class='ocrx_word' id='word_1_599' title='bbox 1225 4987 1408 5058; x_wconf 86' lang='lat' dir='ltr'><strong>dationem</strong></span> <span class='ocrx_word' id='word_1_600' title='bbox 1430 4989 1541 5061; x_wconf 85' lang='lat' dir='ltr'><strong>totius</strong></span> <span class='ocrx_word' id='word_1_601' title='bbox 1561 4988 1681 5082; x_wconf 89' lang='lat' dir='ltr'><strong>operis</strong></span> <span class='ocrx_word' id='word_1_602' title='bbox 1704 4983 1763 5058; x_wconf 90' lang='lat' dir='ltr'><strong>hic</strong></span> <span class='ocrx_word' id='word_1_603' title='bbox 1786 5009 2000 5083; x_wconf 88' lang='lat' dir='ltr'><strong>proponere.</strong></span> <span class='ocrx_word' id='word_1_604' title='bbox 2058 4979 2220 5056; x_wconf 85' lang='lat' dir='ltr'><strong>Sul&#39;licist</strong></span> 
     </span>
    </p>

    <p class='ocr_par' dir='ltr' id='par_1_8' title="bbox 151 5084 2218 5187">
     <span class='ocr_line' id='line_1_48' title="bbox 151 5084 2218 5187; baseline -0.005 -23"><span class='ocrx_word' id='word_1_605' title='bbox 151 5084 452 5187; x_wconf 61' lang='lat' dir='ltr'><strong>&#39;ncipitPliuius</strong></span> <span class='ocrx_word' id='word_1_606' title='bbox 465 5091 644 5182; x_wconf 89' lang='lat' dir='ltr'><strong>explicare</strong></span> <span class='ocrx_word' id='word_1_607' title='bbox 657 5092 878 5186; x_wconf 86' lang='lat' dir='ltr'><strong>reliquomm</strong></span> <span class='ocrx_word' id='word_1_608' title='bbox 895 5092 1086 5164; x_wconf 88' lang='lat' dir='ltr'><strong>mixtorum</strong></span> <span class='ocrx_word' id='word_1_609' title='bbox 1104 5114 1170 5161; x_wconf 91' lang='lat' dir='ltr'><strong>na·</strong></span> <span class='ocrx_word' id='word_1_610' title='bbox 1223 5090 1350 5159; x_wconf 87' lang='lat' dir='ltr'><strong>seriem</strong></span> <span class='ocrx_word' id='word_1_611' title='bbox 1367 5091 1541 5164; x_wconf 92' lang='lat' dir='ltr'><strong>librorum</strong></span> <span class='ocrx_word' id='word_1_612' title='bbox 1557 5108 1592 5167; x_wconf 89' lang='lat' dir='ltr'><strong>et</strong></span> <span class='ocrx_word' id='word_1_613' title='bbox 1614 5091 1839 5182; x_wconf 88' lang='lat' dir='ltr'><strong>singulorum</strong></span> <span class='ocrx_word' id='word_1_614' title='bbox 1860 5099 2109 5181; x_wconf 87' lang='lat' dir='ltr'><strong>argumentum</strong></span> <span class='ocrx_word' id='word_1_615' title='bbox 2127 5104 2218 5172; x_wconf 87' lang='lat' dir='ltr'><strong>pau-</strong></span> 
     </span>
    </p>

    <p class='ocr_par' dir='ltr' id='par_1_9' title="bbox 160 5179 2220 5503">
     <span class='ocr_line' id='line_1_49' title="bbox 169 5179 2219 5289; baseline -0.006 -21"><span class='ocrx_word' id='word_1_616' title='bbox 169 5206 291 5281; x_wconf 81' lang='lat' dir='ltr'><strong>turts,</strong></span> <span class='ocrx_word' id='word_1_617' title='bbox 315 5216 471 5289; x_wconf 82' lang='lat' dir='ltr'><strong>quorum</strong></span> <span class='ocrx_word' id='word_1_618' title='bbox 485 5194 641 5264; x_wconf 84' lang='lat' dir='ltr'><strong>diximus</strong></span> <span class='ocrx_word' id='word_1_619' title='bbox 655 5188 774 5265; x_wconf 81' lang='lat' dir='ltr'><strong>adhuc</strong></span> <span class='ocrx_word' id='word_1_620' title='bbox 788 5208 920 5265; x_wconf 90' lang='lat' dir='ltr'><strong>restare</strong></span> <span class='ocrx_word' id='word_1_621' title='bbox 942 5207 1099 5288; x_wconf 90' lang='lat' dir='ltr'><strong>quatuor</strong></span> <span class='ocrx_word' id='word_1_622' title='bbox 1110 5215 1171 5282; x_wconf 86' lang='lat' dir='ltr'><strong>ge·</strong></span> <span class='ocrx_word' id='word_1_623' title='bbox 1223 5192 1273 5263; x_wconf 85' lang='lat' dir='ltr'><strong>cis</strong></span> <span class='ocrx_word' id='word_1_624' title='bbox 1296 5192 1490 5281; x_wconf 87' lang='lat' dir='ltr'><strong>indicasse,</strong></span> <span class='ocrx_word' id='word_1_625' title='bbox 1532 5209 1574 5267; x_wconf 93' lang='lat' dir='ltr'><strong>ut</strong></span> <span class='ocrx_word' id='word_1_626' title='bbox 1604 5197 1649 5265; x_wconf 92' lang='lat' dir='ltr'><strong>ad</strong></span> <span class='ocrx_word' id='word_1_627' title='bbox 1672 5218 1780 5288; x_wconf 85' lang='lat' dir='ltr'><strong>quam</strong></span> <span class='ocrx_word' id='word_1_628' title='bbox 1807 5206 1943 5285; x_wconf 87' lang='lat' dir='ltr'><strong>partem</strong></span> <span class='ocrx_word' id='word_1_629' title='bbox 1958 5179 2219 5276; x_wconf 75' lang='lat' dir='ltr'><strong>Philosophiae</strong></span> 
     </span>
     <span class='ocr_line' id='line_1_50' title="bbox 160 5286 2220 5393; baseline -0.004 -25"><span class='ocrx_word' id='word_1_630' title='bbox 160 5323 278 5385; x_wconf 75' lang='lat' dir='ltr'><strong>mers,</strong></span> <span class='ocrx_word' id='word_1_631' title='bbox 315 5296 497 5380; x_wconf 83' lang='lat' dir='ltr'><strong>videlicet,</strong></span> <span class='ocrx_word' id='word_1_632' title='bbox 538 5293 686 5391; x_wconf 74' lang='grc' dir='ltr'><strong><em>ἄψυχα,</em></strong></span> <span class='ocrx_word' id='word_1_633' title='bbox 722 5292 827 5393; x_wconf 53' lang='lat' dir='ltr'><strong>aaut</strong></span> <span class='ocrx_word' id='word_1_634' title='bbox 865 5296 1023 5389; x_wconf 89' lang='lat' dir='ltr'><strong>plantas,</strong></span> <span class='ocrx_word' id='word_1_635' title='bbox 1071 5290 1170 5386; x_wconf 76' lang='grc' dir='ltr'><strong><em>ζῶα,</em></strong></span> <span class='ocrx_word' id='word_1_636' title='bbox 1222 5296 1351 5365; x_wconf 77' lang='lat' dir='ltr'><strong>referri</strong></span> <span class='ocrx_word' id='word_1_637' title='bbox 1385 5297 1513 5387; x_wconf 83' lang='lat' dir='ltr'><strong>debeat</strong></span> <span class='ocrx_word' id='word_1_638' title='bbox 1548 5293 1618 5369; x_wconf 87' lang='lat' dir='ltr'><strong>hoc</strong></span> <span class='ocrx_word' id='word_1_639' title='bbox 1650 5296 1845 5388; x_wconf 83' lang='lat' dir='ltr'><strong>scriptum,</strong></span> <span class='ocrx_word' id='word_1_640' title='bbox 1887 5286 2039 5380; x_wconf 88' lang='lat' dir='ltr'><strong>intelligi</strong></span> <span class='ocrx_word' id='word_1_641' title='bbox 2078 5287 2220 5360; x_wconf 82' lang='lat' dir='ltr'><strong>facilius</strong></span> 
     </span>
     <span class='ocr_line' id='line_1_51' title="bbox 171 5388 1589 5503; baseline -0.004 -29"><span class='ocrx_word' id='word_1_642' title='bbox 171 5402 316 5503; x_wconf 58' lang='lat' dir='ltr'><strong>hoyo,</strong></span> <span class='ocrx_word' id='word_1_643' title='bbox 341 5394 589 5472; x_wconf 83' lang='lat' dir='ltr'><strong>ethsmiuem.</strong></span> <span class='ocrx_word' id='word_1_644' title='bbox 639 5396 713 5472; x_wconf 79' lang='lat' dir='ltr'><strong>ssd</strong></span> <span class='ocrx_word' id='word_1_645' title='bbox 735 5412 872 5473; x_wconf 82' lang='lat' dir='ltr'><strong>mutatu</strong></span> <span class='ocrx_word' id='word_1_646' title='bbox 893 5400 1042 5479; x_wconf 88' lang='lat' dir='ltr'><strong>urdine,</strong></span> <span class='ocrx_word' id='word_1_647' title='bbox 1067 5398 1171 5469; x_wconf 91' lang='lat' dir='ltr'><strong>insti·</strong></span> <span class='ocrx_word' id='word_1_648' title='bbox 1222 5398 1348 5492; x_wconf 87' lang='lat' dir='ltr'><strong>possit.</strong></span> <span class='ocrx_word' id='word_1_649' title='bbox 1486 5388 1497 5409; x_wconf 83' lang='lat'><em>⁰</em></span> <span class='ocrx_word' id='word_1_650' title='bbox 1583 5402 1589 5411; x_wconf 88' lang='lat'>&#39;</span> 
     </span>
    </p>
   </div>
   <div class='ocr_carea' id='block_1_4' title="bbox 0 0 2344 6038">
    <p class='ocr_par' dir='ltr' id='par_1_10' title="bbox 0 0 2344 6038">
     <span class='ocr_line' id='line_1_52' title="bbox 0 0 2344 6038; baseline 0 0"><span class='ocrx_word' id='word_1_651' title='bbox 0 0 2344 6038; x_wconf 95' lang='lat' dir='ltr'><strong> </strong></span> 
     </span>
    </p>
   </div>
  </div>
 </body>
</html>
