4680 6038
146 215 219 291 197
451 270 455 278 ·
804 213 962 294 DECL.
996 216 1071 295 DE
1108 208 1297 296 sclua
1331 210 1523 290 lACOB.
2097 237 2168 312 198

144 413 250 476 nere,
275 403 311 462 ct
322 403 441 461 nostra
456 412 560 461 causa
583 389 731 484 scriptas
755 412 844 461 esse:
870 404 904 461 et
930 391 1128 464 firmissima
1180 390 1312 462 navim.
1368 383 1553 461 lntoeatur
1575 413 1676 465 mens
1696 391 1790 467 hane
1813 401 2104 494 promissionem,
2131 425 2166 483 et

143 492 347 563 assensione
362 517 419 562 eas
434 494 705 584 amplectamur,
726 507 761 564 et
775 516 895 563 earum
917 494 1128 566 testimoniis
1178 492 1246 561 fide
1267 513 1345 559 earn
1371 491 1530 582 amplexa
1556 494 1668 565 dicat:
1703 495 1746 567 ln
1772 513 1805 570 te
1827 499 1981 576 Domine
2013 513 2165 600 speravi,

144 596 336 665 refutemus
353 591 548 687 Epicureos
568 596 708 667 furores
731 607 765 666 et
788 590 963 667 humanas
984 596 1127 670 dubita-
1175 616 1251 664 uon
1265 592 1466 662 confundar
1488 594 1527 663 in
1537 609 1742 670 aeternum.
1788 606 1791 614 '

144 696 272 770 tiones.
1277 692 1379 764 Scala
1405 717 1489 764 vero
1512 697 1687 788 significat
1710 702 1948 778 ministerium
1962 703 2161 804 Evangelii,

242 796 381 867 Deinde
397 793 502 867 lacob
517 797 603 889 ipse,
619 800 664 870 ad
681 823 787 894 quem
802 799 841 870 fit
863 801 999 888 concio,
1011 823 1122 871 mem·
1173 796 1213 867 in
1237 820 1308 889 quo
1332 796 1564 869 concionator
1585 813 1637 870 est
1658 802 1731 893 ipse
1749 801 1864 893 Deus,
1888 823 1922 880 et
1944 833 2070 900 agmen
2090 816 2160 884 mi·

143 894 248 969 bruna
265 913 317 971 est
329 895 516 983 Ecclesiae,
543 913 577 970 et
592 903 743 973 sustinet
756 901 907 974 aliorum
924 927 1124 994 personam.
1172 899 1366 970 nistrorum
1384 898 1459 967 eius
1477 923 1598 970 vocem
1615 904 1745 993 perfert
1763 909 1806 976 ad
1823 910 2010 1002 populum.
2050 912 2157 987 Prius

142 992 343 1088 Singularis
366 1012 485 1071 autem
503 1002 671 1074 beneficia
695 1017 815 1084 erant,
840 1009 938 1098 quod
962 1001 1020 1075 hic
1038 1029 1123 1096 pro·
1172 1001 1280 1090 igitur
1308 1001 1504 1072 ascendunt
1525 1004 1660 1092 angeli,
1686 1006 1785 1096 prius
1803 1011 1982 1102 accipiunt
2000 1014 2156 1086 ministri

141 1101 315 1188 mittitur,
337 1102 493 1175 futuram
516 1125 589 1172 esse
602 1102 795 1175 Ecclesiam
819 1105 856 1174 in
870 1108 1004 1178 familia
1019 1120 1122 1192 certa,
1169 1102 1391 1181 doctrinam,
1418 1101 1593 1196 Spiritum
1615 1120 1794 1191 sanctum,
1821 1122 1855 1181 et
1872 1112 2110 1185 ministerium
2133 1142 2154 1189 a

141 1210 319 1274 accersam
337 1206 454 1274 sedem
466 1204 551 1279 sore.
578 1202 708 1295 lugens
722 1209 868 1278 omnino
886 1209 1021 1279 bonum
1038 1222 1122 1293 erat,
1169 1202 1265 1275 Deo:
1282 1204 1381 1296 prius
1397 1203 1610 1276 erudiuntur
1624 1206 1692 1297 ipsi
1710 1208 1893 1285 divinitus.
1945 1213 2072 1285 Postea
2088 1218 2153 1287 de-

140 1304 228 1374 seire
250 1305 290 1374 in
314 1306 396 1375 sede
416 1321 510 1377 certa
534 1308 597 1376 diu
615 1331 815 1378 mansuram
830 1333 903 1379 esse
917 1307 1121 1395 Ecclesiam,
1169 1307 1360 1390 scendunt,
1396 1320 1566 1396 spargunt
1587 1331 1708 1377 vocem
1733 1311 1932 1392 doctrinae,
1967 1329 2001 1386 ct
2033 1318 2152 1387 radios

139 1408 340 1491 etmansit,
359 1422 399 1479 ut
421 1407 535 1492 scitis,
560 1408 598 1477 in
622 1410 756 1480 familia
781 1408 903 1498 lacob,
937 1427 969 1484 et
998 1413 1037 1482 in
1059 1412 1120 1480 illa
1169 1407 1256 1476 lucis
1285 1406 1429 1477 divinae
1461 1407 1500 1475 in
1529 1430 1655 1496 genere
1685 1404 1859 1498 humano,
1889 1428 1923 1484 et
1948 1417 2150 1489 testimonia

138 1526 199 1578 ora
218 1509 355 1588 vicina,
382 1510 495 1580 donec
511 1523 614 1580 natus
636 1525 688 1581 est
704 1511 862 1584 Messias.
948 1562 958 1581 ,
1168 1510 1360 1580 ostendunt
1389 1509 1429 1578 in
1461 1510 1701 1601 confessione,
1742 1511 1835 1582 inter
1874 1537 2061 1587 aerumnas
2093 1520 2150 1587 in·
2210 1499 2219 1522 ⁸

137 1616 146 1625 ’
241 1608 315 1681 Sed
330 1611 369 1678 iu
384 1604 448 1680 hac
462 1611 536 1703 ipsa
552 1612 695 1702 regione
712 1610 1025 1703 tribusEphraim,
1048 1627 1119 1685 sta·
1169 1624 1302 1701 gentes.

138 1706 202 1780 tim
220 1725 301 1800 post
316 1710 563 1798 Salomonem,
588 1708 1019 1787 haecdomusDeiBethel
1032 1712 1117 1786 hor·
1268 1709 1348 1782 Hoc
1373 1711 1610 1783 ministerium
1636 1726 1672 1784 et
1692 1709 1784 1784 hanc
1804 1717 1935 1791 scalam
1956 1721 2107 1791 sciamus
2129 1745 2150 1792 a

137 1809 294 1883 ribiliter
316 1808 534 1904 prophanata
567 1829 637 1896 est,
669 1830 703 1887 et
732 1818 821 1888 facta
849 1830 901 1888 est
921 1814 1116 1889 Bethanen.
1168 1811 1244 1883 Deo
1266 1815 1483 1898 conservari,
1508 1814 1645 1885 etiamsi
1669 1818 1773 1886 multi
1794 1832 1968 1888 conantur
1983 1835 2151 1907 evertere,

136 1907 216 1982 Hoc
238 1915 410 2005 templum
434 1916 566 2008 inquo
591 1917 661 1985 iam
678 1917 772 1989 Deus
790 1919 1118 2012 ipseconcionatur,
1168 1916 1313 2000 diaboli,
1337 1913 1536 2001 Pontifices,
1563 1929 1596 1986 et
1610 1914 1822 1987 Pontificum
1839 1921 2017 2007 satellites,
2043 1947 2149 2013 prae·

130 2016 170 2085 'et
183 2007 273 2085 haec
290 2030 390 2108 porta
406 2017 506 2101 coeli,
532 2031 573 2088 ut
587 2020 749 2091 nominat
767 2018 889 2106 lacob,
915 2023 1031 2114 coepit
1046 2045 1117 2092 esse
1168 2017 1363 2106 stigiatores
1378 2017 1439 2110 qui
1454 2030 1575 2087 serunt
1587 2018 1674 2085 salsa
1691 2019 1863 2108 dogmata.

136 2127 280 2186 autrum
304 2118 545 2188 diabolorum:
588 2121 670 2212 quia
697 2121 819 2192 multis
840 2124 1030 2195 sceleribus
1055 2147 1118 2214 po·
1171 2158 1173 2170 =
1268 2117 1361 2190 Sunt
1374 2129 1490 2189 autern
1506 2119 1635 2207 gradus
1650 2119 1688 2186 in
1703 2121 1814 2200 scala,
1841 2144 1915 2191 non
1931 2121 2045 2192 solum
2065 2123 2149 2216 quia

135 2218 275 2291 steritas
288 2215 404 2289 Deum
418 2221 687 2310 gubernatorem
702 2224 861 2294 excussit.
911 2223 979 2295 Sed
1004 2225 1118 2295 disca·
1168 2219 1297 2308 gradus
1319 2235 1402 2291 sunt
1424 2221 1601 2289 donorum
1625 2218 1703 2308 (alii
1725 2235 1810 2291 sunt
1833 2218 2051 2313 Prophetae,
2083 2224 2148 2291 alii

136 2340 234 2406 tuus,
260 2343 333 2390 non
351 2322 449 2407 loco,
474 2321 676 2402 nontitulis
699 2323 877 2415 alligatam
903 2348 974 2395 esse
994 2322 1116 2396 Eccle-
1169 2319 1350 2411 Apostoli,
1374 2321 1435 2390 alii
1457 2334 1632 2412 pastores,
1656 2321 1718 2389 alii
1731 2319 1940 2418 Doctores),
1964 2324 2149 2392 sedetiam

134 2419 236 2496 siam.
1167 2424 1214 2493 ob
1235 2418 1326 2493 hanc
1351 2444 1509 2502 causam,
1542 2422 1626 2514 quia
1657 2423 1838 2491 doctrinae
1867 2438 1983 2515 partes
2016 2425 2148 2495 multae

236 2521 389 2611 Deinde,
406 2526 607 2598 communia
623 2527 791 2598 beneficia
811 2528 849 2596 in
866 2522 931 2597 hac
947 2527 1116 2598 concione
1167 2537 1268 2610 sunt,
1295 2547 1381 2618 quas
1397 2535 1536 2616 oportet
1549 2545 1622 2593 esse
1645 2523 1842 2598 continuas.

135 2625 184 2696 ad
196 2650 323 2698 omncs
338 2628 515 2720 pertinere
535 2630 705 2714 sciamus,
730 2644 771 2701 ut
786 2654 866 2698 cum
881 2630 1017 2724 inquit,
1043 2626 1116 2699 Ero
1269 2622 1321 2697 Ac
1338 2626 1536 2717 interrupta
1549 2625 1651 2709 serie,
1672 2636 1735 2694 aut
1751 2625 1887 2718 aliquot
1903 2625 2072 2713 gradibus
2088 2648 2149 2691 ex·

137 2741 256 2799 costos
278 2741 378 2799 tuus:
405 2724 498 2800 hanc
518 2754 640 2800 vocem
655 2733 698 2801 ad
715 2753 785 2801 nos
800 2732 903 2800 etiam
919 2755 1117 2802 accommo-
1168 2726 1292 2812 cussis,
1318 2729 1410 2798 scala
1432 2727 1471 2823 ljt
1486 2725 1634 2800 inutilis.
1687 2724 1821 2797 Totum
1838 2726 1947 2816 igitur
1962 2727 2145 2797 doctrinae

135 2829 278 2916 demus,
304 2845 345 2903 ut
368 2855 449 2901 cum
463 2832 558 2901 idem
572 2834 801 2903 concionator
813 2833 930 2927 inquit
944 2847 1029 2924 aput
1042 2832 1113 2904 Lu.
1167 2851 1294 2919 corpus
1316 2829 1620 2920 complectendum
1644 2839 1716 2911 est,
1741 2839 1777 2896 et
1800 2827 1968 2898 continua
1993 2826 2149 2916 partium

134 2954 225 3013 cam,
251 2928 382 3025 Capilli
397 2933 520 3024 capitis
539 2935 647 3004 vestri
665 2958 790 3004 omncs
805 2935 981 3005 numerati
998 2948 1091 3009 sunt.
1166 2930 1273 2999 series
1297 2931 1480 3002 retinenda
1494 2942 1561 3001 est:
1588 2951 1663 2998 uon
1679 2927 1860 2998 mutilatae
1879 2928 2072 2998 sententiae
2087 2950 2148 2997 ex-

233 3030 482 3106 Circumdedit
497 3035 602 3107 nobis
616 3049 725 3107 metas
740 3037 932 3117 doctrinae,
959 3037 1035 3107 vult
1050 3061 1115 3105 nos
1166 3035 1380 3123 carpendae,
1405 3047 1446 3104 ut
1459 3031 1601 3103 iniustis
1618 3026 1805 3099 hominnm
1819 3029 2071 3119 cupiditatibus
2087 3041 2149 3097 aut

132 3134 230 3206 iusta
263 3160 342 3207 eam
367 3161 528 3206 normam
554 3137 623 3206 sibi
645 3139 807 3224 obedire,
840 3162 905 3208 nec
929 3138 973 3207 ab
996 3163 1034 3206 ea
1060 3138 1114 3206 v'el
1166 3133 1262 3203 salsis
1289 3134 1521 3227 opinionibus
1551 3143 1811 3224 praetercantur.
1864 3129 1976 3200 Multi
2006 3128 2149 3218 ignavia

135 3237 292 3307 mollicie
310 3239 365 3308 vel
380 3240 581 3311 curiositate
597 3239 785 3314 discedere.
839 3238 926 3310 Vult
947 3238 1114 3309 lucerein
1165 3250 1328 3324 peccant,
1370 3259 1444 3305 non
1478 3246 1606 3305 curant
1636 3246 1729 3304 recte
1761 3232 1921 3301 discendi
1956 3230 2146 3298 rationem:

133 3337 238 3409 nobis
266 3339 373 3410 fidem
407 3354 441 3411 et
465 3341 742 3425 invocationem,
768 3365 857 3433 quae
891 3354 986 3432 petat
1014 3340 1114 3409 auxi·
1166 3335 1270 3404 multi
1284 3336 1443 3407 serviunt
1460 3329 1647 3405 bominum
1662 3332 1876 3409 adfectibus,
1901 3340 2013 3398 astute
2030 3349 2149 3397 excer-

132 3437 544 3513 liumetdelcnsionem.
591 3438 687 3511 llaec
703 3456 795 3512 recta
813 3456 847 3511 et
860 3442 1007 3532 simplex
1024 3442 1115 3511 vitae
1165 3452 1256 3529 punt
1278 3462 1337 3520 ea,
1363 3462 1453 3531 quae
1472 3449 1555 3506 sunt
1570 3433 1792 3526 plausibilia,
1818 3441 1950 3500 caetera
1968 3429 2148 3499 omittunt.

133 3541 258 3632 regula
279 3543 385 3613 nobis
410 3544 447 3613 in
471 3560 659 3635 conspectu
676 3544 737 3614 sit:
764 3559 797 3616 et
815 3540 905 3614 hanc
922 3567 1042 3614 vocem
1058 3543 1116 3611 in·
1166 3535 1261 3607 Haec
1276 3535 1476 3632 Sophistica
1493 3559 1630 3628 semper
1647 3533 1716 3605 fuit
1738 3534 1876 3605 usitata.

132 3642 235 3715 ham
251 3645 454 3735 pectoribus
468 3666 569 3737 saepe
584 3645 786 3734 cogitemus,
803 3642 876 3715 Ero
893 3659 1009 3715 custos
1023 3658 1115 3714 tuus.
1269 3639 1389 3711 Simus
1414 3641 1523 3728 igitur
1547 3651 1581 3712 et
1607 3636 1727 3705 fideles
1749 3648 1784 3704 et
1805 3633 1993 3722 diligentes
2016 3631 2053 3699 in
2074 3642 2148 3699 toto

234 3744 332 3818 Sunt
355 3748 503 3816 omnino
525 3770 670 3837 magnae
691 3761 731 3818 ot
751 3750 884 3820 multae
901 3747 1116 3818 calamitates
1166 3763 1314 3831 corpore
1349 3742 1532 3813 doctrinae
1561 3738 1804 3828 cognoscendo
1840 3747 1874 3804 et
1903 3732 2151 3824 proponendo.

132 3847 245 3919 totius
265 3848 403 3938 generis
426 3844 592 3919 humani:
618 3849 759 3934 morbi,
784 3872 897 3935 mors,
918 3849 1039 3932 exilia,
1064 3850 1116 3919 sa·
1166 3837 1216 3912 Et
1238 3867 1319 3914 cum
1341 3839 1428 3914 hacc
1450 3841 1541 3912 scala
1558 3840 1603 3909 sit
1618 3852 1718 3932 porta
1736 3836 1845 3917 coeli,
1866 3835 1903 3903 in
1922 3828 2013 3902 hanc
2028 3853 2151 3902 omnes

136 3967 232 4024 Μ,
265 3949 381 4035 bella,
420 3952 545 4023 ruinae
572 3951 823 4044 imperiorum,
864 3964 898 4021 et
932 3949 1115 4021 domestici
1167 3942 1329 4017 insistite.
1380 3942 1552 4016 Doctores
1568 3954 1661 4011 recte
1675 3940 1844 4020 doceant,
1868 3934 1995 4006 caeteri
2016 3932 2074 4024 pie
2085 3955 2149 4000 au-

134 4068 315 4117 anoerorcs
330 4066 476 4140 propter
489 4052 660 4126 sobolem.
710 4050 807 4122 Haec
829 4053 920 4122 mala
944 4064 1117 4141 vagantur
1168 4043 1269 4117 diant
1286 4047 1501 4118 doctrinam:
1528 4068 1569 4113 ac
1583 4043 1710 4123 sciant,
1736 4061 1810 4107 non
1824 4036 1930 4104 aliam
1947 4033 2053 4115 viam,
2075 4054 2149 4098 non

133 4171 201 4243 per
213 4160 330 4219 totum
345 4171 455 4240 genus
471 4145 679 4226 humanum.
731 4153 802 4225 sed
819 4177 923 4246 supra
939 4148 1026 4223 haec
1040 4176 1116 4222 sus·
1166 4145 1255 4216 alias
1271 4150 1397 4234 scalas,
1419 4171 1494 4217 non
1512 4146 1601 4214 alios
1617 4143 1735 4213 aditus
1760 4161 1833 4209 esse
1857 4136 1900 4204 ad
1917 4130 2050 4213 Deum,
2077 4129 2147 4247 nisi

133 4250 224 4324 tinet
242 4245 405 4322 Ecclesia
435 4251 525 4322 alios
553 4247 704 4341 agones,
737 4253 870 4327 iniusta
890 4253 992 4340 odia,
1029 4254 1118 4323 insi·
1167 4244 1311 4338 perhoc
1327 4247 1579 4339 Evangelium,
1603 4243 1701 4336 quod
1718 4241 1792 4332 ipse
1818 4235 1922 4308 certis
1943 4233 2151 4304 testimonus

134 4350 229 4440 (list,
253 4375 378 4440 neces,
404 4354 538 4425 luctum
560 4353 738 4444 ingentem
765 4368 800 4426 et
814 4352 997 4426 doctrinae
1014 4355 1117 4425 dissi·
1167 4353 1288 4439 generi
1304 4346 1462 4421 humano
1477 4344 1637 4420 tradidit.

133 4455 209 4550 dia:
246 4477 340 4547 quae
367 4456 459 4528 velle
491 4454 712 4544 extinguere,
744 4470 797 4530 est
825 4454 971 4552 Hydrae
1004 4457 1117 4549 capita
1272 4453 1364 4525 Sunt
1385 4454 1424 4523 in
1445 4448 1512 4521 hac
1535 4447 1688 4538 imagine
1707 4458 1743 4516 et
1765 4443 1854 4514 aliae
1878 4436 2150 4531 significationes

133 4554 347 4648 praecidere.
917 4544 931 4574 ⁰
1169 4553 1378 4626 dormientis
1394 4554 1520 4626 lacob:
1547 4564 1582 4621 et
1595 4573 1660 4620 cur
1682 4546 1817 4640 oppido
1837 4565 1970 4614 nomen
1987 4549 2154 4619 mutetur,

235 4655 351 4728 Multi
380 4656 489 4747 igitur
516 4670 614 4730 tanta
638 4660 861 4733 deformitate
883 4661 990 4746 moti,
1023 4661 1119 4751 cogi·
1169 4667 1296 4728 utnon
1313 4657 1380 4727 iam
1397 4654 1629 4750 Amygdalns,
1652 4651 1713 4719 scd
1729 4650 1857 4718 domus
1870 4641 1937 4714 Dei
1953 4642 2102 4754 dicatur.

138 4771 212 4831 tana
235 4755 316 4829 Deo
341 4784 416 4828 non
441 4782 513 4829 esse
535 4784 638 4830 curae
664 4757 730 4832 bos
750 4776 887 4833 coetus:
922 4778 957 4834 et
975 4785 1120 4853 prorsus
1270 4758 1392 4829 Sensit
1408 4755 1532 4840 lacob,
1554 4776 1682 4824 somno
1706 4771 1791 4831 suo,
1817 4759 1851 4816 et
1867 4753 2152 4854 eonstefnatrone

138 4859 313 4932 abiiciunt
327 4861 485 4934 studium
504 4861 559 4930 vel
583 4867 865 4951 cognoscendae,
891 4864 946 4933 vel
968 4867 1119 4934 tuendae
1170 4888 1232 4935 sua
1254 4859 1443 4949 significari
1470 4855 1687 4946 singularem
1721 4844 1863 4913 venturi
1887 4837 2038 4909 Messrae
2067 4857 2154 4904 con·

139 4961 330 5035 doctrinae.
381 4959 456 5030 Has
470 4977 607 5033 nostras
622 4963 781 5034 miserias
803 4964 1057 5052 intelligamus:
1085 4978 1122 5032 et
1169 4961 1434 5033 sternationem.
1488 4951 1535 5024 Et
1556 4952 1594 5018 in
1615 4946 1822 5019 universum
1843 4939 2075 5031 significatum
2093 4947 2156 5018 cst,

140 5065 290 5136 sciamus
314 5063 420 5132 fidem
444 5087 486 5132 ea
514 5063 737 5134 dubitatione
768 5064 914 5134 eluctari
944 5076 1121 5154 oportere,
1170 5064 1210 5132 in
1225 5058 1407 5151 agnitione
1422 5052 1491 5125 Dei
1503 5053 1652 5122 existere
1668 5047 1708 5117 in
1724 5043 1904 5116 mentibus
1929 5058 2095 5134 pavores,
2120 5046 2155 5105 et

140 5179 289 5237 mum
305 5159 372 5235 hac
394 5163 657 5249 consolatione,
681 5161 755 5236 Ero
770 5180 887 5239 custos
901 5177 994 5238 tuus.
1170 5162 1271 5258 sequi
1284 5156 1576 5231 consolationem.
2054 5236 2064 5254 .
2084 5235 2093 5253 ·

236 5262 338 5335 llaec
350 5264 397 5336 sit
413 5260 582 5350 anchora,
607 5289 677 5358 qua
693 5289 760 5336 nos
776 5280 1012 5338 sustentemus
1028 5265 1122 5336 inter
1273 5261 1411 5335 Deinde
1427 5253 1647 5351 Amygdalus
1660 5246 1786 5344 politia
1807 5259 1882 5330 est,
1906 5256 1941 5313 et
1962 5235 2158 5330 hospitium

140 5365 266 5440 tuam
289 5380 326 5442 et
352 5367 529 5459 procellas
548 5366 709 5463 undiquc
731 5382 936 5466 quassantes
964 5380 1121 5439 nostram
1172 5361 1381 5461 Evangelii,
1405 5372 1441 5433 et
1460 5355 1614 5533 agninis
1634 5374 1716 5426 vere
1739 5346 1977 5420 credentium:
2008 5354 2051 5412 ut
2073 5351 2159 5410 tunc
