4680 6038
656 266 810 357 „ec
839 244 916 329 us
948 230 1126 317 ιιιιιιι
1157 222 1280 301 son
1310 214 1670 297 rnrnnnrrr.
2084 220 2160 299 sss

190 432 260 491 „a
633 472 709 501 m,
740 444 781 485 ,ω
802 436 884 479 ιω»
905 414 1033 481 conatu
1052 414 1137 485 pru·
1186 408 1310 459 nnsus
1330 398 1449 456 tamen
1473 384 1749 477 infrigidationls
1765 398 1999 459 eeuemorum
2016 384 2164 457 coniun-

241 580 272 601 ι’
289 560 312 591 .-,.
426 508 529 547 -,...-·
568 502 736 593 ΝΜ.
762 510 890 575 tun-um
916 504 1073 589 cigcrrum
1094 512 1137 559 ex
1187 489 1476 581 giturperpetuo,
1500 491 1596 582 quod
1613 512 1674 559 cor
1687 500 1851 581 percepto
1865 490 2088 582 putridorum
2104 484 2164 559 ba-

190 596 232 635 '‘'·
530 676 538 695 ἱ
568 614 704 687 ,.1„;„.„
723 630 887 677 ,cornuae
903 614 1040 669 tratura.
1074 589 1138 659 Bi·
1188 592 1316 661 lituum
1337 586 1422 661 binc
1436 590 1519 660 inde
1532 590 1806 661 discurrentium
1823 604 2057 677 nocumento,
2085 614 2165 683 pro-

189 694 199 701 ’
542 746 674 783 ...mm
692 746 723 779 ,ιι
751 698 995 777 ιιϊιιιιίιιίιιιὶι
1010 692 1139 765 calori·
1188 694 1284 765 tinus
1306 693 1353 763 ab
1375 692 1607 764 exterioribus
1629 695 1798 764 omnibus
1824 694 1975 765 calorem
2006 692 2103 763 intro
2122 696 2165 765 sd

392 864 395 871 .
451 870 468 889 ,,
497 860 526 905 1.,
542 856 573 881 ,,,
601 828 754 888 ,tens-mu
771 824 909 893 eorpus,
933 811 974 869 ut
990 789 1139 867 καύσω-
1189 818 1262 865 sese
1283 808 1434 870 revocat.
1494 792 1528 864 ls
1550 798 1692 867 tandem
1717 796 1781 865 ubi
1804 796 1937 867 allluxn
1960 816 2166 889 accessuque

421 930 697 1013 ...napus-nunt
730 920 790 977 aut
816 913 962 973 cessant.
1020 895 1138 968 Semel
1189 897 1413 990 putridorum
1450 890 1626 966 balituum
1660 901 1831 969 adauctus
1869 909 1975 990 atque
2006 918 2167 971 aoeensus

373 1078 376 1083 .
411 1072 428 1091 ..
474 1034 595 1087 ..ntem
627 1012 869 1087 terruinentcr,
909 1004 1024 1071 donec
1052 1022 1139 1069 con·
1189 1012 1384 1083 exaestuat,
1408 1012 1514 1091 atque
1536 1000 1751 1086 effervescit,
1775 1025 1837 1071 cor
1859 999 2047 1088 impatiens
2069 1000 2167 1071 llam·

353 1174 384 1220 Ι..
400 1164 444 1189 ...ι
469 1118 638 1207 ...inparis
660 1106 883 1189 incendium,
908 1101 1054 1175 materia
1077 1101 1141 1168 de-
1189 1125 1284 1186 mae,
1309 1115 1482 1195 quantum
1500 1115 1661 1190 potestet
1674 1102 1823 1195 repulsis
1839 1098 2010 1175 balitibus
2025 1104 2166 1175 fervidis

329 1268 335 1293 ι
374 1236 547 1297 mmmm.
602 1216 675 1283 alut
695 1204 791 1281 κατὰ
809 1197 1002 1303 περιόδους
1022 1196 1138 1284 τινὰς,
1190 1216 1225 1273 et
1243 1203 1363 1272 ellusis
1384 1203 1567 1294 spiritibus
1590 1230 1679 1298 quos
1696 1218 1877 1276 contaetus
1896 1204 2166 1301 commixtioque

198 1382 225 1401 „
341 1368 393 1415 1...
425 1318 609 1389 ..uera-alla
633 1310 851 1405 paroxysmis
874 1321 980 1401 atque
1001 1326 1141 1374 exacer-
1190 1299 1365 1375 halituum
1394 1306 1622 1395 appulsorum
1651 1306 1848 1391 fervelecit,
1887 1330 1961 1377 sese
1995 1319 2118 1379 tuctur
2136 1324 2166 1381 et

161 1485 166 1501 .
199 1414 226 1499 l.
246 1450 360 1498 ...san
382 1428 564 1511 ottligunt,
590 1416 814 1505 extinctoque
834 1409 999 1479 incendio
1021 1429 1062 1475 ac
1081 1428 1141 1474 so-
1191 1407 1366 1489 vindicat,
1391 1407 1476 1475 inde
1497 1421 1612 1478 aestus
1633 1422 1748 1480 totum
1771 1431 1899 1500 corpus
1919 1421 2089 1501 occupat,
2112 1411 2166 1505 qui

159 1560 204 1625 ,ιι
225 1582 229 1593 .
257 1540 300 1599 d..
315 1548 378 1597 mn
393 1542 497 1617 atquc
511 1528 742 1599 evarrcscunt,
767 1512 921 1597 scilicet,
947 1509 1010 1581 ubi
1030 1520 1142 1577 matc-
1191 1511 1330 1579 ecocde
1353 1509 1468 1577 fluens
1483 1524 1628 1580 vocatur
1645 1511 1763 1582 lebris.
1811 1508 1897 1581 Pars
1909 1512 2081 1584 materiae
2100 1536 2167 1603 pu-

159 1672 219 1715 ....,
239 1676 244 1697 ι
251 1664 326 1727 pun:
344 1638 511 1715 rtnmcpta
528 1646 568 1690 ex
579 1618 766 1710 putredine
782 1616 938 1699 flamma,
957 1622 1141 1687 exarserat,
1191 1611 1373 1682 trescentis
1401 1634 1443 1681 co
1463 1624 1564 1681 motu
1577 1636 1640 1701 per
1655 1609 1768 1705 hepar
1787 1611 1825 1681 in
1842 1612 2008 1685 intestina
2024 1614 2168 1707 depelli-

159 1734 388 1819 ...ntlngracit
412 1740 518 1817 atquo
537 1742 680 1793 excussa
700 1732 772 1801 est,
801 1708 991 1794 καύσωνες
1012 1724 1074 1782 aut
1096 1713 1142 1779 de
1191 1728 1267 1797 tur,
1291 1713 1445 1805 indeque
1464 1712 1493 1781 si
1509 1714 1622 1783 levior
1642 1732 1692 1787 est
1710 1736 1849 1785 sursum
1873 1715 1911 1783 in
1936 1716 2167 1787 ventriculum

162 1832 379 1905 ,vlmmentia
401 1828 562 1895 dammae
585 1817 679 1890 nihil
705 1819 911 1901 remittunt,
933 1816 995 1910 qui
1019 1826 1053 1883 et
1074 1838 1142 1882 κα·
1190 1815 1321 1899 lertur,
1353 1828 1387 1884 et
1410 1816 1574 1884 acredine
1597 1817 1830 1889 mordicando
1851 1816 2007 1889 vomitus
2027 1818 2114 1889 ciet:
2142 1818 2167 1890 si

159 1938 309 2029 aman,-
331 1947 364 2001 ct
386 1924 761 2017 dla‘dpsor'vocantur,
793 1932 853 1991 aut
874 1942 938 1989 ceu
958 1914 1142 1987 destinatis
1191 1917 1332 2007 gravior
1351 1917 1503 1988 subsidit
1525 1918 1562 1985 iu
1580 1919 1699 1989 alvum
1719 1918 1953 2000 decumbens,
1978 1932 2015 1991 et
2032 1920 2169 1991 turbata

158 2038 383 2116 circuitibus,
422 2028 484 2099 ubi
511 2023 775 2119 aliquantulum
801 2021 918 2114 spacio
950 2019 1072 2112 aliquo
1097 2017 1142 2085 de
1191 2020 1271 2089 alvo
1291 2019 1503 2089 deiectiones
1517 2034 1726 2094 commovet.
1777 2018 1872 2093 Hine
1886 2022 2168 2115 praecordiorum

158 2156 257 2213 aestu
271 2136 500 2213 remiserunt,
526 2142 731 2198 nontamen
746 2124 1040 2216 conquieverunt,
1062 2132 1142 2211 post
1192 2120 1325 2205 tensio,
1358 2122 1483 2212 capitis
1508 2124 1613 2191 dolor
1636 2147 1677 2193 ac
1705 2124 1861 2211 vertigo,
1892 2142 2065 2209 nauseae,
2100 2138 2169 2197 tor-

159 2264 280 2315 rursns
295 2233 486 2326 exasperati
503 2227 746 2299 vehementius
762 2227 949 2313 insurgunt
965 2238 1070 2314 atque
1086 2220 1143 2288 in·
1191 2225 1290 2292 mina
1303 2224 1436 2293 ventris
1453 2223 1633 2293 interdum
1650 2226 1816 2297 existunt.
1866 2224 2012 2297 llalitns
2025 2228 2170 2299 crassio-

160 2346 376 2423 tcnduntur,
395 2334 504 2429 quiet
529 2328 778 2421 ἐπιεικέστεροι
800 2342 894 2399 suut.
944 2322 1059 2413 Origo
1073 2318 1143 2392 ba-
1192 2348 1248 2394 res
1259 2338 1439 2395 aestuante
1455 2325 1525 2393 iam
1542 2339 1616 2396 tuto
1632 2352 1790 2420 corpore,
1809 2340 1908 2399 motu
1924 2328 2076 2401 lentiore
2089 2352 2169 2423 pro-

161 2470 242 2517 rurn
263 2440 415 2511 lebrium
432 2433 593 2505 omnium
609 2456 629 2501 e
645 2430 832 2523 putredine
857 2440 908 2497 est
925 2427 1010 2497 bilis
1033 2426 1143 2494 flavae
1191 2427 1305 2497 trudit
1340 2439 1466 2497 natura
1492 2429 1537 2497 ad
1569 2444 1703 2515 cutem,
1740 2456 1845 2524 quam
1873 2431 2025 2501 laxatam
2054 2432 2168 2501 calore

162 2540 393 2641 putrescentis
408 2538 446 2606 in
466 2536 558 2605 vasis
572 2533 627 2602 vel
645 2533 755 2625 epatis
767 2532 878 2623 ipsius
890 2530 947 2600 vel
960 2530 1042 2596 inde
1059 2551 1143 2618 pro·
1191 2520 1346 2621 ideoqne'
1358 2525 1539 2599 hiantibus
1555 2532 1651 2621 poris
1660 2534 1815 2622 perviam
1833 2532 1885 2601 illi
1896 2546 2168 2625 perrumpentes,

162 2645 296 2744 pagetis
322 2638 532 2733 propinquis
563 2649 625 2706 aut
655 2633 918 2704 remotioribus.
977 2631 1016 2702 Si
1046 2628 1143 2697 enim
1191 2630 1255 2702 ubi
1268 2654 1416 2702 occursu
1431 2632 1538 2721 paulo
1554 2634 1735 2704 remissius
1751 2635 1896 2706 calentis
1916 2634 2170 2707 aiirisdenssn·

161 2764 263 2822 aucta
296 2746 388 2816 iusto
419 2740 570 2830 amplius
594 2738 684 2807 llava
719 2736 820 2819 bilis,
856 2736 1074 2825 modumque
1102 2754 1142 2800 ac
1191 2747 1252 2803 tur
1266 2746 1371 2826 atque
1387 2747 1579 2822 coguntur,
1602 2735 1643 2806 in
1656 2740 1802 2806 sudores
1818 2736 2001 2813 diffluunt.
2035 2736 2170 2811 Desinit

161 2870 364 2923 mensuram
390 2858 536 2914 naturae
556 2838 825 2909 convenientem
851 2838 1039 2913 excedens,
1065 2846 1143 2903 eta
1191 2836 1311 2927 itaque
1323 2836 1443 2905 fervor
1457 2859 1597 2907 excussa
1614 2837 1747 2909 talibus
1768 2856 1914 2913 naturae
1927 2838 2087 2913 motibus
2100 2864 2169 2911 ms-

163 2978 246 3023 suae
270 2947 398 3041 speciei
422 2968 546 3015 norma
567 2943 801 3033 degenerans,
833 2952 955 3009 oneret
980 2949 1141 3005 naturam
1192 2938 1292 3021 teria,
1317 2960 1406 3030 quae
1423 2952 1584 3029 coeperat
1601 2955 1811 3033 putrescere,
1837 2955 1872 3012 et
1886 2942 1980 3013 redit
1994 2942 2169 3035 tantisper,

161 3052 331 3147 corporis,
352 3044 438 3118 haec
451 3046 588 3115 irritata
602 3057 636 3115 et
648 3066 756 3113 onere
772 3042 951 3131 gravantis
966 3038 1143 3121 materiae,
1190 3042 1303 3109 donec
1319 3040 1374 3109 vel
1389 3040 1507 3109 omnis
1520 3041 1565 3111 sit
1578 3059 1743 3117 evacuata
1759 3057 1865 3137 atque
1879 3038 2053 3116 exhausta
2070 3058 2168 3115 ιιιιιι-

161 3172 195 3229 et
219 3154 383 3226 acredine
410 3145 600 3249 pungentis
627 3169 668 3217 ac
691 3144 904 3223 vellicantis,
936 3142 1046 3212 exerit
1074 3162 1143 3223 eas,
1191 3142 1244 3215 ria
1260 3141 1421 3234 putrida,
1448 3144 1504 3211 vel
1521 3155 1646 3215 natura
1661 3147 1780 3217 vincat
1794 3171 1835 3217 ac
1850 3146 2071 3219 dominetur.
2102 3144 2166 3219 tte-

161 3258 291 3353 quibus
313 3276 391 3324 sese
412 3249 555 3341 regitat
576 3260 764 3331 sustentat,
787 3248 899 3329 vires,
923 3269 964 3314 ac
986 3242 1140 3335 primum
1190 3245 1246 3315 dit
1266 3256 1384 3314 autem
1407 3244 1563 3314 collectis
1579 3246 1719 3333 denuo,
1744 3271 1834 3340 quos
1850 3261 1978 3319 natura
1999 3262 2166 3341 separant

160 3358 377 3451 experiundo
398 3353 593 3423 coctionem
611 3374 652 3420 ac
676 3350 932 3440 separationem
956 3346 992 3414 vi
1015 3344 1143 3415 caloris
1163 3336 1169 3469 ἰ
1191 3342 1393 3431 irlroribus,
1424 3361 1459 3418 et
1480 3348 1659 3419 derelictis
1686 3376 1705 3420 a
1728 3352 1847 3420 colore
1879 3350 2004 3421 nativo
2025 3350 2164 3445 ideoque

161 3462 293 3544 nativi,
316 3468 427 3527 stota
442 3453 675 3523 redundantis
696 3452 781 3520 bilis
795 3472 908 3521 massa
931 3444 975 3519 τὸ
996 3448 1142 3543 ἰχιιιρῶ-
1163 3474 1168 3535 ι
1190 3449 1485 3540 putrescentibus,
1499 3474 1579 3520 cum
1594 3466 1772 3543 separatos
1784 3454 1838 3521 vel
1856 3466 2002 3545 propter
2013 3452 2164 3545 obseptus

161 3558 223 3641 dec
249 3554 460 3651 aspirantem
489 3554 787 3645 impurissimum,
825 3551 923 3645 quod
953 3551 1053 3619 nulla
1080 3573 1142 3618 co-
1163 3538 1168 3647 Ι
1191 3562 1344 3632 meatus,
1370 3551 1427 3620 vel
1450 3554 1546 3644 qnod
1567 3555 1614 3623 ob
1637 3554 1914 3626 imbecillitatem
1928 3555 2034 3625 oneri
2048 3555 2094 3627 sit
2107 3554 2162 3623 in·

161 3664 278 3735 ctione
299 3658 479 3731 emendari
501 3669 633 3747 potest,
656 3667 696 3725 ιιι
717 3654 877 3744 corporis
900 3652 981 3723 usui
1001 3651 1142 3735 serviat,
1163 3652 1167 3741 Ι
1191 3678 1274 3746 par,
1301 3654 1486 3739 extrudere
1500 3656 1544 3723 ad
1563 3658 1777 3745 potentiores
1792 3671 1928 3729 meatus
1942 3668 2106 3751 nequssl.

160 3764 309 3837 secernit
330 3785 371 3831 ac
392 3759 560 3841 secludit,
583 3758 691 3850 idque
707 3781 788 3825 cum
807 3756 910 3825 fortis
929 3753 1026 3823 calor
1046 3753 1141 3823 nati·
1162 3754 1167 3833 l
1293 3752 1331 3825 Si
1356 3778 1441 3826 vero
1462 3769 1588 3825 natura
1613 3759 1785 3847 languens
1806 3773 1840 3832 et
1857 3784 1899 3830 ex
1919 3760 2052 3829 caloris
2064 3756 2160 3829 estivi

161 3891 227 3939 cns
249 3868 360 3957 viget,
390 3861 502 3943 eiicit,
534 3861 590 3930 vel
615 3860 652 3927 in
683 3859 829 3929 sudores
852 3868 1078 3929 extenuatum
1100 3879 1141 3926 ac
1191 3856 1361 3927 imbecilli
1385 3858 1559 3949 praesidio
1581 3856 1752 3929 nonnihil
1775 3862 1941 3932 deficiens
1964 3884 2042 3933 uon
2066 3858 2162 3953 possit
2206 3920 2209 3927 .

160 3970 389 4049 dissolutum,
416 3964 472 4033 cel
493 3963 677 4033 detrusum
698 3960 736 4029 in
759 3960 897 4045 alvum,
922 3959 977 4027 vel
999 3957 1141 4048 ablega·
1191 3973 1447 4054 putrescentem
1471 3961 1598 4031 evasis
1612 3963 1789 4053 depellere
1812 3963 2021 4047 materiam,
2045 3962 2161 4034 retine·
2206 3976 2209 4041 ι

158 4086 234 4143 tum
250 4073 295 4142 ad
311 4068 436 4140 urinae
449 4078 595 4138 meatus.
646 4061 686 4134 Si
702 4062 815 4133 exitus
840 4062 1053 4152 impediatur
1072 4062 1141 4130 ob·
1190 4076 1250 4133 tur
1269 4086 1309 4131 ea
1329 4061 1423 4133 intra
1448 4084 1527 4131 vasa
1550 4076 1583 4133 et
1606 4058 1807 4145 καύσωνας
1832 4066 1980 4150 excitat,
2003 4088 2094 4159 quos
2111 4073 2161 4133 aut

158 4170 411 4244 structionibus
428 4166 650 4245 interclusus,
676 4168 857 4235 detentum
872 4158 991 4233 lraeret
1007 4162 1045 4231 in
1061 4186 1140 4232 cor-
1190 4163 1361 4233 continuo
1376 4176 1438 4235 aut
1455 4164 1640 4254 paululum
1662 4168 1861 4238 remittente
1877 4166 2048 4239 incendio
2069 4168 2161 4237 lova.
2204 4160 2209 4262 ξ

157 4298 265 4367 pore,
296 4285 331 4343 et
352 4270 435 4364 qnia
459 4268 585 4339 caloris
607 4268 719 4338 nativi
739 4266 909 4357 regimine
923 4264 1141 4350 destituitur,
1190 4266 1243 4338 Dc
1263 4265 1390 4357 quovis
1410 4266 1507 4335 enim
1529 4261 1679 4338 humore
1708 4282 1878 4361 perpetuo
1909 4281 2040 4341 natura
2062 4270 2161 4340 dones
2204 4268 2209 4351 ,³

157 4379 204 4447 ab
216 4376 334 4446 alienu
350 4372 629 4441 circumventum
648 4384 753 4464 atque
768 4381 977 4458 occupatum
1001 4379 1141 4457 putres·
1190 4368 1302 4452 valet,
1328 4368 1425 4461 quod
1441 4368 1615 4461 optimum
1633 4384 1683 4441 est
1698 4394 1739 4441 ac
1755 4370 1894 4463 corpori
1911 4369 2162 4441 convenientis·
2204 4368 2207 4421 ἶ

157 4478 216 4549 cit.
274 4474 480 4546 Putredinis
496 4471 686 4542 laesionem
709 4486 833 4541 natnra
857 4470 960 4539 fortis
984 4469 1140 4540 sentiens
1189 4471 1339 4554 simum,
1364 4482 1484 4541 tuetur
1506 4493 1547 4541 ac
1566 4472 1725 4543 defendit
1746 4498 1766 4542 a
1784 4473 2032 4563 corruptione,
2056 4472 2162 4545 seiun-
2201 4460 2209 4548 l

155 4576 345 4676 (tantisper
360 4575 455 4645 enim
469 4576 584 4644 donec
605 4574 744 4669 Ιχῶρας
760 4586 898 4667 separat
914 4586 1058 4655 natura,
1084 4571 1139 4641 vi·
1189 4574 1254 4643 ctis
1267 4596 1306 4641 ac
1322 4573 1500 4644 destitutis
1515 4574 1630 4665 primo
1648 4570 1849 4659 iclroribus,
1875 4575 2013 4645 etiamsi
2031 4570 2163 4647 hebeta-
2201 4561 2209 4588 ²

156 4696 213 4769 get
237 4674 419 4773 valetque)
444 4690 577 4771 quanto
595 4690 709 4767 potest
730 4690 859 4746 conatu
879 4689 986 4767 atque
1004 4674 1138 4765 impetu
1188 4690 1245 4746 tus
1261 4674 1360 4744 calor
1378 4675 1519 4745 nativus
1535 4677 1689 4767 coeperit
1710 4676 1889 4767 languere.
1940 4673 1981 4748 Si
2003 4700 2089 4769 ergo
2107 4698 2163 4769 pu-

157 4782 332 4854 incumbit
365 4782 404 4849 in
436 4778 677 4869 expulsionem
703 4780 869 4848 materiae
897 4777 1138 4868 putrescentis.
1188 4779 1288 4847 tredo
1304 4776 1498 4847 retineatur
1521 4776 1614 4847 inter
1629 4800 1729 4863 vasa,
1755 4780 1926 4870 tantisper
1940 4780 2057 4850 donec
2071 4790 2163 4849 natu-
2197 4786 2210 4845 Ι

154 4882 233 4955 Hoc
250 4883 405 4976 impulsu
420 4896 567 4952 naturae
582 4879 710 4971 agitata
725 4880 884 4962 materia,
908 4873 1040 4948 halitus
1055 4878 1138 4971 qui·
1187 4903 1247 4949 rae
1263 4892 1421 4971 superest
1433 4892 1571 4952 tardum
1587 4880 1729 4965 virium,
1749 4896 1790 4951 ut
1805 4882 1993 4974 coquendo
2007 4902 2163 4975 separan-
2200 4902 2210 4965 ς

154 4990 237 5057 dam
259 4985 406 5057 subtiles
427 5008 468 5054 ex
490 4982 679 5074 putredine
694 4982 841 5067 fervidi,
862 4980 1136 5051 concitatissimo
1187 4984 1306 5075 doque
1321 5002 1500 5051 asservare
1517 4982 1654 5073 aliquid
1671 5006 1709 5051 ac
1734 4983 1824 5053 tueri
1840 4982 1970 5075 possit,
1996 4983 2065 5057 etsi
2079 4982 2164 5055 calor
2195 4985 2210 5064 ‚i

152 5104 251 5161 motu
275 5112 338 5177 per
359 5107 467 5156 venas
487 5085 594 5156 delati
620 5086 658 5153 iu
680 5106 803 5153 omnes
822 5083 982 5174 corporis
1009 5096 1137 5172 partes,
1186 5084 1322 5154 febrilis
1343 5107 1418 5153 uon
1439 5083 1658 5173 extinguitur
1685 5106 1850 5176 prorsus,
1879 5086 2026 5156 sedatur
2056 5098 2163 5157 tamm
2195 5086 2210 5143 ι’

152 5191 331 5261 musculos
348 5189 444 5259 illisu
459 5188 579 5258 valido
600 5186 815 5280 percellunt,
840 5186 1005 5279 quatiunt
1022 5208 1062 5254 ac
1081 5185 1136 5253 vi·
1158 5190 1162 5203 '
1186 5186 1289 5257 certis
1310 5184 1508 5255 intervallis
1529 5199 1644 5257 aestus
1666 5187 1947 5283 aliquantulum,
1972 5200 2009 5259 et
2023 5186 2164 5282 putredo
2206 5207 2210 5214 ·

153 5294 276 5375 beant,
297 5316 376 5362 eum
394 5314 463 5384 qua
479 5291 708 5361 concussione
731 5289 796 5358 etsi
819 5290 913 5357 illaa
936 5288 1134 5357 calidorum
1157 5312 1161 5359 ;
1186 5290 1225 5357 fir
1242 5286 1376 5369 mitior,
1402 5290 1498 5359 uude
1519 5280 1712 5371 xnriowrsc
1728 5284 1981 5383 ἐπιεικέστεροι
2006 5290 2164 5361 existunt.
2199 5308 2210 5337 ¹

150 5408 257 5487 atque
283 5394 418 5465 acrium
444 5394 625 5463 furnorum
657 5392 763 5463 citato
789 5390 925 5487 impetu
949 5389 1134 5476 excitatur,
1155 5380 1164 5489 l
1185 5386 1226 5461 Si
1248 5388 1435 5481 profligato
1461 5404 1680 5484 prostrataee
1703 5412 1849 5487 prorsus
1869 5403 1933 5461 aut
1962 5392 2162 5463 eoncrdeatu
2206 5424 2210 5433 ·
