4680 6038
141 202 225 297 'sss
551 282 558 289 .
773 278 777 291 ,
845 213 874 287 ι.
924 206 1220 290 cunontcott
1244 207 1490 291 catalonis,
2111 234 2186 311 stt

149 387 404 468 Phocenseset
419 384 614 461 Locrenses
627 385 866 460 dirimeretur.
918 382 1042 456 Postea
1059 408 1141 457 cnm
1192 381 1293 475 plum
1315 382 1475 455 vicinum
1496 383 1685 477 fugissent,
1715 388 1817 464 iussit
1838 395 1937 487 perci
1960 402 2112 493 templo,
2145 427 2178 485 et

151 492 322 567 Thebani
338 490 512 563 auxilinm
531 502 713 583 peterent,
738 484 989 583 Thrasybulus
1004 510 1143 558 memor
1193 484 1325 558 dimitti
1358 487 1555 559 incolumes
1584 513 1727 579 omnes,
1767 496 1830 590 qtti
1859 519 1901 568 eo
1933 504 2176 594 confugerant.

151 594 318 669 beneficii
337 588 593 664 Thebanorum
615 614 739 662 suasor
759 605 832 676 est,
857 604 898 663 ut
919 590 1141 676 iuvarentur,
1192 584 1374 659 Concessit
1391 602 1426 661 et
1439 585 1624 664 Thebanis
1647 596 1848 685 petentibus
1871 603 2041 676 cadavera
2064 610 2175 685 inter-

152 714 192 773 et
208 698 380 769 accedunt
396 692 692 766 auxiliaaliarnm
710 693 906 768 civitatum,
949 690 1001 763 lta
1018 714 1141 762 rursus
1190 688 1365 761 sectorum
1382 693 1426 762 ad
1446 693 1675 783 sepulturam.
1714 691 1820 771 'Adeo
1837 725 1911 773 non
1926 704 2075 783 indulsit
2090 715 2175 805 icae,

152 802 194 872 in
206 797 356 872 Graecia
374 820 416 865 cx
433 796 501 867 levi
519 819 621 867 causa
637 794 762 885 ingens
780 794 931 880 bellum,
950 809 985 867 et
1000 792 1141 865 exitiale
1194 816 1399 886 quanquam
1415 793 1621 867 vulneratos
1638 811 1725 870 erat.

150 899 463 980 Lacedaemoniis,
489 912 608 971 ortum
630 910 693 970 est.
746 894 857 969 Duxit
879 909 1017 989 partem
1040 918 1139 965 exer·
1293 893 1369 965 latn
1392 919 1477 965 vero
1496 897 1534 965 in
1551 894 1636 968 Asia
1661 899 1893 976 inclinatione
1914 907 2003 981 lacta
2019 911 2173 989 Laconi.

150 1003 245 1077 citus
259 1001 426 1074 Laconici
442 1000 634 1097 Lysander.
668 997 720 1070 ¹ls
736 999 774 1069 in
790 995 1138 1091 oppugnationeHa·
1190 1016 1250 1065 cac
1269 997 1468 1088 potentiae,
1501 999 1608 1071 rediit
1627 995 1788 1074 Athenas
1809 1003 1955 1096 Conon,
1986 1029 2019 1086 et
2038 1020 2173 1108 patriae

151 1105 271 1191 lierti,
296 1104 569 1195 erumpentibus·
580 1097 762 1173 'l'hehanis
777 1113 872 1171 extra
889 1101 1074 1193 oppidum,
1091 1100 1140 1169 in
1190 1097 1330 1169 donans
1361 1100 1619 1193 qttinquaginta
1653 1103 1805 1192 talenta,
1845 1108 1883 1178 id
1911 1125 1982 1198 est,
2024 1119 2169 1209 triginta

149 1231 272 1303 pugna
293 1206 499 1277 interfectus
525 1217 588 1275 est.
648 1199 718 1274 Hic
739 1203 853 1276 exitus
876 1216 928 1274 est
952 1202 1139 1297 Lysandri,
1187 1200 1300 1271 millia
1315 1212 1585 1289 coronatorum,
1611 1228 1732 1276 muros
1754 1231 1794 1279 ea
1817 1213 1965 1301 pecunia
1989 1218 2085 1289 refici
2107 1248 2170 1294 cn-

152 1310 219 1405 qui
234 1302 395 1378 Athenas
416 1317 594 1400 coeperat,
618 1304 720 1376 cuius
734 1304 866 1376 virtute
880 1301 1049 1396 Spartani
1069 1304 1138 1372 im·
1188 1302 1298 1384 ravit,
1335 1302 1563 1397 aLysandro
1583 1328 1736 1383 eversos.
1799 1306 1853 1383 lta
1873 1306 2114 1414 Thrasybuli
2135 1342 2170 1400 et

151 1411 257 1505 perio
277 1409 382 1502 potiti
402 1410 553 1480 inerant.
617 1404 688 1479 Sed
713 1407 918 1499 superbiam
941 1428 1055 1499 poena
1083 1428 1138 1475 se-
1187 1393 1353 1474 Cononis
1375 1404 1506 1478 virtute
1528 1405 1698 1498 paulatim
1712 1405 1874 1484 Athenae
1895 1439 2019 1493 rursus
2038 1442 2171 1500 erectae

154 1526 265 1607 quarta
282 1524 345 1585 cst.
396 1509 704 1594 Scribiturenim,
730 1505 815 1581 huic
838 1506 1135 1602 primoomnium
1187 1518 1281 1576 sunt.
1340 1502 1414 1579 Nec
1441 1508 1556 1578 multo
1587 1522 1667 1600 post
1694 1512 1847 1585 reditum
1870 1513 2047 1606 Cononis,
2088 1550 2169 1598 cum

159 1612 382 1685 Graecorum
400 1613 541 1684 divinos
556 1605 710 1681 honores
726 1606 866 1682 habitos
879 1634 966 1682 esse.
1185 1604 1458 1678 Lacedaemonii
1498 1609 1642 1680 classem
1686 1630 1909 1710 repararent,
1959 1624 2088 1697 missus
2119 1645 2170 1702 est
2269 1628 2282 1663 ·’

258 1711 370 1785 Erant
391 1728 507 1784 autem
525 1728 596 1784 tam
621 1713 703 1782 lacti
726 1736 905 1784 successus
921 1710 1076 1804 Agesilai
1098 1712 1136 1781 in
1161 1776 1164 1783 ,
1188 1705 1435 1803 Thrasybulus
1453 1711 1496 1780 ad
1515 1711 2082 1812 impediendosLacedaemonios,
2107 1733 2169 1824 qui

153 1812 261 1901 Asia,
287 1831 327 1888 nt
343 1818 531 1908 procedere
547 1816 584 1884 in
604 1837 751 1904 regnum
760 1814 941 1886 Persicum
957 1814 1136 1903 cogitaret.
1161 1804 1164 1837 ¹
1187 1806 1398 1904 Byzantium
1415 1812 1568 1902 recepit,
1596 1826 1630 1882 et
1647 1838 1703 1884 res
1720 1819 1848 1889 multas
1864 1822 2037 1897 foeliciter
2053 1833 2169 1919 gessit.

152 1917 224 1990 Sed
244 1917 411 2010 Spartani
435 1929 610 1988 crescente
627 1916 784 2008 potentia
802 1912 1058 1987 Thebanorum
1079 1940 1136 1984 re·
1187 1910 1259 1983 Sed
1283 1934 1365 1983 cnm
1390 1915 1434 1981 sd
1449 1908 1657 2004 Aspendum
1681 1917 1813 1988 milites
1834 1922 1910 1993 eins
1933 1931 2093 2019 populati
2115 1957 2169 2003 aa.

154 2033 283 2090 rocant
307 2043 407 2105 enm,
431 2017 711 2112 missa-Scytala.
760 2016 831 2089 Hic
851 2031 949 2089 tanta
970 2017 1038 2088 fuit
1058 2040 1137 2087 tno·
1187 2028 1266 2086 sent
1285 2035 1406 2104 agros,
1445 2015 1617 2105 Aspendii
1649 2016 1777 2089 irritati
1808 2036 1914 2094 noctu
1944 2049 2169 2122 erumpentes

154 2120 267 2191 destia
283 2118 457 2211 Agesilai,
479 2134 520 2191 ut
543 2118 663 2190 relicta
680 2121 834 2189 maxima
856 2141 918 2209 spe
939 2118 1137 2210 occupandi
1187 2116 1306 2187 subito
1325 2116 1481 2185 tumultu
1509 2130 1544 2186 et
1565 2115 1598 2185 Τ
1600 2112 1830 2212 hrasybulum
1854 2123 1892 2192 in
1917 2120 1981 2199 s'no
2005 2139 2170 2221 tentorio,

1160 2062 1165 2129 l

151 2219 334 2293 Persicum
362 2221 569 2314 imperium,
608 2245 691 2291 mor
723 2221 763 2290 in
796 2221 947 2314 patriam
980 2219 1138 2301 redierit,
1160 2140 1165 2262 l
1188 2228 1221 2287 ct
1239 2217 1371 2288 milites
1385 2217 1522 2310 aliquot
1536 2217 1799 2294 interfecerunt.
1839 2221 1947 2298 Hunc
1963 2232 2082 2317 brevi,
2108 2241 2167 2307 sed

153 2318 244 2394 haec
274 2323 445 2392 modestia
469 2323 507 2392 in
530 2335 628 2393 tanta
651 2322 807 2413 potentia
829 2321 879 2393 ita
901 2322 1137 2415 praedicatur,
1186 2312 1436 2388 honestissimo
1459 2318 1662 2390 testimonio
1684 2337 1787 2395 ornat
1811 2324 2012 2419 Xenophon
2038 2335 2099 2408 lib.
2115 2337 2168 2409 t.:

154 2436 198 2495 ut
231 2424 334 2515 longe
367 2424 536 2494 omnibus
569 2422 682 2516 ipsius
715 2423 874 2496 victoriis
906 2425 1137 2497 anteferatur.
1161 2412 1165 2537 ἶ
1191 2412 1456 2515 Θρασύβουλος
1476 2417 1547 2513 μέν
1569 2445 1628 2493 τοι
1646 2415 1748 2514 μάλα
1765 2420 1890 2500 δοκῶν
1906 2427 2003 2528 ἀνὴρ
2021 2432 2170 2534 ἀγαθὸς
2319 2471 2326 2499 ι

152 2522 274 2594 'santa
291 2538 406 2596 autem
425 2526 493 2597 fuit
513 2527 558 2596 de
579 2525 655 2595 eins
679 2525 838 2610 iusticia,
869 2525 1082 2597 fortitudine
1102 2537 1138 2595 et
1161 2544 1165 2573 ¹
1187 2516 1300 2607 εἶναι,
1333 2517 1453 2602 οὕτως
1474 2518 1714 2616 ἐτελέυτησεν.

151 2626 329 2695 modestia
358 2626 501 2718 opinio,
538 2639 579 2698 nt
598 2625 871 2698 Lacedaemonii
895 2650 1073 2698 summum
1103 2624 1137 2695 ei
1292 2620 1339 2695 Ut
1370 2636 1486 2694 sutem
1506 2621 1778 2697 Lacedaemonii
1807 2653 1930 2704 rursus
1958 2655 2170 2714 crescentem

151 2726 343 2820 imperinm
375 2741 409 2798 et
438 2727 627 2799 exercitum
659 2728 699 2801 in
733 2742 846 2814 terra,
885 2741 921 2799 et
949 2729 1076 2800 classes
1097 2726 1137 2797 in
1187 2723 1382 2815 potentiam
1397 2718 1669 2798 Atheniensium
1693 2740 1729 2801 et
1748 2730 1973 2806 reiectionem
1987 2763 2171 2815 murorum

151 2829 265 2914 mari,
291 2829 627 2901 commendaverint.
678 2826 727 2901 Et
741 2825 1138 2925 scribitTheopompus,
1188 2826 1422 2918 impedirent,
1453 2840 1617 2898 accusant
1639 2827 1796 2901 Atticam
1818 2833 2014 2922 civitatem,
2049 2858 2082 2915 et
2105 2871 2171 2918 no-

150 2928 261 3001 iuisse
275 2954 355 3002 eum
371 2954 549 3002 summum
564 2931 682 3002 virum
699 2955 783 3003 susc
797 2932 931 3008 aetatis,
1189 2927 1351 2999 minutim
1366 2924 1552 2998 Cononem
1574 2931 1667 3021 apud
1682 2930 1889 3005 Tiribaznm
1913 2941 2038 3011 ducem
2055 2944 2172 3018 Persi-

256 3028 348 3103 Cum
363 3046 480 3104 autem
494 3034 532 3102 in
550 3029 635 3103 Asia
653 3032 810 3107 triennio
826 3033 967 3119 luisset,
991 3046 1027 3104 et
1041 3030 1138 3102 mul·
1190 3053 1291 3113 cnm,
1333 3051 1375 3098 ac
1403 3041 1570 3114 monent,
1608 3030 1843 3121 periculosam
1872 3039 1948 3109 iore
1975 3050 2170 3134 potentiam

152 3146 209 3205 tas
231 3132 338 3205 urbes
361 3131 478 3205 Persis
503 3147 659 3226 ereptas,
699 3134 850 3227 imperio
871 3132 1050 3204 Laconico
1074 3135 1140 3203 ad·
1164 3196 1166 3205 ,
1189 3125 1465 3202 Atheniensium
1485 3152 1594 3220 regno
1611 3127 1771 3216 Persico,
1804 3142 2007 3224 praesertim
2033 3165 2171 3222 comet

152 3234 311 3317 iecisset,
354 3249 389 3307 et
412 3236 517 3306 sociis
545 3237 635 3307 inste
659 3247 693 3306 et
714 3236 895 3307 moderate
922 3234 1139 3327 imperasset,
1163 3208 1167 3311 l
1190 3226 1522 3320 EvagoramPersae
1537 3245 1744 3310 metuerent.
1777 3234 1928 3311 Mittunt
1943 3242 2171 3335 igitncAthe-

152 3336 338 3407 discedens
356 3338 498 3434 reliquit
514 3338 568 3408 sni
583 3335 794 3425 dissimiles,
818 3359 946 3408 avaros
964 3350 999 3407 et
1013 3338 1140 3407 crude-
1163 3326 1167 3413 l
1191 3354 1259 3402 nae
1270 3331 1419 3423 Legatos
1433 3334 1478 3402 sd
1493 3331 1701 3405 Tiribazum
1715 3339 1937 3428 placandum.
1991 3345 2033 3416 ln
2058 3343 2111 3420 his
2136 3367 2171 3425 et

152 3437 209 3508 les
228 3434 448 3510 Harmostas.
507 3437 620 3511 Classi
639 3452 757 3510 autem
780 3439 992 3531 praefecerat
1013 3434 1139 3508 Pisan-
1191 3431 1318 3505 Conon
1334 3435 1414 3506 luit.
1465 3432 1776 3510 HuncTiribazus
1792 3455 1914 3513 contra
1937 3447 1992 3518 ius
2013 3453 2170 3540 gentium

155 3541 263 3611 drum
280 3541 402 3611 uxoris
422 3542 580 3615 fratrem.
1192 3549 1331 3628 captum
1348 3536 1386 3606 in
1397 3532 1553 3607 Persiam
1569 3538 1683 3624 ducit,
1708 3542 1769 3611 ubi
1785 3540 1822 3612 in
1838 3568 1974 3619 carcere
1990 3573 2052 3620 sen
2068 3577 2171 3624 neca-

260 3638 349 3714 Erat
370 3667 412 3713 eo
439 3656 597 3735 tempore
618 3628 771 3725 Conon,
807 3641 889 3714 exul
910 3636 1140 3714 Atheniensis
1164 3670 1168 3728 t
1192 3650 1249 3709 tus
1272 3652 1344 3720 est,
1370 3661 1430 3708 seu
1448 3638 1584 3708 morbis
1608 3640 1793 3716 extinctus.
1844 3641 2039 3722 Accusator
2055 3670 2171 3727 antem

154 3742 251 3834 apud
261 3739 458 3834 Evagoram
474 3767 593 3833 regem
610 3743 739 3840 Cypri,
765 3743 924 3839 quicum
941 3757 1020 3815 octo
1037 3742 1141 3814 navi·
1163 3735 1168 3875 ἰ
1190 3739 1305 3810 luerat
1319 3739 1548 3826 Antalcidas,
1572 3740 1769 3833 Spartanos
1786 3745 1932 3837 legatus.
1986 3751 2020 3823 ls
2043 3756 2172 3829 deinde

155 3844 226 3917 hus
239 3844 376 3935 [tigerat
393 3869 434 3916 ex
451 3869 569 3937 pugna
590 3847 633 3916 ad
650 3846 769 3938 Aegos
785 3844 963 3918 Potamos.
1014 3842 1084 3914 Hic
1106 3857 1141 3915 et
1165 3882 1169 3951 ἰ
1191 3865 1211 3911 s
1227 3863 1307 3932 rege
1320 3840 1482 3929 Persico,
1507 3841 1591 3937 quia
1607 3843 1701 3915 bello
1712 3842 1887 3920 Thebano
1900 3849 2172 3931 Lacedaemonii

154 3941 341 4036 Euagorae
362 3959 394 4016 et
419 3948 510 4036 regis
526 3946 658 4018 Persici
681 3947 829 4041 pecunia
852 3961 888 4019 et
909 3946 1060 4018 navibus
1082 3945 1142 4015 in·
1164 3962 1168 4035 j
1193 3943 1345 4036 impares
1360 3956 1479 4031 erant,
1504 3943 1709 4037 impetravit
1731 3948 1904 4037 edictum,
1929 3977 2001 4046 qno
2025 3981 2086 4028 rex
2109 3986 2172 4053 pa-

152 4060 326 4133 structus,
367 4049 523 4119 mittitur
554 4062 676 4120 contra
704 4048 1021 4135 Lacedaemonios,
1059 4071 1141 4118 cum
1193 4068 1267 4114 cem
1281 4043 1428 4116 Graecis
1444 4045 1611 4117 omnibns
1623 4046 1793 4138 imperat,
1820 4065 1854 4124 et
1866 4054 1998 4126 bellum
2017 4059 2174 4134 minatur

152 4148 282 4221 Persae
299 4149 459 4221 viderent
478 4151 629 4221 nimium
646 4173 800 4222 crescere
821 4153 1014 4242 potentiam
1026 4149 1142 4221 Laco-
1165 4230 1170 4255 ι
1193 4146 1258 4230 iis,
1282 4147 1344 4240 qui
1360 4170 1433 4217 non
1449 4146 1521 4218 sint
1535 4148 1824 4240 obtemperaturi.
1872 4155 1927 4227 Ac
1948 4157 2054 4230 simul
2072 4188 2173 4232 man-

152 4250 275 4323 nicam
298 4250 335 4320 in
357 4250 453 4324 Asia.
520 4249 589 4323 Hic
610 4249 738 4323 Conon
769 4274 898 4343 magno
931 4250 1068 4346 praelio
1096 4252 1141 4321 ad
1167 4270 1170 4277 ’
1194 4249 1253 4319 dat
1277 4244 1479 4329 Thebanis,
1511 4261 1666 4321 ntarma
1688 4252 1885 4343 deponant,
1915 4271 1950 4330 et
1971 4258 2174 4337 civitatibus

151 4349 313 4425 Cnidum
343 4352 429 4425 vicit
457 4352 670 4424 Laconicam
700 4354 863 4441 classem,
903 4368 938 4427 et
968 4352 1143 4424 interiecit
1167 4348 1170 4431 J
1194 4349 1381 4442 pristinam
1404 4350 1603 4425 libertatem
1626 4354 1789 4426 reddant.
1847 4354 1942 4447 Quia
1964 4386 2048 4434 vero
2065 4364 2174 4445 Lace,

151 4452 383 4528 Pisandrum.
454 4452 532 4526 Her
566 4456 666 4526 clade
700 4468 840 4547 occepta
870 4453 1143 4527 Lacedaemonii
1167 4444 1171 4569 Ἰ
1194 4451 1465 4523 daemoniocum
1482 4452 1631 4523 consilio
1646 4448 1733 4525 haec
1752 4478 1820 4547 pax
1842 4459 2028 4551 impetrata
2050 4467 2175 4554 fuerat,

152 4576 283 4627 rursus
311 4555 420 4624 maris
448 4553 638 4647 imperinm
666 4557 882 4645 amiserunt,
914 4571 949 4629 ct
972 4555 1142 4651 paulatim
1167 4618 1172 4653 Ι
1195 4568 1229 4624 et
1245 4549 1361 4623 adhnc
1379 4575 1505 4644 magna
1523 4568 1598 4626 erat
1615 4555 1773 4647 ipsorum
1789 4562 1968 4650 potentia,
2001 4578 2036 4634 et
2050 4565 2174 4657 Agesi-

152 4656 343 4729 civitatum
359 4655 508 4728 deiectio
523 4671 670 4749 sequuta
689 4669 752 4727 est.
1165 4680 1172 4761 t
1194 4654 1242 4723 lai
1267 4654 1452 4746 praecipua
1475 4656 1664 4742 autoritas,
1703 4656 1974 4733 Lacedaemonii
1996 4687 2033 4736 se
2055 4683 2174 4740 osten-

202 4748 206 4754 ’
262 4753 358 4827 Haec
375 4758 493 4828 clades
510 4759 724 4829 denunciata
749 4771 801 4830 est
814 4755 977 4849 Agesilao
1003 4756 1041 4827 in
1066 4757 1144 4850 ipso
1168 4794 1171 4821 :
1196 4759 1326 4826 derunt
1346 4756 1423 4826 iore
1444 4752 1552 4828 huius
1576 4756 1683 4829 edicti
1706 4760 1793 4851 regii
1822 4762 2039 4853 defensores,
2080 4774 2175 4863 qnod

150 4857 298 4944 reditu,
324 4870 360 4928 et
375 4860 419 4930 ad
434 4855 527 4929 hanc
541 4859 610 4928 alia
625 4859 741 4930 clades
755 4859 908 4934 accessit.
940 4857 1032 4931 Cum
1049 4859 1144 4929 enim
1167 4846 1175 4921 l
1196 4856 1325 4927 celebri
1360 4857 1596 4950 appellatione
1627 4860 1835 4932 nominatur
1860 4860 1932 4935 Par
1957 4866 2176 4947 Antalcidae.

154 4960 199 5030 in
223 4956 408 5032 Boeotiam
433 4959 471 5030 in
498 4960 573 5054 ipsa
594 4959 689 5032 Solis
713 4961 834 5055 eclipsi
857 4962 1075 5056 pervenisset
1099 4962 1143 5030 ad
1198 4957 1322 5030 lncant
1338 4958 1446 5050 igitur
1462 4958 1618 5031 Graecae
1633 4960 1792 5034 civitates
1808 4988 1951 5061 omnes,
1985 4991 2022 5039 se
2041 4974 2177 5043 obtem-

154 5060 287 5134 urbem
302 5058 519 5148 Coroneam,
544 5085 625 5132 cum
640 5056 823 5133 Thebanis
839 5076 873 5134 ct
893 5087 1018 5133 eortina
1041 5062 1146 5132 sociis
1170 5112 1174 5157 ς
1197 5073 1381 5152 peraturas
1403 5083 1487 5132 esse.
1554 5060 1624 5134 Sed
1646 5075 1760 5133 astute
1779 5062 2050 5142 Lacedaemonii
2072 5068 2177 5142 itatius

155 5161 336 5235 dimicans
360 5161 567 5234 vulneratus
588 5172 649 5232 est.
710 5159 764 5234 Ac
784 5165 908 5235 scribit
932 5159 1147 5254 Xenophon,
1171 5162 1174 5179 '
1198 5163 1292 5255 pacis
1307 5174 1489 5254 praetextu
1503 5185 1602 5233 snam
1623 5165 1816 5255 potentiam
1833 5187 1953 5234 narsus
1972 5170 2179 5244 confirmare

156 5279 236 5337 tam
250 5287 331 5334 scre
344 5262 515 5354 praelium
530 5262 656 5346 luisse,
681 5274 721 5331 ut
743 5266 885 5333 nullum
906 5284 971 5332 sno
987 5260 1147 5351 tempore
1171 5270 1175 5341 i
1198 5264 1316 5327 conati
1331 5275 1424 5327 sunt.
1476 5260 1663 5348 Occupant
1685 5259 1811 5330 scande
1827 5260 2018 5337 Cadmeam
2037 5269 2178 5345 Theba·

156 5364 270 5437 inerit
287 5365 413 5441 acrius.
464 5359 519 5437 Ex
543 5386 584 5435 eo
607 5362 741 5455 praelio
763 5386 843 5435 cnm
868 5362 971 5434 multi
997 5360 1034 5430 in
1058 5376 1146 5433 tem·
1171 5386 1176 5456 3
1199 5383 1279 5430 cnm
1296 5381 1424 5434 arcem,
1477 5356 1531 5429 lbi
1558 5371 1592 5430 et
1615 5359 1783 5451 coniuges
1798 5379 1830 5437 ct
1846 5366 1935 5439 lilias
1950 5367 2179 5448 honestorum

1502 5453 1574 5533 '62
