4680 6038
148 220 224 294 tet
337 299 341 306 ,
392 210 850 295 scripturulam.
876 211 945 287 AD
968 210 1099 288 msa.
1124 207 1272 291 attor.
1296 206 1365 285 ET
1391 207 1587 287 PHILOS.
1612 208 1939 293 sPttctaertt.
2105 222 2181 300 768

151 391 286 486 impius
309 403 344 461 et
366 390 525 464 infoelix.
573 385 737 482 Cumque
761 384 1046 476 Nabogdonosor
1065 387 1144 459 bel·
1192 397 1228 456 et
1242 382 1357 454 crucis
1371 382 1524 475 intelligi
1539 397 1714 476 oportere.
1765 385 1928 462 Servavit
1953 387 2181 467 autemDeus

152 496 229 566 lum
245 493 392 564 inferret
412 493 485 584 regi
499 491 695 586 Aegyptio,
718 489 759 559 in
782 514 853 583 quo
870 490 1078 561 interfectus
1092 502 1146 561 est
1193 485 1299 558 etiam
1314 486 1353 554 in
1372 486 1478 556 exilio
1504 487 1638 576 regiam
1660 490 1925 577 posteritatem,
1951 506 1989 564 et
2011 495 2182 585 populum

152 595 291 680 Necao,
317 594 446 666 indixit
461 594 635 665 tributum
654 587 738 662 huic
752 593 827 680 regi
846 590 1003 674 loakim,
1028 605 1062 663 et
1080 593 1145 662 ab·
1193 587 1331 677 magnis
1351 588 1533 659 miraculis
1557 590 1711 660 servavit
1741 604 1776 662 et
1802 595 1965 677 ornavit,
1995 596 2134 689 quibat
2154 614 2185 672 et

155 699 260 769 duxit
283 697 414 770 multos
434 696 584 767 ludaeos
606 695 644 764 in
670 691 910 787 Babylonem,
937 694 1032 764 inter
1054 717 1145 788 quos
1194 705 1347 785 quatuor
1375 712 1474 779 reges
1500 690 1547 760 ad
1572 690 1790 782 agnitionem
1820 695 1898 765 veri
1924 697 1998 768 Dei
2028 700 2186 771 coum

156 814 192 871 et
206 797 355 885 Daniel,
380 812 413 869 et
431 799 493 869 alii
511 797 655 893 qnidam
674 796 813 866 nobiles
828 797 1067 867 adolescentes
1082 797 1147 865 ab·
1194 805 1294 862 sunt:
1319 790 1600 881 Nabogdonosor
1624 806 1659 865 et
1674 793 1769 864 filius
1784 795 1880 883 eius,
1904 796 2047 870 Darius
2062 797 2187 873 Medus

158 902 386 984 ductisunt,
417 923 507 994 quos
533 922 593 968 rex
624 893 771 970 honeste
794 897 937 968 educari
967 912 1000 969 ct
1026 897 1147 969 doceri
1194 908 1230 967 et
1243 891 1369 988 Cyrus.
1418 892 1501 964 Non
1527 894 1641 985 igitur
1652 896 1843 970 defuerunt
1866 902 1976 972 duces
2000 913 2042 971 et
2071 902 2185 975 docu-

158 1003 305 1076 curavit.
357 1000 447 1074 Cum
473 1015 590 1071 autem
611 997 747 1070 loakim
772 1012 892 1093 postea
911 1023 1034 1071 rursus
1050 1002 1148 1070 defe·
1195 1018 1250 1067 res
1266 991 1351 1065 huic
1369 997 1520 1089 populo,
1549 1021 1628 1066 cum
1645 998 1782 1068 dederit
1797 997 1892 1073 Deus
1907 1003 2044 1093 exiguo
2059 1016 2186 1099 tempa-

160 1105 264 1176 cisset
280 1127 299 1173 a
316 1128 396 1197 rege
413 1101 653 1200 Babylonico,
677 1125 839 1172 reversus
854 1097 1052 1175 Chaldaeus
1067 1127 1148 1173 coe·
1196 1122 1233 1169 re
1259 1099 1415 1168 illustres
1445 1099 1625 1183 doctores,
1650 1097 1855 1189 Danielem,
1885 1099 2133 1193 Ezechielem,
2151 1122 2185 1180 et

20 1225 29 1245 ·
157 1205 214 1297 pit
229 1202 387 1292 loekirn,
411 1218 447 1277 et
467 1229 548 1276 cum
570 1203 721 1275 interfici
741 1204 863 1290 iussit,
888 1216 924 1276 et
945 1205 1073 1297 proiici
1090 1228 1148 1276 ca-
1196 1201 1327 1271 deinde
1359 1201 1468 1285 alios,
1503 1214 1538 1273 et
1565 1200 1760 1273 manifestis
1786 1204 1973 1279 miraculis
1996 1209 2185 1283 ossmtd

159 1309 270 1378 daver
290 1320 374 1379 ante
395 1309 521 1378 urbem
544 1304 797 1399 lerosolymam
820 1308 914 1376 inter
933 1321 1068 1378 caetera
1090 1331 1150 1378 ca·
1198 1327 1296 1376 suam
1314 1303 1548 1393 praesentiam
1564 1302 1602 1372 in
1617 1298 1685 1374 hoc
1703 1306 1848 1396 populo.
2184 1394 2193 1411 ι

159 1409 310 1496 devera,
342 1410 433 1481 sicut
457 1410 678 1501 praedixerat
702 1407 734 1478 ei
753 1406 936 1492 Ieremias,
960 1410 1076 1503 capito
1095 1408 1150 1478 vi·
1298 1403 1409 1498 Capta
1425 1420 1541 1479 autem
1558 1405 1648 1476 urbe
1672 1431 1733 1476 rex
1748 1404 1948 1480 Zedechias
1968 1435 2015 1483 ex
2030 1412 2116 1505 fuga
2136 1437 2183 1487 rs·

165 1511 296 1582 cesimo
312 1513 485 1583 secundo:
513 1509 704 1602 Sepultura
723 1511 815 1579 asini
829 1512 1031 1601 sepelietur.
1198 1520 1330 1578 tractus
1354 1520 1424 1593 est,
1450 1519 1485 1577 et
1506 1508 1551 1577 ad
1572 1531 1690 1599 regem
1711 1506 1981 1605 Babylonicum
2006 1516 2184 1603 adductus,

263 1609 291 1682 I
297 1606 437 1683 oa'clts'
443 1636 469 1682 n
493 1611 568 1681 sive
581 1606 611 1680 I
616 1608 749 1682 esoni
754 1635 806 1681 ns
827 1614 988 1704 regnavit
1002 1613 1041 1682 in
1060 1609 1150 1684 luda
1198 1609 1262 1680 ubi
1277 1609 1343 1679 lilii
1355 1610 1431 1679 eius
1453 1609 1630 1682 interfecti
1646 1624 1747 1694 sunt,
1773 1626 1809 1683 et
1828 1627 1932 1705 pater
1951 1614 2095 1689 effossis
2108 1643 2182 1690 ocn-

162 1728 233 1786 tres
256 1738 405 1790 menses.
457 1711 619 1808 Cumque
641 1711 925 1804 Nabogdonosor
945 1716 1069 1786 urbem
1094 1712 1151 1784 Ie·
1199 1711 1243 1781 lis
1255 1709 1476 1807 Babylonem
1490 1713 1665 1783 abductus
1681 1727 1742 1809 est.
1792 1711 1965 1787 Abducta
1989 1731 2048 1790 est
2070 1734 2182 1792 etms·

162 1818 377 1910 rosolymam
407 1815 593 1887 obsidione
623 1816 806 1897 cinxisset,
843 1817 953 1888 suasit
984 1816 1151 1887 Ieremias
1198 1814 1294 1884 xima
1310 1837 1391 1904 pars
1406 1814 1531 1905 populi
1547 1815 1587 1883 in
1602 1811 1828 1890 Chaldaeam.

163 1931 288 1989 contra
309 1919 468 2010 exempla
496 1918 655 2009 priorum
677 1911 959 2008 Prophetarum,
991 1933 1033 1990 ut
1053 1919 1151 1989 fieret
1209 1928 1215 1941 ‘
1301 1913 1521 1987 Nominatim
1544 1929 1662 1987 autem
1688 1917 1838 1989 iusserat
1867 1943 1933 1991 rex
1964 1924 2071 2014 parci
2096 1922 2177 1997 lerc-

163 2021 312 2090 deditio.
371 2018 559 2112 Utrunque
582 2019 677 2090 enim
704 2020 900 2111 praedixit,
924 2023 1086 2092 futurum
1110 2033 1151 2090 ut
1199 2017 1311 2105 usiae,
1337 2030 1371 2088 et
1394 2017 1426 2087 ei
1449 2041 1652 2089 concessum
1674 2032 1727 2092 est
1747 2043 1893 2092 manere
1917 2024 1959 2093 in
1984 2027 2176 2116 patriacum
2210 2038 2219 2049 '

163 2117 378 2216 lerosolyma
394 2122 582 2207 deleretur,
602 2134 636 2192 et
649 2118 977 2192 abductosludacos
990 2120 1029 2192 in
1043 2122 1149 2192 exilio
1199 2119 1360 2213 reliquiis
1381 2121 1521 2212 populi,
1554 2144 1704 2214 quarum
1728 2137 1848 2194 tamen
1861 2125 1989 2197 rabies
2006 2141 2102 2200 tanta
2113 2130 2179 2215 fnit,

161 2219 240 2294 Deo
257 2247 360 2295 curae
377 2225 472 2310 fore,
499 2236 534 2294 et
554 2237 632 2313 post
648 2224 869 2314 septuaginta
885 2247 999 2294 annos
1014 2225 1151 2296 reditu·
1200 2235 1238 2292 ut
1254 2221 1348 2292 inter
1359 2244 1433 2291 sese
1448 2222 1677 2308 dimicarent,
1703 2238 1738 2295 et
1753 2238 1879 2297 contra
1893 2231 2179 2317 mandatumDei,

160 2347 242 2415 ros,
265 2339 300 2397 et
314 2325 461 2415 patriam
479 2325 640 2417 politiam
655 2325 915 2397 instauraturos
931 2348 1015 2400 csse.
1054 2323 1150 2396 Huic
1200 2325 1297 2417 quod
1313 2324 1364 2395 eis
1381 2322 1546 2395 Ieremias
1563 2326 1741 2416 exposuit,
1765 2325 1805 2395 in
1822 2324 2034 2425 Aegyptum
2047 2335 2178 2405 doen
2220 2384 2222 2389 -

160 2421 369 2518 prophetiae
393 2451 473 2498 cum
495 2429 654 2498 crederet
678 2424 854 2507 leconias,
888 2428 970 2498 fecit
995 2429 1150 2499 deditio·
1201 2427 1344 2511 derent,
1370 2427 1433 2496 ubi
1455 2427 1585 2516 partim
1608 2428 1718 2511 fame,
1743 2430 1878 2519 partim
1904 2434 2179 2506 crudelitatem-

159 2551 256 2603 nem.
309 2527 429 2617 Quare
452 2543 486 2600 et
503 2530 577 2620 ipse
594 2527 705 2600 etalii
726 2530 829 2600 multi
847 2528 1016 2600 leremiae
1034 2530 1150 2600 consi·
1199 2549 1283 2615 gum
1300 2527 1558 2622 Aegyptiorum
1573 2529 1766 2619 perierunt.
1819 2528 2175 2626 Itainpoenisfuror

161 2628 253 2698 lium
277 2643 463 2723 sequentes
485 2630 523 2700 in
540 2625 755 2700 Chaldaeam
776 2631 918 2702 abducti
934 2646 1034 2717 scint,
1060 2655 1149 2725 quos
1200 2643 1252 2699 cst
1266 2651 1403 2699 summa
1419 2640 1552 2721 poen'a,
1577 2643 1613 2702 et
1630 2631 1844 2703 calamitates
1865 2650 1982 2726 augeb
2220 2626 2222 2697 l

162 2731 215 2801 ibi
228 2729 327 2801 Deus
348 2733 511 2824 protexit.
562 2729 701 2802 Caeteri
716 2728 915 2826 Prophetae
937 2733 1021 2804 inde
1037 2756 1149 2826 usque
1302 2727 1400 2802 Haec
1412 2745 1485 2803 tota
1498 2727 1646 2803 historia
1658 2735 1764 2825 plena
1774 2749 1826 2807 est
1835 2739 2083 2830 exemplorum
2093 2743 2177 2813 mul-

161 2856 184 2903 a
200 2829 303 2903 Iosue
327 2847 513 2905 suaserunt
535 2834 798 2916 defensionem,
827 2832 996 2905 ieremias
1012 2837 1150 2906 dissua-
1199 2832 1387 2923 tiplicium.
1439 2832 1481 2903 ln
1496 2835 1620 2926 poenis
1640 2849 1675 2905 et
1689 2836 1878 2909 furoribus
1901 2841 2173 2934 impiorucher·

163 2935 243 3015 det,
270 2949 304 3006 et
318 2949 479 3006 servatur
491 2932 650 3007 Ecclesia
664 2960 760 3006 novo
775 2938 901 3022 modo,
926 2937 1092 3009 videlicet
1109 2938 1148 3005 in
1199 2935 1298 3005 nitur
1321 2933 1374 3004 ira
1396 2930 1476 3006 Dei.
1526 2935 1668 3007 Rursus
1689 2951 1724 3009 et
1745 2940 2003 3015 misericordia
2026 2946 2171 3030 ccmhur,

161 3037 286 3120 exilio,
316 3061 396 3108 cum
427 3039 650 3130 disputarent
681 3038 802 3130 impii,
835 3038 1044 3129 promissam
1075 3062 1149 3109 esse
1199 3061 1280 3107 cum
1312 3036 1406 3105 inter
1432 3049 1548 3107 tantas
1572 3039 1786 3111 calamitates
1808 3043 1997 3138 reliquiae
2018 3041 2174 3119 Ecclesiae
2220 3090 2222 3095 ·

161 3139 404 3209 defensionem
420 3140 523 3232 stirpi
544 3136 572 3209 I
579 3134 669 3208 uda
689 3141 728 3208 in
751 3134 819 3211 hoc
836 3140 913 3231 ipso
935 3141 1024 3211 loro·
1076 3140 1148 3212 Sed
1199 3135 1535 3210 mirabiliteroDeo
1549 3156 1745 3233 serventur,
1769 3143 1861 3215 sicut
1877 3145 2176 3241 inquitleremiss:

158 3241 212 3331 pii
235 3242 411 3331 sapienter
439 3242 686 3313 discernebant
710 3243 979 3332 promissionem
1012 3242 1148 3314 aeterni
1199 3238 1470 3311 Misericordiae
1489 3238 1656 3323 Domini,
1683 3246 1778 3337 quod
1800 3271 1876 3317 non
1901 3253 2107 3345 consumpti
2127 3276 2177 3323 sn·

160 3343 260 3432 regni
277 3358 310 3413 et
328 3367 410 3414 suae
423 3344 579 3434 politiae,
605 3357 639 3415 et
652 3344 822 3428 sciebant,
844 3343 959 3415 Deum
975 3345 1147 3434 promissa
1198 3365 1288 3418 mus.
1342 3341 1514 3412 Videmus
1527 3357 1696 3415 autemst
1712 3371 1778 3417 nos
1800 3343 1870 3420 boc
1891 3363 2060 3447 tempore
2074 3356 2176 3426 ruinas

158 3458 335 3534 praestare
361 3446 595 3531 mirabiliter,
627 3460 662 3517 et
689 3445 942 3536 promissiones
968 3446 1147 3518 bonorum
1198 3442 1432 3535 imperiorum
1452 3459 1487 3516 et
1500 3445 1587 3515 alias
1602 3447 1826 3519 calamitates.
1881 3450 2015 3541 Quare
2029 3479 2174 3547 agnosca·

159 3548 397 3637 corporalium
415 3547 751 3638 intelligendasesse
767 3571 846 3616 eum
863 3547 1068 3637 exceptione
1089 3572 1148 3617 ca·
1199 3568 1277 3616 mus
1304 3546 1394 3615 iram
1420 3546 1509 3633 Dei,
1534 3561 1569 3619 et
1592 3550 1753 3618 conversi
1777 3555 1821 3621 ad
1837 3549 1966 3624 Deum
1985 3572 2174 3649 petamnset

159 3649 359 3733 stigationis
382 3650 556 3722 eterueis.
616 3646 719 3718 Hanc
736 3649 933 3718 doctrinam
951 3648 989 3715 in
1007 3649 1070 3719 illo
1086 3672 1144 3719 ex·
1197 3660 1417 3739 expectemus
1439 3673 1634 3741 poenarum
1650 3652 1931 3743 mitigationem,
1959 3674 1997 3733 et
2021 3658 2170 3733 Faeclerisr

159 3751 252 3819 cidio
270 3750 412 3840 politiae
426 3751 621 3830 discebant,
647 3763 688 3820 ut
706 3773 786 3819 vera
801 3749 1044 3820 consolatione
1059 3775 1146 3821 con·
1197 3749 1512 3824 conservationem.

158 3851 288 3923 firmati
304 3877 378 3921 non
396 3852 584 3924 delicerent
600 3875 621 3922 a
635 3847 730 3933 Deo,
756 3865 792 3922 et
814 3864 1036 3945 expectarent
1049 3853 1147 3922 redi·
1300 3849 1459 3943 Tempus
1481 3853 1577 3923 exilii
1598 3854 1714 3926 tribus
1737 3855 1827 3928 luda
1848 3858 1888 3928 in
1914 3858 2175 3960 Chaldaespusl

157 3968 235 4026 tum
248 3955 431 4026 divinitus.
1198 3952 1472 4024 destructionem
1489 3954 1725 4051 lerosolymae
1747 3972 1780 4030 et
1800 3964 1952 4054 templi,
1984 3968 2062 4041 fuit
2082 3992 2177 4039 anns

268 4053 304 4123 Z
311 4050 526 4125 edechias
551 4055 712 4147 regnavit
728 4055 766 4125 in
783 4053 871 4128 luda
886 4079 1000 4126 annos
1017 4057 1059 4126 11
1077 4056 1146 4126 im·
1197 4078 1277 4125 rum
1295 4052 1346 4127 70
1370 4059 1548 4149 usquead
1570 4054 1658 4153 Cyri
1681 4061 1856 4154 edictum,
1882 4080 1928 4137 ut
1953 4090 2028 4141 suo
2047 4072 2122 4143 loco
2133 4069 2176 4140 di·

157 4157 240 4246 pius
269 4172 303 4228 et
333 4159 499 4243 infoelix,
530 4160 659 4229 defecit
688 4182 708 4229 a
742 4181 823 4248 rege
851 4155 1144 4248 Nabogdonosor.
1197 4180 1336 4243 cemus,
1360 4158 1399 4226 in
1420 4163 1574 4230 secunda
1594 4158 1811 4235 monarchia.
1863 4163 1962 4239 Nam
1992 4169 2114 4246 adhuc
2133 4196 2178 4243 re.

156 4255 283 4329 Rediit
304 4259 414 4348 igitur
433 4258 735 4351 Nabogdonosor,
760 4274 795 4331 et
816 4260 942 4331 urbem
968 4257 1146 4356 lerosoly·
1196 4260 1344 4330 citamus
1383 4283 1439 4329 res
1474 4263 1696 4355 praecipuas,
1738 4289 1828 4359 quae
1858 4280 2036 4364 tempore
2065 4277 2179 4370 primae

157 4381 254 4427 mam
279 4360 389 4429 cinxit
412 4361 599 4432 obsidione
623 4363 801 4452 integrum
824 4384 959 4432 annum
985 4375 1020 4433 et
1042 4386 1145 4433 men·
1195 4357 1423 4432 monarchiae
1444 4365 1669 4452 acciderunt,
1695 4391 1766 4460 quo
1780 4375 2178 4460 temporefuernntllo·

157 4481 212 4531 ses
235 4464 382 4557 sc‘ptem.
432 4458 511 4533 Etsi
531 4477 648 4534 autem
668 4463 834 4534 Ieremias
852 4463 1024 4541 suadebat
1041 4465 1145 4534 dedi·
1195 4463 1393 4533 rentissima
1409 4487 1516 4554 regna
1531 4462 1811 4556 Chaldaeorum,
1836 4471 2105 4569 Assyriorum,
2122 4476 2179 4551 lic·

155 4563 305 4650 tionem,
333 4577 449 4634 tamen
464 4565 659 4656 pertinacia·
676 4579 773 4636 tanta
790 4565 878 4650 snit,
901 4578 942 4636 ut
954 4566 1145 4638 defendere
1194 4565 1416 4661 gyptiorum,
1439 4565 1673 4662 lerosolymae
1689 4585 1723 4642 et
1740 4570 1937 4646 Samariae.

155 4666 282 4738 urbem
298 4674 504 4749 conaretur,
530 4690 611 4736 cum
627 4668 771 4761 quidem
785 4669 878 4738 farne
893 4666 987 4740 intra
1002 4669 1145 4740 moenia
1283 4664 1370 4737 'lam
1387 4668 1425 4737 in
1448 4670 1554 4739 exilio
1570 4671 1841 4751 considerentur
1854 4679 2078 4758 testimonia
2095 4707 2179 4781 pras·
2220 4702 2222 4745 ³

156 4769 318 4861 quotidie
333 4769 437 4839 multi
453 4769 622 4861 perirent.
662 4767 732 4841 Sed
750 4770 1027 4843 confirmabatur
1040 4771 1143 4842 furor
1192 4767 1327 4841 sentiae
1348 4766 1417 4841 Dei
1440 4770 1481 4843 in
1503 4768 1679 4859 Ecclesia,
1705 4786 1795 4868 quae
1816 4783 1986 4857 ostendit
2012 4785 2130 4875 Dens,
2147 4796 2178 4857 1
2220 4750 2222 4789 Ι

155 4870 296 4942 amalis
311 4872 539 4956 doctoribus,
564 4870 627 4965 qui
641 4869 943 4964 vociferabantur,
970 4895 1142 4965 nonpos-
1192 4872 1489 4943 confirmarentur
1511 4873 1562 4965 pii
1590 4875 1759 4947 adversus
1782 4878 1890 4965 alios,
1922 4888 1995 4978 qui
2021 4891 2177 4962 vocitas.

154 4995 192 5042 se
206 4972 318 5043 deleri
332 4995 480 5063 regnum
497 4970 604 5055 luda,
630 4972 714 5066 quia
737 4973 776 5042 in
799 4974 1033 5065 promissione
1050 4973 1141 5044 dici·
1190 4976 1340 5059 bantur,
1367 4972 1515 5046 ludaeos
1532 4998 1613 5045 cum
1629 4978 1828 5051 amisissent
1843 5005 2022 5079 regnum,
2045 4991 2177 5085 pauiu

154 5087 230 5146 tur:
262 5071 346 5145 Non
367 5075 546 5145 auferetur
572 5086 749 5167 sceptrum
773 5086 808 5145 et
833 5076 959 5147 doctor
976 5078 1021 5145 de
1039 5071 1140 5164 luda,
1190 5089 1223 5147 et
1246 5076 1435 5168 templum,
1460 5071 1578 5146 nihilo
1599 5080 1711 5169 magis
1731 5105 1836 5152 curae
1857 5106 1935 5157 esse
1951 5087 2061 5182 Deo,
2087 5114 2173 5190 qn·

153 5177 267 5246 donee
301 5176 440 5247 venerit
471 5171 587 5246 Siloh.
660 5174 733 5247 Nec
767 5188 886 5256 tamen
919 5177 1140 5266 cogitabant,
1188 5179 1275 5249 alias
1297 5192 1436 5267 gentes,
1466 5193 1507 5251 ut
1529 5177 1868 5255 iudicanthomines
1890 5210 1935 5258 ex
1952 5188 2172 5268 salves-sind

153 5274 268 5350 Deum
285 5277 500 5349 mirabiliter
513 5289 691 5369 praestare
704 5278 887 5369 promissa.
936 5274 985 5350 Et
999 5278 1038 5349 in
1053 5303 1137 5370 pro-
1187 5280 1351 5352 secundis
1367 5281 1484 5352 rebus.
1537 5280 1608 5355 Sed
1622 5283 1742 5354 statim
1757 5308 1838 5357 cnm
1854 5291 2031 5369 adoratio
2056 5312 2170 5372 stature

153 5379 383 5454 missionibus
392 5378 887 5476 corporalibnsexceptionem
896 5381 1136 5474 castigationis
1156 5460 1163 5484 ,
1184 5382 1438 5468 mandabatur,
1478 5383 1635 5459 ostendit
1660 5381 1760 5462 Deus
1789 5397 2040 5484 praesentiam
2076 5418 2167 5480 son,
