4680 6038
584 237 743 321 DECL.
774 239 852 318 ult
882 242 1195 357 uuupvtco
1227 247 1485 328 BAVARO.
1819 316 1829 331 ,
1971 258 2047 333 294

131 411 218 511 ensi,
245 412 307 507 qui
330 427 364 484 et
385 411 554 511 Princeps
577 428 612 486 et
632 412 835 488 Cardinalis
854 431 928 492 erat
950 441 1010 489 ex·
1058 423 1153 494 dicto
1181 418 1405 518 Epicharmi:
1446 429 1542 522 νῆφε
1575 423 1639 499 καὶ
1666 425 1835 523 μέμνησο
1865 422 2044 516 Ιαἀιιστεῖα,

131 536 151 584 s
164 515 306 588 virtute.
599 540 602 545 ’
1058 523 1187 622 ἄρθρα
1200 531 1322 598 ταῦτα
1336 531 1415 600 τῶν
1429 532 1590 625 φρενῶν.
1617 528 1689 601 Nec
1707 531 1834 602 fiducia
1851 533 2045 604 amicorum

131 662 166 737 [n
190 662 246 738 h·is
290 664 570 741 uaehacoenuse
596 671 843 742 ,Ludovicus
888 674 1009 743 mode·
1057 651 1113 698 res
1141 653 1215 698 non
1246 630 1456 701 necessarias
1484 655 1708 714 moveamus,
1749 658 1813 704 nec
1842 636 1971 705 deserti
2001 636 2047 705 ab

263 695 286 763 q
573 694 605 761 ε’
851 727 861 758 ’
1058 731 1197 818 amicis,
1220 733 1427 822 frangamur
1439 732 1567 802 animis
1581 734 1620 803 in
1635 735 1748 806 causis
1761 737 1863 808 iustis
1878 751 1912 808 et
1927 761 2047 808 neces-

135 770 211 841 eius
236 773 341 842 laude
360 773 466 862 digna
489 786 550 842 est.
602 771 727 843 Postea
744 772 882 847 Romae
898 777 1008 845 creari
1117 833 1125 851 .

131 868 369 994 'Episcopum
398 872 602 946 Romanum
627 875 772 947 petrum
795 874 1008 948 embadum
1057 833 1177 914 sanis,
1204 831 1391 905 sedaDeo
1410 847 1568 926 petamus
1583 849 1617 908 et
1632 854 1849 930 expectemus
1864 839 2055 1011 auxilius*

131 1001 294 1048 ,manum
311 979 349 1046 in
366 977 628 1069 angeagno,
656 1004 696 1049 a,
711 979 912 1050 nominavi,
927 1005 1008 1051 eum
1057 936 1147 1006 sicut
1162 931 1340 1027 Propheta
1360 936 1493 1030 inquit:
1526 936 1631 1009 Pater
1647 953 1682 1011 et
1699 955 1810 1012 mater
1825 942 2006 1036 reliquero

131 1102 206 1150 tum
224 1078 411 1171 Quintpm.
464 1078 498 1151 ls
520 1096 554 1150 et
569 1106 630 1151 ,ua
644 1082 795 1153 fulmina
811 1096 933 1153 tom„
950 1080 1009 1152 10,
1057 1062 1132 1124 me,
1154 1035 1250 1110 Deus
1269 1052 1385 1109 autem
1405 1040 1556 1131 suscepit
1574 1064 1640 1112 me.

131 1204 175 1250 em
189 1181 402 1252 Vicesimum
418 1186 612 1255 secundum
629 1185 752 1256 edidit
802 1183 1009 1255 Hicrursus
1160 1185 1237 1287 Etsi
1254 1205 1369 1260 autem
1387 1189 1469 1260 vivo
1488 1189 1672 1261 Ludovico
1690 1205 1723 1263 et
1740 1193 1920 1283 elegerunt
1937 1207 1971 1262 et
1987 1217 2048 1263 co-

131 1296 238 1355 tatum
262 1300 328 1355 est:
356 1283 413 1354 An
430 1289 473 1356 ad
491 1285 745 1376 Imperatorem
764 1287 818 1357 ius
836 1287 1010 1379 pertineat
1058 1308 1233 1363 ronarunt
1249 1289 1428 1362 Electores
1443 1293 1590 1385 quidam
1606 1291 1789 1365 Carolum:
1815 1307 1930 1365 tamen
1946 1309 2048 1365 auto·

131 1387 201 1455 endi
235 1388 441 1477 dignitatem
465 1388 648 1475 Pontifici,
682 1401 714 1459 et
740 1390 848 1461 alium
876 1391 1008 1459 consti·
1058 1396 1144 1465 ritas
1165 1389 1281 1464 adhuc
1298 1408 1395 1465 tanta
1412 1397 1480 1465 luit
1495 1394 1670 1466 Ludovici
1690 1411 1724 1466 et
1740 1398 1922 1468 civitatum
1940 1398 2048 1467 bene-

135 1488 168 1571 i,
203 1503 236 1558 ct
260 1515 336 1583 quo
366 1493 493 1560 ordine
517 1487 583 1561 ltoc
605 1493 681 1562 fieri
706 1493 858 1583 debeat?
910 1490 1010 1563 Sicut
1059 1498 1213 1567 volentia
1236 1519 1316 1585 erga
1339 1522 1419 1567 eum
1444 1511 1558 1582 tanta,
1590 1513 1630 1568 ut
1655 1498 1761 1568 armis
1782 1496 1932 1570 Carolus
1954 1495 2047 1567 nihil

138 1589 279 1661 Primus
306 1591 471 1663 Pontifici
501 1594 640 1685 cognita
668 1619 769 1665 causa
801 1596 839 1663 in
863 1593 1009 1690 Synodo
1060 1615 1221 1670 tentaret.
1269 1599 1338 1671 Sed
1354 1600 1518 1689 posteius
1530 1615 1679 1671 mortem
1692 1602 1881 1672 exercitum
1893 1599 2049 1671 exBoie-

131 1706 227 1764 :atem
259 1697 401 1769 ademit.
466 1694 539 1766 Nec
567 1697 716 1768 dubium
744 1708 795 1768 est
815 1693 1009 1768 Ecclesiam
1061 1703 1129 1772 mia
1147 1700 1738 1795 adurbemliatisptsnamprimum
1750 1704 1909 1777 adduxit.
1946 1700 2050 1772 Mor-

132 1820 150 1867 e
178 1821 308 1868 munus
332 1800 483 1868 docendi
508 1800 661 1870 adimere
684 1801 770 1870 falsa
793 1800 1010 1880 defendenti,
1060 1820 1141 1875 tuus
1162 1817 1214 1874 est
1234 1817 1350 1873 autem
1366 1803 1571 1875 Ludovicus
1592 1829 1687 1874 anno
1709 1806 1870 1895 proximo
1888 1801 2049 1896 postCa·

151 1901 276 1970 ordine
297 1901 496 1971 laciendum
521 1917 573 1972 est
596 1926 697 1973 causa
723 1903 875 1993 cognita.
939 1903 1009 1974 Sed
1060 1909 1128 1978 roli
1159 1907 1368 1976 electionem
1393 1908 1520 1999 quinto
1545 1906 1629 1977 Idus
1653 1903 1823 1978 Octobris
1849 1932 1944 1977 anno
1967 1906 2050 1975 mil-

131 2001 242 2072 sicum
266 2005 417 2095 optarim
443 2005 550 2074 suisse
574 2018 779 2075 contentum
798 2005 938 2074 iudiciis
955 2028 1011 2073 sa·
1060 2012 1183 2079 lesimo
1211 2008 1453 2111 treqntesimo
1478 2010 1746 2102 quadragesimo
1766 2011 1935 2102 septimo,
1969 2033 2048 2079 cum

131 2128 182 2177 um
197 2106 240 2172 de
255 2106 315 2187 iis,
341 2132 431 2198 quae
444 2121 544 2176 antea
559 2121 685 2196 egerat,
712 2108 917 2198 praesertim
931 2129 1010 2174 cum
1060 2135 1172 2183 annos
1193 2123 1262 2180 tres
1287 2125 1321 2180 et
1342 2110 1486 2200 triginta
1508 2112 1603 2181 inter
1628 2134 1771 2201 magnas
1788 2111 2050 2181 adversationes

131 2230 156 2274 n
180 2205 388 2276 Pontificem
414 2232 488 2277 non
509 2209 717 2278 defensurus
737 2222 836 2282 esset.
899 2205 1012 2277 Miser
1061 2214 1110 2285 ita
1127 2213 1295 2285 tenuisset
1314 2213 1523 2303 imperium,
1549 2226 1589 2282 ut
1608 2238 1646 2282 m
1664 2215 1909 2284 rrrrrsdrctrone
1928 2215 2052 2295 iustus,

132 2306 267 2378 icolaus
293 2325 412 2401 postea
435 2325 555 2403 captus
578 2302 616 2379 in
634 2308 790 2379 Galliam
806 2309 933 2380 missus
949 2322 1025 2397 est„
1061 2330 1096 2387 et
1126 2339 1272 2387 suorum
1294 2315 1458 2383 defensor
1481 2339 1556 2384 non
1578 2316 1695 2387 lentus
1719 2329 1816 2387 esset.
1881 2310 1932 2384 Et
1954 2314 2060 2406 quod,

131 2434 152 2479 n
184 2435 321 2480 carcere
345 2428 506 2483 mortuus
527 2428 585 2485 est.
654 2413 723 2484 Sed
749 2411 860 2483 enimi
882 2411 1011 2481 irritati
1060 2419 1190 2488 mirum
1216 2416 1318 2488 estin
1337 2417 1414 2486 viro
1432 2417 1679 2507 magnamino,
1705 2441 1785 2486 cum
1802 2416 1909 2486 tantis
1925 2431 2052 2486 contu·

131 2512 247 2613 meliip
280 2515 469 2583 difficulter
500 2516 637 2585 frenare
662 2515 750 2584 iram
775 2529 809 2585 el
833 2513 1012 2583 vinditiae
1061 2520 1175 2590 meliis
1198 2519 1419 2608 irritaretur,
1443 2519 1578 2588 nemini
1602 2526 1720 2587 tamen
1738 2542 1898 2611 unquam
1917 2516 2052 2587 bellum

131 2614 250 2684 itatem
280 2630 446 2705 possunt,
489 2617 691 2708 praesertim
723 2619 837 2687 donec
867 2618 1031 2687 fortuna·
1061 2623 1200 2706 intulit,
1235 2622 1294 2689 sed
1323 2644 1461 2712 semper
1484 2634 1621 2690 tantum
1646 2621 1837 2690 inserentes
1861 2619 1968 2688 armis
1991 2620 2054 2689 de·

131 2717 350 2806 idulgentior.
416 2717 487 2787 Nec
509 2733 589 2811 post
609 2719 762 2790 reditum
785 2743 826 2788 ex
846 2718 948 2788 Italia
973 2719 1012 2786 in
1063 2725 1172 2816 pulit,
1199 2747 1268 2817 qaia
1291 2747 1332 2791 ex
1353 2746 1390 2793 re
1413 2725 1559 2813 adparet
1579 2748 1660 2791 eum
1677 2723 1803 2802 luisse,
1828 2735 1869 2791 ut
1884 2722 1928 2790 de
1942 2720 2053 2790 Lace·

131 2819 252 2888 aniam
277 2844 332 2889 res
353 2824 522 2890 memoria
539 2824 663 2911 dignas
679 2822 883 2892 Ludovicus
897 2820 1012 2912 gessit,
1062 2827 1258 2897 daemoniis
1268 2819 1497 2920 Thucydides
1509 2824 1641 2918 inquit:
1664 2816 1872 2919 φιλήσυχον
1882 2817 1945 2895 καὶ
1958 2818 2051 2916 δρα

131 2944 162 2992 re
175 2919 380 3007 Pontifices,
402 2925 464 3017 qui
479 2925 624 2995 fuerunt
638 2939 718 3016 post
733 2919 931 2993 Iohannem
948 2920 1013 2991 Vi·
1062 2922 1213 3024 στήριον
1223 2980 1234 3014 ,
1261 2952 1351 3021 quae
1368 2927 1481 2998 virtus
1500 2928 1537 2996 in
1554 2925 1723 3019 Principe
1738 2941 1869 3020 quanta
1886 2926 1952 3010 sit,
1979 2946 2053 2994 non

130 3048 191 3094 um
215 3029 408 3095 secundum
429 3040 652 3098 tonalusesl·
704 3025 775 3097 Sed
792 3023 1012 3096 Clemenlem
1062 3035 1253 3102 obscurum
1277 3043 1341 3103 est.
1392 3026 1489 3100 llaec
1504 3030 1660 3099 breviter
1676 3031 1720 3098 de
1737 3027 1922 3099 Ludovico
1938 3025 2056 3122 Impe-

131 3130 152 3197 [l
178 3151 252 3201 non
282 3129 543 3199 clementiorem
568 3124 729 3198 Iohanne
749 3127 927 3197 Vicesimo
957 3150 1013 3196 se·
1062 3149 1177 3205 ratore
1199 3132 1290 3214 dixi,
1317 3157 1396 3201 cum
1422 3131 1564 3223 quidem
1589 3132 1743 3200 libenter
1767 3147 1800 3201 et
1822 3131 1925 3222 plura
1940 3124 2054 3197 histo-

131 3255 161 3315 s,
185 3254 292 3323 quare
309 3245 341 3301 et
356 3234 523 3302 adversus
538 3227 634 3305 hunc
652 3231 763 3299 edicta
779 3230 902 3298 edidit.
938 3258 941 3263 ·
1063 3238 1135 3306 rica
1159 3249 1190 3304 et
1216 3233 1473 3323 disputationes
1497 3233 1676 3322 longiores
1701 3234 1887 3315 adderem,
1913 3231 1941 3298 si
1966 3243 2055 3299 tem-

131 3380 444 3460 lnfeliciter,etiam
463 3385 639 3475 implicuit
656 3408 692 3455 se
711 3384 908 3453 discordiae
923 3386 1012 3453 duo·
1062 3361 1128 3431 ¹³⁰⁵
1147 3349 1336 3429 paeleum

131 3510 250 3578 regum
275 3483 433 3580 Philippi
457 3487 588 3557 Valesii
618 3502 651 3559 et
674 3483 837 3557 Eduacdi
859 3481 1014 3575 Anglici,
1164 3484 1236 3579 Sed
1263 3484 1454 3555 utilitatem
1484 3477 1593 3553 huius
1623 3477 1793 3552 historiae
1823 3482 2054 3551 considerate.

133 3612 193 3659 um
220 3603 334 3659 essent
356 3590 577 3674 astutissimi,
610 3591 715 3660 ambo
738 3613 818 3659 eum
842 3587 1013 3659 ludificati
1063 3588 1211 3672 Monet,
1235 3602 1276 3658 ut
1298 3587 1492 3675 cogitemus
1515 3585 1553 3653 in
1576 3584 1683 3655 tantis
1705 3582 1856 3654 miseriis
1878 3578 2056 3653 humanae

159 3690 229 3765 Sed
247 3694 388 3786 utrique
404 3694 530 3763 accidit
545 3693 728 3786 aliquanto
743 3700 822 3784 p‘ost
834 3685 903 3761 hoc
916 3692 1010 3783 quod
1064 3694 1175 3777 vitae,
1200 3683 1269 3760 hoc
1291 3713 1432 3782 quoque
1455 3711 1556 3779 saepe
1578 3686 1755 3769 accidere,
1780 3697 1820 3755 ut
1837 3685 2057 3755 tristissimae

131 3816 171 3863 o:
201 3791 336 3918 poposci
363 3788 514 3888 ἀλώπηξ
543 3788 652 3894 μόγις
680 3789 884 3878 ἁλίσκεται,
920 3788 1013 3864 ἀλλὰ
1064 3794 1263 3867 discordiae
1286 3794 1330 3860 ab
1354 3790 1548 3860 ambitione
1571 3800 1605 3858 et
1626 3787 1705 3858 aliis
1729 3789 1909 3857 littoribus
1932 3786 2057 3858 Ponti-

149 3891 346 3968 ἅλισκεται.
402 3896 563 3968 Valesius
585 3898 689 3967 etiam
714 3923 755 3968 eo
779 3898 929 3967 multum
948 3919 1012 3964 no·
1063 3901 1168 3968 ficum
1194 3908 1229 3965 et
1254 3889 1572 3989 sycophantarum,
1599 3891 1661 3984 qui
1680 3889 1821 3957 venales
1835 3890 1974 3978 linguas
1991 3885 2057 3958 ha-

131 3995 311 4083 'audovico‚
337 4002 432 4094 qaaod
449 4002 550 4084 abeo
568 3997 764 4070 Iohannem
780 3995 1013 4088 regemBoie·
1063 4003 1169 4082 bent,
1211 3998 1332 4092 quales
1373 4019 1468 4066 nunc
1506 4007 1590 4064 saint
1627 3986 1843 4084 Staphylus,
1882 3988 2058 4075 Canisius,

132 4090 312 4183 abstraxit,
337 4105 633 4195 quisueratantea
650 4093 889 4196 παραστάτης
903 4101 1013 4192 ipsius
1063 4100 1291 4175 Cressanicus
1322 4113 1357 4170 et
1379 4097 1530 4180 similes,
1562 4094 1743 4171 oriantur,
1774 4092 1813 4159 in
1836 4092 1967 4185 quibus
1989 4086 2058 4161 hoc

131 4205 260 4274 onibus
288 4206 404 4279 bellis.
461 4203 643 4276 Disiunxit
671 4228 708 4274 se
732 4230 751 4273 a
774 4202 957 4274 Ludovico
982 4215 1014 4272 et
1065 4202 1253 4277 consilium
1285 4200 1521 4272 rectissimum
1545 4211 1579 4266 et
1604 4193 1820 4266 tutissimum
1845 4208 1916 4277 est,
1948 4217 2057 4286 quae·

131 4303 252 4378 irensis
275 4304 438 4393 Elector,
468 4309 530 4399 qui
551 4321 654 4376 antea
678 4307 774 4376 velut
795 4319 916 4397 pectus
939 4305 1015 4375 eius
1065 4331 1142 4379 rere
1157 4303 1339 4374 veritatem
1354 4300 1585 4380 insontibus,
1606 4295 1770 4366 videlicet
1788 4294 1986 4387 inscriptis
2001 4296 2058 4364 di-

131 4421 156 4494 t,
180 4423 214 4480 et
227 4412 388 4479 omnium
404 4410 634 4480 consiliorum
649 4411 877 4497 gubernator.
916 4405 1013 4478 Idem
1064 4409 1199 4480 vinitus
1212 4405 1371 4490 traditis,
1395 4399 1487 4473 hane
1504 4411 1708 4472 constanter
1721 4397 1896 4489 amplecti,
1922 4411 1956 4468 et
1970 4421 2057 4468 con-

131 4535 155 4582 e
176 4512 341 4582 incitator
357 4527 391 4583 et
409 4514 552 4583 adiutor
568 4528 617 4581 est
633 4510 761 4582 Carolo
778 4508 959 4581 Boiemico
976 4511 1015 4579 in
1065 4511 1146 4584 silia
1182 4523 1216 4580 et
1246 4509 1401 4579 actiones
1433 4505 1585 4594 dirigere
1616 4504 1661 4571 ad
1690 4523 1853 4570 normam
1884 4500 2058 4570 divinitus
2160 4562 2165 4571 .

131 4638 197 4684 one
219 4616 369 4706 imperii.
422 4615 527 4684 Tales
545 4615 739 4684 amicorum
756 4611 1016 4683 inconstantiae
1066 4625 1317 4692 monstratam,
1341 4633 1406 4678 nec
1426 4608 1478 4677 ira
1501 4621 1535 4676 et
1553 4604 1746 4695 cupiditate
1762 4602 1940 4672 vindictae
1955 4603 2000 4669 ab
2018 4625 2057 4669 ea

131 4740 150 4787 n
173 4720 381 4809 quotidiana
405 4718 476 4786 vita
493 4718 642 4788 usitatae
659 4730 761 4801 sont,
786 4731 826 4787 ut
839 4714 941 4785 Plato
959 4715 1016 4783 in·
1066 4738 1194 4788 norma
1215 4707 1391 4797 abstrahi,
1417 4734 1481 4779 nec
1506 4706 1709 4779 curiositate
1733 4726 1878 4772 movere
1899 4726 1973 4770 non
1993 4725 2059 4770 ne-

147 4813 247 4908 ζῶαν
263 4813 673 4916 φύσειεύμετάβολααὸ
689 4814 807 4915 φίλος.
852 4813 899 4888 Et
913 4819 1017 4908 poe‘ta
1068 4816 1236 4900 cessaria,
1261 4815 1508 4885 simulantem
1535 4807 1792 4897 aDeopetere
1820 4817 1851 4872 et
1877 4818 2057 4921 expectare

156 4902 293 4993 Omnia
318 4936 521 5008 vertuntur,
547 4937 641 4993 certe
663 4935 1017 4992 vertunturamores:
1068 4920 1241 4992 auxilium
1279 4918 1377 4988 iuxta
1411 4916 1560 4985 dictum:
1603 4906 1821 5025 Commendo
1853 4902 1931 4973 Deo
1964 4928 2056 5022 viam

131 5049 146 5095 n
170 5024 209 5094 in
235 5025 516 5096 dissensionibus
541 5026 707 5096 civilibus
729 5024 842 5094 multo
860 5023 1018 5092 crebrio-
1068 5039 1166 5096 tuam
1190 5030 1225 5092 'et
1247 5043 1348 5111 spera
1371 5019 1411 5087 in
1432 5040 1532 5099 eum,
1558 5026 1591 5081 et
1614 5012 1687 5102 ipse
1712 5007 1827 5079 iactet.
1878 5002 1934 5122 Ilo
1952 5008 2056 5075 dham

143 5128 319 5198 saeviores
334 5141 419 5198 sunt
432 5129 656 5199 voluntatum
671 5125 898 5217 mutationes.
935 5123 1018 5196 Non
1070 5123 1238 5198 historiae
1262 5118 1370 5192 huius
1391 5114 1628 5189 consideratio
1652 5112 1814 5229 prodest,
1840 5131 1923 5199 quta
1940 5120 2060 5226 osten-

131 5232 393 5302 mdeseruntur
407 5230 527 5315 amici,
547 5231 606 5300 sed
624 5229 729 5299 etiam
745 5253 785 5298 ex
800 5228 906 5300 conio
970 5228 1019 5296 's-
1069 5229 1124 5300 dit
1153 5225 1343 5298 discrimen
1370 5217 1561 5291 ministerii
1590 5213 1784 5304 evangeleca
1815 5223 1849 5328 et
1879 5220 2061 5298 potestates

153 5333 247 5405 fiunt
274 5332 511 5405 crudelissimi
543 5326 672 5404 hostes.
738 5329 859 5427 Quare
1003 5353 1020 5400 s
1070 5329 1252 5424 politicae,
1278 5326 1373 5418 quod
1395 5321 1620 5393 notissimum
1636 5340 1710 5387 esse
1727 5312 1894 5384 omnihus
1912 5324 2063 5401 oportet,

131 5435 248 5510 oribus
278 5437 480 5530 saepissime
503 5456 570 5506 not
591 5420 952 5522 commonefaciamus
975 5435 1020 5505 de
1070 5449 1105 5508 et
1121 5426 1222 5527 siepc
1235 5428 1463 5599 cogitan1d9um
1476 5437 1538 5494 est.
