4680 6038
151 242 228 317 tta
395 229 606 312 SCRIPTA
632 230 711 311 PH.
736 227 853 308 MEL
876 224 946 302 AD
970 223 1100 303 mst'.
1125 218 1271 306 PROF.
1295 222 1365 303 ET
1388 223 1580 306 PHILOS.
1603 224 1932 307 selectarum.
2096 231 2167 308 'tau

149 413 370 488 confirmatio
387 424 437 481 est
451 409 610 502 piorum:
637 426 716 475 com
730 401 908 488 ridemus,
932 394 1134 473 honcsois-
1184 398 1333 472 dubium
1358 413 1430 482 est,
1455 397 1580 472 ltaliae
1601 412 1681 493 post
1703 400 1826 495 longas
1849 401 2173 478 vastationessalu-

150 542 187 591 sc
217 510 503 586 monarchiarum
531 508 694 579 ordinem
725 516 760 577 et
788 503 1063 588 successionem,
1094 513 1136 572 ut
1184 520 1297 578 tarem
1326 526 1446 595 pacem
1480 516 1517 577 et
1544 519 1753 576 ornamenta
1776 505 1898 576 civilia
1917 506 2090 577 restituta
2111 529 2176 579 esse

149 617 384 715 praedicitur,
409 637 482 685 non
496 611 717 693 dubitemus,
741 620 974 702 aequaturum
990 603 1137 676 esseio-
1185 602 1306 678 Caroli
1333 617 1368 674 ct
1397 604 1573 676 Lodovici
1601 606 1751 689 virtute,
1783 621 1819 680 et
1839 609 1888 679 ab
1915 602 1982 680 his
2006 608 2177 680 defensam

151 720 296 793 dicium.
348 716 409 790 Sic
424 728 540 788 autem
555 724 788 785 numerantur
801 702 1043 782 monarchiae,
1187 731 1260 780 esse
1287 703 1443 778 Galliam
1474 721 1509 781 et
1536 706 1786 790 Germaniam,
1818 710 1989 803 depulsis
2020 706 2178 783 aGall'n

255 825 291 893 t.
328 818 449 892 Prima
472 831 523 888 est
549 811 829 892 Chaldaeorum,
853 833 924 906 qua
948 823 983 882 et
997 805 1136 904 Assyrii
1188 807 1390 894 Saracenis,
1423 823 1458 882 et
1480 833 1502 881 a
1522 807 1716 882 Germania
1740 809 1915 904 Ungaria,
1945 824 2097 884 ornatas
2113 834 2177 885 este

151 923 262 997 vicini
280 916 642 1014 comprehenduntur.
683 915 774 986 Nam
791 913 877 984 alias
895 912 1013 984 atatim
1031 911 1137 981 initio
1188 910 1380 996 Ecclesias,
1407 924 1443 983 et
1457 913 1603 983 excitata
1621 913 1865 986 doctrinarum
1880 915 2030 1007 studia,
2057 915 2176 985 eumin

151 1024 367 1123 potentiores
391 1026 535 1094 suerunt
557 1042 655 1110 reges
678 1018 717 1087 in
734 1016 941 1111 Babylone,
966 1014 1052 1085 alias
1082 1013 1138 1082 vi·
1189 1010 1350 1109 Aegypto
1369 1027 1403 1083 et
1430 1014 1469 1083 in
1482 1010 1636 1106 Aphrica
1661 1015 1803 1106 penitus
1823 1016 1968 1089 deletae
1986 1032 2105 1090 essent
2117 1014 2175 1089 Er·

153 1127 224 1202 cini
247 1149 344 1216 reges
371 1127 409 1195 in
426 1124 566 1198 Ninive.
619 1120 692 1191 Nec
715 1120 865 1191 dubium
887 1130 957 1203 est,
981 1112 1138 1212 Babylo-

153 1253 235 1302 nem
254 1242 287 1300 et
304 1227 457 1299 Niniven
473 1227 631 1295 diversas
646 1224 753 1294 urbes
775 1243 861 1293 esse.
893 1278 900 1291 .

255 1333 291 1402 Ξ.
332 1328 492 1401 Secunda
519 1327 651 1396 dicitur
674 1316 937 1396 Persarum.

256 1432 292 1503 3.
339 1430 463 1502 Tertia
491 1426 686 1499 Alexandri
719 1439 752 1496 et
786 1424 1028 1516 proximorum
1061 1443 1140 1492 suc-

154 1557 343 1609 cestorum.

257 1634 293 1712 4.
341 1634 477 1725 Quarta
513 1629 779 1716 Romanorum,
821 1652 927 1724 quam
968 1625 1141 1716 significat

155 1738 284 1813 Daniel
308 1739 450 1808 tandem
474 1734 734 1805 dilacerandam
758 1754 848 1817 esse,
873 1743 908 1801 et
928 1731 1034 1822 pedes
1058 1752 1142 1819 par·

156 1843 221 1913 tim
235 1844 385 1924 ferreos,
410 1837 537 1930 partim
562 1837 675 1907 luteos
689 1835 777 1906 sore.
829 1829 908 1904 Etsi
924 1832 986 1901 alii
1007 1832 1142 1900 ferreos

156 1946 264 2039 pedes
282 1939 486 2030 intelligunt
500 1960 648 2029 regnum
666 1935 881 2021 Turcicum,
913 1946 1068 2006 caeteros
1084 1933 1142 2002 ln-

158 2059 233 2117 teos
259 2044 381 2134 pedes:
415 2057 532 2113 tamen
562 2060 626 2129 ego
652 2038 833 2119 existimo,
867 2036 1061 2107 Turcicum
1084 2057 1142 2104 re·

155 2170 285 2237 gnum,
317 2145 414 2239 quod
435 2142 635 2213 manifestas
658 2135 895 2232 blasphemias
918 2153 1042 2209 contra
1060 2159 1143 2206 ver·

156 2251 242 2320 bum
272 2240 366 2315 Dei
394 2245 598 2337 profitetur,
632 2255 668 2314 et
689 2266 730 2313 ex
753 2242 912 2336 professo
932 2240 1050 2312 delere
1075 2263 1142 2310 no·

156 2374 240 2423 men
264 2336 449 2419 Christi
470 2358 636 2431 conatur,
660 2368 734 2415 non
748 2343 976 2416 annumerari
996 2364 1143 2413 monar-

156 2448 262 2531 chiis,
288 2473 375 2545 quas
395 2446 491 2521 Deus
512 2449 629 2540 legum
652 2460 687 2518 et
708 2446 917 2538 disciplinae
934 2467 1039 2516 causa
1055 2466 1143 2514 con-

157 2553 285 2627 stituit.
336 2550 406 2623 Sed
423 2552 554 2620 terreos
568 2550 676 2640 pedes
690 2549 850 2636 intelligo
865 2547 1002 2639 aliquot
1017 2560 1144 2636 poten·

159 2668 210 2725 tes
243 2656 472 2746 imperatores
503 2647 754 2731 Germanicos,
794 2662 836 2719 ut
863 2645 1032 2719 Carolum
1067 2646 1143 2737 pri·

1189 1118 1333 1196 clasiae,
1361 1129 1396 1186 et
1410 1116 1447 1184 in
1460 1113 1581 1186 Asiam
1599 1117 1707 1188 infusi
1722 1132 1839 1190 essent
1854 1117 2035 1191 Saraceni
2051 1116 2174 1191 ct'lrn·

1190 1219 1242 1301 ci,
1268 1218 1330 1311 qui
1355 1218 1406 1288 ibi
1434 1243 1575 1312 quoque
1598 1219 1765 1292 delebant
1788 1216 1975 1292 Ecclesias
2001 1235 2040 1294 et
2062 1222 2175 1292 literas.

1190 1319 1240 1393 Ut
1263 1320 1371 1409 igitur
1393 1319 1431 1388 in
1446 1317 1591 1413 Europa
1612 1321 1785 1416 reliquiae
1799 1317 1990 1394 Ecclesiae
2004 1336 2043 1395 et
2057 1324 2175 1394 doctri·

1191 1446 1317 1492 narum
1341 1437 1586 1508 servarentur,
1611 1447 1734 1494 rursus
1758 1424 1809 1495 ibi
1830 1424 2016 1498 divinitus
2041 1419 2174 1517 pulchra

1191 1523 1395 1597 coniunctio
1415 1525 1505 1596 sacta
1529 1537 1600 1604 est,
1632 1523 1777 1612 Italiae,
1805 1522 1955 1597 Galliae
1978 1540 2014 1601 et
2037 1524 2174 1599 Gerus

1192 1627 1291 1713 niae,
1317 1650 1406 1720 quae
1425 1628 1471 1695 ab
1486 1649 1560 1698 uno
1575 1614 1750 1697 Garoto
1765 1629 2008 1716 tenebantur,
2033 1630 2095 1725 qui
2108 1643 2174 1701 tar·

1191 1753 1298 1824 quam
1329 1723 1521 1799 monarcha
1549 1742 1625 1800 erat
1654 1725 1841 1820 Europae,
1873 1744 1914 1802 et
1937 1746 2061 1804 custos
2083 1732 2174 1824 pacis,

1191 1831 1394 1922 religionis,
1427 1831 1543 1920 legum
1572 1844 1607 1902 et
1626 1831 1850 1923 disciplinae.
1912 1831 2046 1905 Postea
2066 1834 2173 1904 Italiae

1192 1948 1226 2005 et
1237 1931 1449 2004 Germaniae
1463 1932 1751 2005 coniunctionem
1767 1935 2005 2008 retinuerunt
2015 1931 2169 2017 Othones,

1191 2034 1368 2106 Henricus
1400 2032 1674 2125 Bomhergensis
1707 2048 1742 2107 ct
1770 2034 1970 2109 cunradus
1998 2036 2171 2130 Spirensis.

1191 2138 1276 2211 Post
1298 2134 1394 2209 hunc
1415 2161 1496 2211 cum
1523 2139 1594 2208 iarn
1608 2127 1861 2210 Romanorum
1879 2136 2097 2212 Pontificum
2118 2164 2173 2232 po-

1191 2241 1302 2313 tentia
1324 2239 1507 2320 crevisset,
1530 2240 1645 2310 suriae
1663 2239 1870 2332 pontificiae
1892 2245 2127 2314 accenderunt
2140 2242 2173 2311 in

1192 2338 1385 2413 Germania
1409 2342 1502 2412 bella
1528 2341 1664 2428 civilia,
1690 2343 1824 2438 quibus
1847 2346 2010 2435 potentia
2034 2341 2173 2415 Germa·

1192 2444 1264 2514 nici
1287 2444 1426 2534 imperii
1445 2444 1631 2535 praecipue
1647 2445 1871 2534 langueiacta
1885 2458 1950 2519 est.
1985 2445 2069 2519 Non
2084 2447 2171 2517 enim

1193 2546 1318 2638 procul
1339 2548 1437 2617 abest
1459 2547 1534 2617 dies
1556 2541 1750 2638 triumphi,
1783 2547 1826 2617 in
1850 2572 1923 2644 qno
1944 2571 1981 2619 se
1999 2548 2093 2618 tilius
2104 2544 2168 2618 Dei

1192 2649 1309 2739 palam
1343 2649 1504 2721 ostendet
1543 2650 1663 2738 generi
1698 2644 1884 2737 humano,
1905 2656 1957 2733 let
1981 2644 2171 2721 Ecclesiam

157 2780 275 2839 mum,
305 2752 530 2825 Lndovicum
561 2750 695 2836 hlium,
732 2747 929 2822 Henricum
955 2748 1142 2832 Saxonem,
1192 2764 1334 2821 aeterna
1349 2750 1461 2840 gloria
1482 2751 1641 2836 ornabit,
1666 2764 1702 2823 et
1717 2775 1844 2821 omnes
1858 2751 1996 2843 impios
2015 2751 2054 2821 in
2072 2763 2167 2823 aeter·

158 2880 263 2950 quern
284 2855 410 2927 usitate
425 2849 610 2945 Aucupem
636 2851 836 2926 nominant.
886 2848 1031 2921 Veteres
1049 2844 1143 2919 Ger·
1193 2874 1256 2921 nas
1273 2875 1403 2943 poenas
1418 2852 1570 2922 abiiciet.
1623 2851 1760 2926 Interea
1776 2866 1923 2941 tamen,
1947 2866 1992 2927 ut
2009 2852 2164 2924 minusait

157 2959 317 3029 manicae
349 2952 518 3029 historiae
546 2954 735 3025 nominant
766 2978 848 3025 eum
872 2949 1072 3035 Humilem,
1103 2964 1143 3023 ut
1192 2953 1455 3034 confusionum,
1477 2956 1674 3045 optandum
1690 2969 1761 3042 est,
1786 2952 2030 3050 utPrincipes
2042 2951 2161 3025 inGer·

158 3061 208 3132 sic
232 3060 360 3130 dicam.
421 3055 559 3127 Deinde
586 3050 786 3143 Otthones,
814 3053 1010 3124 Henricum
1031 3055 1143 3124 Born-
1192 3056 1311 3125 mania
1329 3052 1397 3126 hoc
1415 3057 1521 3126 decus
1533 3056 1707 3147 sapientia
1720 3057 1904 3130 etrirtute
1919 3071 2094 3142 tueantur,
2111 3078 2162 3124 net

157 3162 373 3253 bergensem.
433 3157 558 3231 Postea
583 3158 727 3229 fuerunt
753 3158 856 3229 multi
882 3156 1144 3240 imbecilliores,
1193 3157 1339 3247 privatis
1377 3158 1564 3230 discordiis
1600 3156 1831 3230 Germaniam
1871 3159 1946 3251 ipsi
1987 3161 2163 3233 dilacerent.

158 3288 248 3358 quos
267 3261 466 3352 significant
491 3261 580 3334 lutei
609 3262 726 3352 pedes.
776 3259 848 3331 Sed
869 3258 971 3328 misti
998 3259 1143 3328 inerunt
1192 3257 1294 3329 Hanc
1315 3284 1434 3329 curam
1459 3260 1686 3352 praecipuam
1701 3284 1776 3331 esse
1792 3264 1992 3353 oportebat
2008 3262 2121 3334 sumni
2134 3261 2164 3326 in

159 3378 193 3436 et
215 3366 320 3435 sortes
343 3362 544 3456 Principes,
577 3363 640 3455 qui
664 3385 718 3431 res
742 3362 846 3437 utiles
869 3373 1069 3449 gesserunt,
1101 3373 1144 3430 ut
1193 3362 1296 3432 terris
1318 3359 1488 3442 Senatus,
1525 3363 1689 3434 videlicet
1717 3362 1860 3453 collegii
1895 3360 2165 3443 Electoram,

156 3462 348 3538 Lotharius
366 3465 469 3538 Saxo.
513 3462 604 3534 Nam
621 3462 813 3534 'l'urcicum
833 3463 1022 3554 imperium
1039 3485 1142 3551 pror·
1191 3476 1231 3532 ut
1246 3459 1392 3552 Europa
1414 3477 1450 3533 et
1465 3477 1571 3555 caput
1593 3476 1628 3535 et
1643 3465 1736 3534 vires
1752 3459 1901 3536 haberet
1918 3482 2048 3539 contra
2060 3464 2163 3534 'l'urti-

160 3591 219 3636 sus
242 3592 260 3637 a
284 3562 499 3636 monarchiis
521 3564 687 3654 seiungo‚
714 3588 799 3657 quas
821 3559 945 3632 Deos
967 3563 1086 3652 legum
1108 3575 1143 3632 et
1192 3588 1267 3633 cam
1290 3564 1510 3648 barbariem,
1543 3580 1577 3636 et
1604 3581 1797 3660 tyrannos,
1828 3568 1896 3661 qui
1926 3570 2064 3640 iniusta
2088 3566 2160 3634 bella

158 3667 694 3761 disciplinaecausaconstituit.
1191 3679 1354 3746 movent,
1391 3667 1589 3756 perniciosa
1620 3668 1687 3737 toti
1717 3662 1899 3759 Europae.
1965 3669 2041 3742 Nos
2065 3682 2158 3737 antem

259 3768 353 3841 Sunt
367 3768 474 3858 igitur
488 3766 680 3860 peculiares
701 3765 954 3857 descriptiones
969 3763 1141 3835 Turcicae
1192 3764 1309 3836 Deum
1325 3768 1533 3838 ardentibus
1549 3769 1642 3838 votis
1658 3783 1693 3841 et
1707 3770 1899 3859 gemitibus
1911 3795 2109 3864 precemur,
2129 3780 2162 3835 ut

158 3870 368 3967 tyrannidis.
426 3868 475 3943 Ut
508 3870 602 3961 apud
627 3862 850 3939 Ezechielem
880 3862 1067 3959 prophetia
1097 3868 1141 3936 de
1191 3868 1229 3937 in
1247 3864 1313 3938 hac
1335 3870 1541 3940 turbulenta
1556 3885 1694 3941 senecta
1718 3872 1845 3941 mundi
1873 3887 1909 3943 et
1932 3875 2054 3946 ruinis
2072 3874 2164 3961 impe-

157 3969 239 4065 Gog
262 3987 296 4044 et
318 3970 449 4063 Magog
473 3971 616 4063 proprie
647 3973 692 4041 ad
715 3967 851 4040 Turcas
872 3971 1035 4060 pertinet.
1090 3965 1141 4040 Et
1190 3970 1326 4040 riorum
1342 3987 1455 4042 servet
1469 3972 1590 4066 aliqua
1605 3968 1784 4043 Ecclesiae
1798 3968 1981 4067 hospitia,
2007 3974 2164 4047 attribuat

157 4101 268 4148 cornu
291 4076 441 4168 loquens
462 4069 719 4166 blasphemias,
751 4085 785 4143 et
808 4084 994 4142 conterens
1014 4067 1141 4141 Eccle-
1190 4072 1241 4142 eis
1256 4072 1446 4147 salutarem
1462 4075 1768 4163 gubernationem.

155 4179 245 4249 siam
269 4178 363 4269 apud
385 4174 590 4260 Danielem,
615 4175 660 4245 de
683 4186 757 4248 toto
775 4168 1014 4245 Mahometico
1030 4194 1140 4262 regno
1200 4180 1206 4193 '

157 4279 402 4350 concionatur.
454 4275 652 4367 Singularis
667 4277 769 4348 furor
787 4289 840 4346 est
855 4288 989 4346 ortusa
1014 4274 1141 4344 diabo-

156 4379 202 4449 lis
218 4379 257 4447 in
273 4375 339 4448 hac
355 4377 479 4449 ultima
495 4391 634 4448 senecta
658 4377 800 4464 mundi,
825 4373 901 4447 Deo
917 4375 1140 4467 permittente
1291 4374 1397 4448 Mille
1411 4377 1562 4448 sexcenti
1575 4376 1834 4472 quinquaginta
1849 4400 1909 4449 sex
1925 4383 1974 4451 ad
1992 4380 2163 4451 dilnsion.

156 4493 304 4576 propter
345 4474 532 4549 horribilia
577 4472 764 4549 hominnm
807 4490 947 4570 peccata
956 4529 968 4563 ‚
1015 4492 1139 4571 tyran·
1288 4474 1443 4550 Ducenti
1464 4481 1657 4571 nonaginta
1676 4480 1748 4549 dno
1767 4481 1810 4549 ad
1835 4476 2028 4553 Abraham
2052 4497 2163 4554 natum

156 4573 508 4672 nisMohometico,
541 4579 723 4650 dissimilis
743 4580 904 4651 omnium
928 4602 1138 4663 regnorum:
1290 4577 1552 4672 Quadringenti
1593 4581 1720 4673 viginti
1753 4579 1914 4676 quinque
1956 4586 2005 4657 ad
2043 4585 2163 4658 llloisen

155 4686 239 4778 quia
261 4709 302 4755 ex
318 4684 474 4776 prosesso
491 4693 641 4753 conatur
652 4681 770 4752 delere
784 4704 917 4753 nomen
939 4670 1139 4757 Christi,
1187 4692 1321 4753 natum.

152 4784 227 4857 Nec
242 4799 346 4858 ornat
359 4807 469 4876 genus
484 4780 682 4855 humanum
697 4782 834 4873 legibus
855 4795 917 4856 aut
931 4782 1137 4874 disciplina:
1289 4779 1506 4876 Octuaginta
1529 4783 1574 4855 ad
1598 4781 1733 4852 exitum
1756 4807 1796 4854 ex
1817 4779 2002 4881 Aegypto.

153 4885 224 4960 Sed
240 4901 352 4960 vastat
366 4889 489 4958 orbem
503 4899 698 4966 terrarum,
724 4899 763 4956 ut
778 4898 812 4955 ct
833 4908 965 4957 nomen
983 4880 1136 4956 Turro
1288 4882 1553 4982 Quadringenti
1577 4884 1778 4974 octuaginta
1805 4886 1850 4958 ad
1874 4889 2061 4984 templum
2081 4888 2167 4965 Sale

154 4990 386 5061 vastationem
403 5013 462 5061 sen
479 4997 688 5059 vastatorem
702 4985 889 5076 significat.
1185 4985 1314 5058 monis.

254 5090 310 5163 Sit
341 5106 458 5164 autem
490 5103 587 5181 grata
616 5086 723 5159 nobis
753 5088 1005 5173 consideratio,
1038 5091 1136 5184 quod
1286 5086 1440 5160 Centum
1472 5086 1620 5180 triginta
1651 5102 1747 5160 octo:
1782 5091 1826 5161 ad
1857 5112 1979 5183 regem

151 5190 248 5263 Deus
262 5207 297 5265 et
311 5189 561 5264 Germanicam
586 5201 725 5282 gentem
741 5183 809 5260 hoc
832 5185 970 5262 honore
984 5191 1137 5278 ornavit,
1184 5190 1290 5260 finem
1306 5190 1428 5283 stirpis
1438 5186 1654 5267 Salomonis.
2211 5264 2213 5273 ,

151 5309 190 5364 ιιι
205 5295 373 5388 reliquias
389 5293 574 5368 Romanae
588 5286 816 5363 monarchiae
838 5294 1073 5376 eam'tenere,
1100 5307 1135 5366 et
1284 5288 1440 5364 Ducenti
1469 5292 1663 5383 nonaginta
1691 5314 1802 5366 unus:
1840 5295 1887 5366 ad
1922 5296 2169 5391 migrationen
2210 5312 2213 5399 l

151 5397 359 5489 praecipuos
383 5421 456 5468 esse
475 5397 638 5471 custodes
658 5389 826 5489 Europae
846 5395 1010 5472 voluerit.
1059 5392 1134 5468 Nec
1182 5408 1414 5487 spontaneam
1437 5387 1609 5470 laconiae.

1387 4258 1576 4317 Annorum
1597 4259 1723 4319 series
1744 4274 1789 4317 ex
1810 4256 1994 4322 Philone.

2015 5091 2118 5183 loss,
2142 5104 2169 5164 et
2210 5038 2213 5063 ἰ
