4680 6038
149 219 223 302 1⁶⁵
592 204 778 285 nttcn
795 199 883 278 .οΕ
914 193 1110 277 CAPTA
1132 192 1714 327 CQNSTANTINOPOBI.
2101 203 2178 282 16⁶

152 397 192 468 in
216 416 256 464 ea
288 389 442 469 lamilia,
474 381 627 477 praesidi
655 377 879 467 Thessaliae,
912 387 953 446 ot
981 367 1141 444 Athenas
1193 369 1403 466 Byzantium
1416 367 1973 462 aCarthaginensibnsconditam
1982 396 2070 460 ease,
2089 402 2178 477 qnos

152 507 313 588 occupet.
367 489 420 562 lta
449 487 488 556 in
518 481 716 556 Mahometi
745 491 950 573 potestatem
979 471 1142 547 Athenae
1193 474 1296 543 valde
1319 473 1509 543 instructos
1528 473 1653 558 fuisse,
1681 475 1834 547 navibus
1858 491 1893 548 et
1915 478 2042 571 procul
2065 492 2180 553 trena-

153 599 314 670 redactae
323 594 440 675 flunt,
464 588 528 659 ubi
550 600 668 679 postea
688 596 832 677 propter
848 578 980 650 civium
997 577 1141 647 seditio-
1193 577 1327 646 vexisse
1351 598 1500 659 merces,
1532 576 1667 645 multae
1692 573 1861 649 historiae
1880 593 2067 656 testantur.
2128 580 2180 656 Ac

154 723 218 771 nes
240 720 355 768 arcem
372 707 408 765 et
422 713 586 780 magnam
604 702 737 779 partem
754 684 855 754 urbis
871 681 986 752 victor
1001 678 1143 751 delevit.
1193 674 1283 746 mibi
1298 676 1442 770 quidem
1460 677 1603 747 videtur
1619 679 1775 750 nominis
1792 681 1892 771 origo
1909 704 1983 752 esse
1998 706 2043 754 ex
2058 682 2181 775 lingna

154 798 259 876 Nunc
289 810 429 869 tantum
455 786 592 884 ἐρείπια
617 790 752 882 reliqna
776 799 880 869 sunt,
911 805 1009 852 casae
1029 781 1144 874 pisea—
1196 775 1432 863 Phoenicum,
1468 779 1683 849 conveniens
1714 806 1812 887 norq
1831 779 2005 876 Emporia
2033 784 2075 855 in
2103 785 2180 857 loco

156 915 276 974 torum
299 912 334 969 et
358 896 527 967 colluvies
548 892 815 983 peregrinorum
841 881 1049 969 hominurn,
1081 881 1143 975 qui
1196 881 1435 971 voluptatibus
1459 894 1680 972 opportuno,
1705 879 1798 954 Beth
1819 883 1935 966 Zona,
1962 886 2092 974 idest,
2119 890 2181 960 do-

156 1027 197 1075 er
210 998 370 1073 barbaris
383 994 546 1088 gentibus
560 1016 644 1062 casu
660 1016 701 1060 eo
716 988 913 1060 confluunt,
1196 1007 1274 1053 mus
1291 1005 1489 1073 cauponae,
1515 996 1549 1052 et
1566 1005 1759 1071 congruere
1773 986 2050 1080 appellationem
2066 1012 2182 1061 mom

258 1099 328 1171 Hie
351 1113 403 1170 est
427 1095 527 1168 orbis
551 1095 650 1164 bnis.
679 1116 768 1186 quae
793 1103 829 1159 et
850 1087 1007 1178 exempla
1025 1083 1146 1154 -uirtu-
1196 1084 1325 1174 vetusti
1339 1085 1580 1154 ostenderunt.
2048 1166 2054 1177 ν
2122 1170 2128 1181 Ι

157 1221 233 1277 tum
258 1199 393 1294 egregia
414 1193 561 1281 habuit,
586 1208 619 1265 et
643 1192 864 1263 domicilium
883 1189 950 1258 luit
966 1187 1146 1256 doctrina-
1299 1185 1433 1256 Scribit
1449 1186 1546 1255 enim
1562 1180 1784 1282 Phylarchus
1798 1185 1991 1287 Byzantios
2006 1170 2133 1265 solitos
2147 1193 2183 1264 in

156 1328 257 1389 rum,
282 1317 317 1374 et
334 1324 392 1372 res
410 1294 576 1368 honestas
592 1320 632 1365 ac
646 1316 790 1384 magnas
808 1290 984 1380 sapienter
997 1303 1030 1360 et
1044 1288 1146 1356 lorti·
1198 1287 1368 1379 cauponis
1385 1287 1459 1356 dies
1474 1301 1510 1358 et
1524 1302 1645 1359 noctes
1659 1291 1883 1391 commorari,
1907 1305 1943 1364 ct
1956 1307 2085 1386 portu,
2098 1295 2183 1367 ΑΜ

156 1421 212 1479 ter
235 1404 341 1494 gessit
363 1414 485 1472 contra
501 1396 645 1478 Persas,
673 1411 706 1467 et
732 1396 769 1464 in
789 1392 940 1485 imperio
955 1390 1147 1461 modestior
1198 1390 1402 1460 nominatus
1418 1402 1470 1459 est
1485 1389 1676 1461 mulierum
1696 1402 1831 1483 portua,
1846 1386 1866 1453 ’..-
1934 1393 1942 1405 “
1999 1390 2009 1419 ⁸

156 1508 226 1578 suit
250 1503 434 1597 Spartanis
465 1513 500 1570 ct
521 1495 722 1578 Thebanis,
754 1509 906 1587 suntque
935 1494 1007 1561 duo
1032 1491 1145 1560 millia
1300 1490 1444 1560 Deinde
1459 1489 1723 1582 Megarensium
1739 1492 1880 1585 colonia
1899 1520 1941 1566 eo
1956 1497 2113 1570 deducta
2126 1513 2185 1574 est.

158 1630 334 1679 annorum
362 1627 382 1673 a
406 1601 541 1673 Solone
568 1624 681 1694 usque
710 1600 756 1668 ad
782 1591 879 1665 hunc
900 1589 1146 1665 Mahometum
1199 1590 1252 1663 lta
1275 1592 1392 1662 illatae
1412 1606 1496 1663 sont
1516 1618 1559 1661 eo
1573 1592 1709 1665 Graeca
1724 1596 1845 1686 lingua
1858 1610 1893 1667 et
1909 1595 2071 1670 Graecae
2084 1600 2187 1692 leger,

160 1730 356 1780 eversorem
371 1697 609 1776 Athenarum.
1200 1709 1234 1766 et
1264 1707 1344 1786 post
1366 1694 1502 1763 bellum
1529 1693 1657 1766 Xerxis
1682 1697 1862 1768 interdum
1884 1697 2188 1776 Lacedaemonio.

1200 1819 1299 1881 rum,
1322 1796 1502 1867 interdum
1519 1792 1791 1869 Atheniensium
1807 1801 1901 1871 socia
1916 1801 1997 1876 luit.
2048 1801 2187 1878 Deinde

262 1907 358 1980 llaec
379 1929 421 1976 co
445 1898 737 1979 commemoravi,
762 1912 802 1969 ut
820 1894 1049 1968 consideratis
1065 1917 1147 1964 cau·
1201 1897 1274 1987 regi
1297 1894 1530 1967 Macedonico
1555 1895 1726 1993 Philippo
1754 1915 1835 1993 post
1856 1903 2070 1975 diuturnam
2091 1909 2186 1980 obri.

162 2015 211 2086 sis
225 2034 316 2106 quae
328 2001 511 2080 attrahunt
525 2003 682 2094 gentium
698 2014 803 2093 atque
816 2001 959 2070 urbium
971 1997 1149 2081 interitus,
1200 2001 1344 2070 dionem
1358 2021 1395 2068 se
1408 1999 1556 2076 dedidit.

161 2118 274 2186 simus
288 2108 537 2190 modestiores,
559 2119 594 2175 ct
607 2128 627 2173 a
643 2100 718 2171 Deo
733 2103 1024 2191 gubernationem
1038 2112 1073 2168 ct
1085 2101 1149 2169 dc-
1302 2098 1475 2174 Romanis
1499 2102 1738 2194 temporibus,
1762 2126 1843 2174 cum
1866 2105 1911 2175 de
1925 2105 2083 2197 imperio
2097 2110 2189 2186 inter

161 2215 360 2287 sensionem
375 2223 546 2302 petamus·
1201 2227 1238 2274 se
1262 2215 1436 2273 certarent
1451 2201 1665 2276 Pesceninns
1679 2218 1714 2274 et
1728 2202 1898 2294 Serems,
1922 2220 1957 2279 et
1972 2207 2188 2290 Pese'eninns

263 2311 428 2405 Optarim
455 2322 571 2379 autem
595 2304 828 2377 Germanicos
852 2303 1028 2395 principes
1051 2313 1086 2370 et
1109 2300 1148 2368 in
1201 2304 1412 2399 Byzantium
1436 2305 1537 2395 prior
1556 2319 1776 2398 occupasset,
1800 2306 1952 2380 Severm
1968 2333 2049 2382 eam
2064 2316 2190 2390 urbm

160 2414 385 2512 inquirendis
410 2407 568 2481 historiis
585 2407 749 2478 Turricis
771 2406 1032 2493 diligentiores,
1057 2415 1092 2471 et
1109 2402 1147 2469 in
1201 2406 1389 2476 obsidione
1410 2406 1522 2476 cinxit
1541 2420 1655 2478 toturn
1677 2409 1872 2480 triennium
1889 2422 1924 2482 et
1940 2429 2130 2504 semestra,
2151 2441 2191 2493 κ

162 2518 367 2593 defensione
388 2512 524 2605 patriae
547 2507 809 2578 coniunctiores
833 2519 868 2576 ct
889 2507 1042 2575 acriores
1066 2525 1149 2585 esse,
1202 2509 1345 2578 tandem
1362 2530 1442 2576 cnm
1460 2529 1587 2597 magna
1603 2510 1794 2581 multitudo
1811 2506 1999 2583 hominum
2013 2515 2068 2588 ibi
2084 2521 2190 2594 nn'ie

161 2645 202 2693 ac
217 2621 248 2690 si
261 2617 372 2706 magis
386 2627 531 2683 nossent
544 2634 620 2679 eam
636 2622 793 2698 gentem,
819 2621 853 2677 ct
869 2609 1019 2677 formam
1036 2605 1149 2694 impe·
1203 2610 1341 2679 casibus
1363 2609 1542 2699 periisset,
1567 2611 1660 2680 lame
1682 2612 1796 2702 coligit
1818 2615 1863 2683 ad
1886 2616 2130 2709 deditionem,
2152 2646 2191 2695 ac

162 2722 208 2794 rii
232 2722 411 2813 ipsorum,
436 2727 471 2784 et
492 2713 650 2803 exempla
664 2710 854 2794 saeviciae,
877 2722 912 2779 et
926 2707 1074 2776 militiae
1088 2727 1149 2795 ge·
1201 2733 1327 2799 magna
1359 2733 1401 2779 ex
1427 2724 1526 2802 parte
1550 2712 1683 2782 delevit
1705 2713 1818 2784 muris
1839 2715 1987 2803 dirutis,
2024 2745 2122 2815 quos
2145 2724 2191 2797 ,ic

161 2846 250 2909 nus,
275 2833 309 2891 et
324 2815 523 2911 praeliandi
538 2812 843 2896 consuetudinem,
868 2809 1076 2900 magnitudo
1092 2831 1150 2876 re-
1202 2811 1447 2897 Hcrodianus,
1474 2824 1570 2884 tanta
1600 2827 1675 2884 arte
1703 2814 1816 2886 iactos
1837 2818 1963 2906 inisse,
1991 2824 2037 2896 'ut
2058 2825 2191 2898 mim

160 2948 243 2996 rum
257 2921 420 2993 excitaret
436 2937 623 3007 generosos
636 2912 773 2984 animos
787 2916 831 2983 ad
848 2912 1017 2982 maiorem
1029 2933 1149 2980 curam
1202 2915 1310 2984 fuerit
1326 2913 1460 2983 destrui
1474 2937 1585 3005 posse,

162 3022 378 3098 defendendi
406 3018 576 3110 patriam,
606 3012 821 3095 Ecclesiam,
855 3015 964 3103 leges,
997 3011 1149 3082 familias
1305 3010 1484 3086 ASevcro
1507 3040 1620 3111 usque
1641 3020 1685 3089 ad
1701 3016 1979 3093 Constantinum
2000 3029 2091 3099 anni
2109 3046 2193 3105 sunt

161 3127 320 3209 nobiles,
359 3118 526 3192 honestas
561 3117 721 3209 politias,
763 3117 989 3207 disciplinam
1020 3128 1055 3184 et
1084 3116 1150 3183 do-
1203 3131 1357 3189 centum.
1409 3113 1624 3190 lntercanec
1641 3122 1726 3193 orbs
1742 3123 1903 3195 restituta
1916 3136 1992 3213 est,
2016 3134 2191 3205 mmm·

163 3229 306 3301 citinas·
1204 3218 1390 3290 instaurati
1405 3233 1499 3291 scint

264 3325 362 3397 Haec
385 3324 481 3416 ipsa,
506 3343 597 3415 quae
619 3343 715 3389 nunc
736 3315 867 3399 recito,
892 3338 1008 3405 nuper
1021 3313 1060 3382 in
1076 3313 1150 3381 liu·
1304 3318 1374 3391 Sed
1396 3317 1653 3394 Constantinus
1679 3327 1947 3419 opportunitate
1970 3328 2044 3402 loci
2064 3349 2191 3425 motus,

163 3426 440 3522 guamLatinam
457 3418 744 3515 erChalcoodylc
759 3412 1150 3488 civeAtbcniensicon-
1203 3422 1327 3491 urbem
1350 3445 1424 3490 non
1447 3424 1561 3494 solum
1577 3427 1751 3514 restitnit,
1774 3431 1834 3499 sed
1852 3431 1958 3501 etiam
1976 3434 2190 3526 splendidis.

163 3555 265 3601 versa
286 3541 386 3612 sunt,
412 3527 473 3618 qui
496 3536 669 3616 spectator
691 3534 726 3591 et
739 3541 821 3610 pars
838 3519 956 3610 aliqua
970 3517 1040 3588 suit
1054 3517 1149 3584 mul·
1202 3523 1302 3591 simis
1323 3522 1490 3613 operibus
1506 3538 1541 3597 et
1556 3528 1728 3617 dignitate
1742 3532 1903 3618 ornavit,
1929 3556 1969 3603 ae
1984 3534 2106 3612 voluit

163 3647 281 3703 tarum
306 3628 545 3699 calamitatum
568 3648 656 3717 quas
679 3633 821 3703 narrat,
848 3622 910 3713 qui
932 3620 970 3686 in
992 3617 1148 3707 gentium
1203 3646 1348 3716 prorsus
1366 3649 1484 3714 parem
1500 3650 1574 3698 esse
1591 3630 1673 3701 urbi
1691 3628 1840 3707 Romae.

164 3731 420 3823 descriptione,
450 3729 494 3796 de
517 3722 708 3794 Germanis
728 3721 862 3815 inquit:
895 3718 1039 3789 Nullam
1065 3717 1150 3786 novi
1304 3723 1431 3796 Postea
1454 3727 1563 3816 igitur
1584 3727 1636 3799 ibi
1650 3743 1684 3800 et
1698 3728 1856 3805 Ecclesia
1868 3735 1955 3822 luit,
1984 3737 2024 3809 in
2039 3741 2190 3835 quassit

163 3846 303 3926 gentem
330 3831 431 3901 cuius
452 3850 569 3898 mores
591 3827 662 3898 sint
673 3821 913 3901 honestiores,
940 3820 1047 3915 quisi
1064 3843 1150 3890 con·
1204 3825 1485 3898 eruditissimum
1503 3831 1710 3923 collegium,
1736 3848 1771 3903 cr
1789 3837 1989 3933 plerunque
2002 3856 2190 3916 mm,

163 3937 287 4009 cordes
304 3945 435 4015 essem,
462 3942 579 4000 essent
592 3926 756 3997 invincti.
1204 3929 1330 4000 tientes
1349 3924 1538 4023 Episcopi3
1571 3947 1606 4004 et
1630 3949 1711 4027 post
1732 3934 2014 4012 Alexandrinam
2035 3939 2190 4017 seboim

265 4034 392 4106 tridcce
411 4056 518 4127 qnam
534 4030 741 4122 opinionem
757 4028 802 4096 de
819 4024 1014 4095 maioribus
1026 4021 1150 4092 vestris
1203 4053 1378 4124 nusquam
1395 4031 1475 4123 plns
1490 4035 1621 4105 artium
1633 4036 1703 4108 l'uit
1718 4062 1824 4131 qnam
1840 4038 2004 4137 Byrantii
2018 4066 2137 4143 usqne
2148 4048 2191 4120 sd

163 4133 280 4209 adhuc
311 4158 433 4207 recens
455 4129 647 4203 habuerint
673 4128 784 4202 exteri
809 4121 974 4196 homines
997 4119 1151 4204 honesti,
1203 4127 1272 4203 hoc
1287 4137 1705 4225 postremumegcidffum·

163 4262 316 4331 qnorum
339 4235 482 4305 iudiciis
498 4235 636 4306 utinam
652 4248 688 4306 et
703 4227 811 4303 huius
825 4227 948 4300 aetatis
962 4248 1079 4297 mores
1094 4250 1151 4297 re-
1307 4230 1361 4305 Ac
1383 4236 1468 4305 inde
1488 4261 1569 4307 cnm
1586 4239 1625 4308 in
1639 4235 1778 4310 ltaliam
1801 4244 2005 4318 intulissent
2018 4244 2190 4321 Graecam

163 4340 390 4430 ⁸P⁰¹¹d²f²¹¹lo
1204 4334 1362 4426 lingnam
1388 4350 1422 4407 et
1444 4333 1714 4429 Philosophiam
1730 4340 1996 4441 Argyrop'ylns,
2020 4347 2190 4438 laetaris,

548 4469 758 4490 ·····-···
1204 4432 1418 4507 Theodorus
1444 4436 1561 4526 Gaza,
1587 4440 1869 4537 'Trapezontiuu
1899 4443 2139 4544 Cbrywloe„
2159 4467 2191 4525 η

266 4539 338 4615 Sed
359 4563 432 4636 qno
454 4560 512 4608 mc
534 4535 807 4609 dolor'abducit
825 4537 1021 4633 ingressum
1039 4537 1079 4605 in
1092 4529 1153 4604 hi-
1202 4538 1285 4618 alii,
1310 4533 1369 4608 hic
1383 4539 1538 4631 primum
1554 4539 1674 4630 ltalia,
1697 4569 1779 4616 curn
1794 4544 1953 4620 Graecae
1964 4550 2192 4642 linguanae

162 4642 289 4720 storias
312 4640 509 4739 ancicas?
549 4662 629 4709 cum
659 4639 703 4706 de
723 4633 896 4731 Byzantio
925 4639 1043 4708 dicere
1070 4661 1152 4709 coe-
1203 4639 1359 4730 gantiam
1384 4644 1616 4730 degustasset,
1641 4643 1806 4718 Latinam
1830 4644 2191 4746 quoqnem‘gg.

160 4749 285 4841 perim.
336 4743 547 4837 Priusquam
570 4762 655 4808 vero
677 4740 722 4808 de
745 4740 881 4811 excidio
904 4741 1040 4823 diram,
1065 4761 1150 4831 pro-
1203 4764 1300 4811 acere
1322 4742 1457 4834 coepit,
1491 4754 1526 4813 ct
1551 4742 1688 4818 Graeca
1707 4749 1829 4841 lingua
1849 4753 1988 4825 aditum
2008 4756 2056 4827 ad
2079 4756 2191 4831 tontes

162 4862 242 4943 pter
273 4848 513 4917 adolescentes
543 4863 652 4932 pauca
683 4842 729 4910 de
753 4842 899 4912 nomine
920 4854 956 4912 et
979 4855 1152 4913 vetustate
1204 4836 1457 4935 Philosophiae
1471 4847 1647 4938 patefecit.
2066 4904 2070 4911 .

162 4952 239 5022 ‘5¹¹⁸
252 4948 353 5019 ΨΜ*
370 4941 666 5017 mmmmm·
1304 4941 1430 5015 Rivuli
1452 4947 1557 5016 etiarn
1575 4945 1732 5019 Graecae
1746 4953 1930 5024 doctrinae
1943 4970 2031 5027 tunc
2045 4959 2085 5029 in
2100 4958 2192 5033 Ger.

265 5049 363 5120 Sitns
387 5060 439 5115 cst
460 5045 499 5113 in
516 5037 670 5113 Thracia
695 5042 737 5110 ad
756 5039 1032 5133 Hellespontum
1049 5041 1152 5113 valde
1203 5043 1361 5115 maniam
1375 5047 1519 5117 deducti
1533 5063 1627 5120 sunt.
1678 5048 1769 5120 Nam
1784 5050 1959 5126 lohannes
1969 5056 2192 5150 Regiorum.

162 5164 385 5243 opportunus
399 5143 570 5236 imperiis,
594 5142 679 5237 quia
694 5142 746 5212 ibi
762 5142 913 5212 minium
929 5142 1061 5215 distant
1074 5138 1152 5215 En·
1203 5150 1308 5217 tanus
1338 5169 1420 5217 cnm
1444 5145 1603 5219 Graecae
1630 5150 1829 5238 didicisset,
1859 5154 2085 5231 Ptolemenm
2109 5163 2193 5235 illn-

161 5272 249 5340 ropa
270 5263 305 5322 et
320 5244 418 5320 Asia.
469 5241 544 5314 Nec
567 5246 605 5313 in
622 5239 780 5313 Africam
803 5242 1029 5315 incommoda
1047 5244 1151 5314 navi·
1202 5245 1339 5320 stravit.
1389 5244 1605 5342 Rodolpbns
1618 5248 1785 5344 Agricola
1799 5256 1981 5329 Ferrariae
1997 5255 2192 5336 Theodoro

162 5349 258 5442 gotio
287 5360 359 5436 est,
399 5359 434 5420 et
464 5342 610 5440 quidem
641 5344 811 5417 scribitur
838 5356 992 5416 veterem
1023 5343 1150 5417 orbern
1204 5340 1338 5427 Gazae,
1369 5348 1611 5423 eruditissimo
1639 5367 1677 5427 et
1707 5356 1966 5433 modestissimo
1985 5364 2065 5434 aaut
2087 5366 2194 5439 emp.
