<?xml version="1.0" encoding="UTF-8"?>
<!DOCTYPE html PUBLIC "-//W3C//DTD XHTML 1.0 Transitional//EN"
    "http://www.w3.org/TR/xhtml1/DTD/xhtml1-transitional.dtd">
<html xmlns="http://www.w3.org/1999/xhtml" xml:lang="en" lang="en">
 <head>
  <title>
</title>
<meta http-equiv="Content-Type" content="text/html;charset=utf-8" />
  <meta name='ocr-system' content='tesseract 3.04.00' />
  <meta name='ocr-capabilities' content='ocr_page ocr_carea ocr_par ocr_line ocrx_word'/>
</head>
<body>
  <div class='ocr_page' id='page_1' title='image "./corpusreformato00bretgoog_0166.png"; bbox 0 0 4680 6038; ppageno 0'>
   <div class='ocr_carea' id='block_1_1' title="bbox 135 223 212 295">
    <p class='ocr_par' dir='ltr' id='par_1_1' title="bbox 135 223 212 295">
     <span class='ocr_line' id='line_1_1' title="bbox 135 223 212 295; baseline 0 -1"><span class='ocrx_word' id='word_1_1' title='bbox 135 223 212 295; x_wconf 73' lang='lat'>318</span> 
     </span>
    </p>
   </div>
   <div class='ocr_carea' id='block_1_2' title="bbox 130 387 1123 3847">
    <p class='ocr_par' dir='ltr' id='par_1_2' title="bbox 132 387 1122 587">
     <span class='ocr_line' id='line_1_2' title="bbox 134 387 1122 487; baseline 0 -23"><span class='ocrx_word' id='word_1_2' title='bbox 134 407 169 464; x_wconf 91' lang='lat' dir='ltr'>et</span> <span class='ocrx_word' id='word_1_3' title='bbox 202 415 339 463; x_wconf 91' lang='lat' dir='ltr'>moram</span> <span class='ocrx_word' id='word_1_4' title='bbox 362 392 402 461; x_wconf 91' lang='lat' dir='ltr'>in</span> <span class='ocrx_word' id='word_1_5' title='bbox 424 387 491 462; x_wconf 91' lang='lat' dir='ltr'>hoc</span> <span class='ocrx_word' id='word_1_6' title='bbox 522 391 688 463; x_wconf 88' lang='lat' dir='ltr'>incendio</span> <span class='ocrx_word' id='word_1_7' title='bbox 711 395 943 487; x_wconf 80' lang='lat' dir='ltr'>perniciosam</span> <span class='ocrx_word' id='word_1_8' title='bbox 967 416 1040 464; x_wconf 89' lang='lat' dir='ltr'>esse</span> <span class='ocrx_word' id='word_1_9' title='bbox 1062 417 1122 464; x_wconf 92' lang='lat' dir='ltr'>co·</span> 
     </span>
     <span class='ocr_line' id='line_1_3' title="bbox 132 493 273 587; baseline -0.021 -20"><span class='ocrx_word' id='word_1_10' title='bbox 132 493 273 587; x_wconf 52' lang='lat' dir='ltr'>glute?</span> 
     </span>
    </p>

    <p class='ocr_par' dir='ltr' id='par_1_3' title="bbox 130 594 1123 1384">
     <span class='ocr_line' id='line_1_4' title="bbox 237 594 1123 685; baseline 0.001 -20"><span class='ocrx_word' id='word_1_11' title='bbox 237 594 335 666; x_wconf 90' lang='lat' dir='ltr'>Haec</span> <span class='ocrx_word' id='word_1_12' title='bbox 356 620 436 666; x_wconf 89' lang='lat' dir='ltr'>cum</span> <span class='ocrx_word' id='word_1_13' title='bbox 459 596 605 668; x_wconf 75' lang='lat' dir='ltr'>dixisset</span> <span class='ocrx_word' id='word_1_14' title='bbox 627 595 811 685; x_wconf 80' lang='lat' dir='ltr'><strong>Pontifex,</strong></span> <span class='ocrx_word' id='word_1_15' title='bbox 842 599 943 668; x_wconf 86' lang='lat' dir='ltr'>iubet</span> <span class='ocrx_word' id='word_1_16' title='bbox 961 596 1123 681; x_wconf 78' lang='lat' dir='ltr'><strong>Carolus,</strong></span> 
     </span>
     <span class='ocr_line' id='line_1_5' title="bbox 132 699 1122 795; baseline 0 -27"><span class='ocrx_word' id='word_1_17' title='bbox 132 700 219 795; x_wconf 80' lang='lat' dir='ltr'>qnia</span> <span class='ocrx_word' id='word_1_18' title='bbox 255 702 460 769; x_wconf 85' lang='lat' dir='ltr'>decreverat</span> <span class='ocrx_word' id='word_1_19' title='bbox 492 724 566 770; x_wconf 92' lang='lat' dir='ltr'>non</span> <span class='ocrx_word' id='word_1_20' title='bbox 600 700 780 771; x_wconf 79' lang='lat' dir='ltr'>discedere</span> <span class='ocrx_word' id='word_1_21' title='bbox 806 725 826 771; x_wconf 92' lang='lat' dir='ltr'>a</span> <span class='ocrx_word' id='word_1_22' title='bbox 848 726 910 771; x_wconf 91' lang='lat' dir='ltr'>sua</span> <span class='ocrx_word' id='word_1_23' title='bbox 935 699 1122 784; x_wconf 90' lang='lat' dir='ltr'>sententia,</span> 
     </span>
     <span class='ocr_line' id='line_1_6' title="bbox 132 799 1120 878; baseline -0.003 -5"><span class='ocrx_word' id='word_1_24' title='bbox 132 799 385 872; x_wconf 83' lang='lat' dir='ltr'>Mercurinnm</span> <span class='ocrx_word' id='word_1_25' title='bbox 410 801 561 874; x_wconf 90' lang='lat' dir='ltr'>refutate</span> <span class='ocrx_word' id='word_1_26' title='bbox 577 802 760 874; x_wconf 88' lang='lat' dir='ltr'>Pontificis</span> <span class='ocrx_word' id='word_1_27' title='bbox 786 806 997 878; x_wconf 86' lang='lat' dir='ltr'>orationem.</span> <span class='ocrx_word' id='word_1_28' title='bbox 1050 802 1120 874; x_wconf 87' lang='lat' dir='ltr'>Sed</span> 
     </span>
     <span class='ocr_line' id='line_1_7' title="bbox 132 901 1122 998; baseline -0.003 -23"><span class='ocrx_word' id='word_1_29' title='bbox 132 927 216 975; x_wconf 83' lang='lat' dir='ltr'>cum</span> <span class='ocrx_word' id='word_1_30' title='bbox 232 905 350 974; x_wconf 77' lang='lat' dir='ltr'>dicere</span> <span class='ocrx_word' id='word_1_31' title='bbox 365 901 595 976; x_wconf 90' lang='lat' dir='ltr'>Mercurinns</span> <span class='ocrx_word' id='word_1_32' title='bbox 610 906 789 998; x_wconf 90' lang='lat' dir='ltr'>caepisset,</span> <span class='ocrx_word' id='word_1_33' title='bbox 816 905 1122 998; x_wconf 87' lang='lat' dir='ltr'>interpellatPon-</span> 
     </span>
     <span class='ocr_line' id='line_1_8' title="bbox 131 1006 1122 1103; baseline -0.001 -26"><span class='ocrx_word' id='word_1_34' title='bbox 131 1006 239 1090; x_wconf 84' lang='lat' dir='ltr'>tifex,</span> <span class='ocrx_word' id='word_1_35' title='bbox 267 1007 433 1077; x_wconf 91' lang='lat' dir='ltr'>torvitate</span> <span class='ocrx_word' id='word_1_36' title='bbox 449 1008 567 1078; x_wconf 86' lang='lat' dir='ltr'>vultus</span> <span class='ocrx_word' id='word_1_37' title='bbox 590 1023 624 1078; x_wconf 92' lang='lat' dir='ltr'>et</span> <span class='ocrx_word' id='word_1_38' title='bbox 639 1008 735 1078; x_wconf 89' lang='lat' dir='ltr'>vocis</span> <span class='ocrx_word' id='word_1_39' title='bbox 757 1012 982 1103; x_wconf 78' lang='lat' dir='ltr'>tyrannidem</span> <span class='ocrx_word' id='word_1_40' title='bbox 1003 1022 1122 1077; x_wconf 91' lang='lat' dir='ltr'>osten-</span> 
     </span>
     <span class='ocr_line' id='line_1_9' title="bbox 130 1104 1120 1201; baseline 0 -22"><span class='ocrx_word' id='word_1_41' title='bbox 130 1111 240 1193; x_wconf 87' lang='lat' dir='ltr'>dens,</span> <span class='ocrx_word' id='word_1_42' title='bbox 269 1126 301 1180; x_wconf 91' lang='lat' dir='ltr'>et</span> <span class='ocrx_word' id='word_1_43' title='bbox 328 1104 384 1177; x_wconf 89' lang='lat' dir='ltr'>his</span> <span class='ocrx_word' id='word_1_44' title='bbox 410 1109 495 1199; x_wconf 90' lang='lat' dir='ltr'>ipsis</span> <span class='ocrx_word' id='word_1_45' title='bbox 525 1110 643 1181; x_wconf 90' lang='lat' dir='ltr'>verbis</span> <span class='ocrx_word' id='word_1_46' title='bbox 669 1113 833 1201; x_wconf 88' lang='lat' dir='ltr'>obiurgat</span> <span class='ocrx_word' id='word_1_47' title='bbox 857 1112 1120 1183; x_wconf 87' lang='lat' dir='ltr'>Mercurinnm:</span> 
     </span>
     <span class='ocr_line' id='line_1_10' title="bbox 131 1207 1119 1300; baseline -0.001 -19"><span class='ocrx_word' id='word_1_48' title='bbox 131 1210 286 1300; x_wconf 84' lang='lat' dir='ltr'>„Quare</span> <span class='ocrx_word' id='word_1_49' title='bbox 312 1228 350 1283; x_wconf 89' lang='lat' dir='ltr'>tn</span> <span class='ocrx_word' id='word_1_50' title='bbox 376 1207 467 1280; x_wconf 88' lang='lat' dir='ltr'>milri</span> <span class='ocrx_word' id='word_1_51' title='bbox 489 1213 669 1284; x_wconf 89' lang='lat' dir='ltr'>adversari</span> <span class='ocrx_word' id='word_1_52' title='bbox 695 1217 823 1300; x_wconf 89' lang='lat' dir='ltr'>audes,</span> <span class='ocrx_word' id='word_1_53' title='bbox 867 1229 901 1286; x_wconf 94' lang='lat' dir='ltr'>et</span> <span class='ocrx_word' id='word_1_54' title='bbox 926 1215 1119 1287; x_wconf 91' lang='lat' dir='ltr'>Dominum</span> 
     </span>
     <span class='ocr_line' id='line_1_11' title="bbox 131 1313 520 1384; baseline -0.003 -1"><span class='ocrx_word' id='word_1_55' title='bbox 131 1324 257 1384; x_wconf 80' lang='lat' dir='ltr'>contrat</span> <span class='ocrx_word' id='word_1_56' title='bbox 272 1339 328 1382; x_wconf 91' lang='lat' dir='ltr'>me</span> <span class='ocrx_word' id='word_1_57' title='bbox 344 1313 520 1384; x_wconf 80' lang='lat' dir='ltr'>incitas?”</span> 
     </span>
    </p>

    <p class='ocr_par' dir='ltr' id='par_1_4' title="bbox 131 1414 1122 1799">
     <span class='ocr_line' id='line_1_12' title="bbox 235 1414 1122 1510; baseline 0.001 -25"><span class='ocrx_word' id='word_1_58' title='bbox 235 1414 306 1486; x_wconf 91' lang='lat' dir='ltr'>Hic</span> <span class='ocrx_word' id='word_1_59' title='bbox 329 1417 441 1506; x_wconf 81' lang='lat' dir='ltr'>surgit</span> <span class='ocrx_word' id='word_1_60' title='bbox 463 1420 507 1486; x_wconf 90' lang='lat' dir='ltr'>ad</span> <span class='ocrx_word' id='word_1_61' title='bbox 530 1418 721 1487; x_wconf 91' lang='lat' dir='ltr'>dicendum</span> <span class='ocrx_word' id='word_1_62' title='bbox 741 1417 892 1488; x_wconf 79' lang='lat' dir='ltr'>Carolus</span> <span class='ocrx_word' id='word_1_63' title='bbox 908 1418 994 1510; x_wconf 89' lang='lat' dir='ltr'>ipse.</span> <span class='ocrx_word' id='word_1_64' title='bbox 1046 1415 1122 1487; x_wconf 91' lang='lat' dir='ltr'>Mi-</span> 
     </span>
     <span class='ocr_line' id='line_1_13' title="bbox 132 1518 1122 1614; baseline 0.001 -23"><span class='ocrx_word' id='word_1_65' title='bbox 132 1532 259 1591; x_wconf 77' lang='lat' dir='ltr'>rantur</span> <span class='ocrx_word' id='word_1_66' title='bbox 280 1518 483 1609; x_wconf 86' lang='lat' dir='ltr'>Principes,</span> <span class='ocrx_word' id='word_1_67' title='bbox 521 1522 607 1614; x_wconf 91' lang='lat' dir='ltr'>qnid</span> <span class='ocrx_word' id='word_1_68' title='bbox 644 1521 784 1590; x_wconf 87' lang='lat' dir='ltr'>iuvenis</span> <span class='ocrx_word' id='word_1_69' title='bbox 806 1522 966 1592; x_wconf 93' lang='lat' dir='ltr'>dicturus</span> <span class='ocrx_word' id='word_1_70' title='bbox 990 1522 1054 1602; x_wconf 91' lang='lat' dir='ltr'>sit,</span> <span class='ocrx_word' id='word_1_71' title='bbox 1088 1537 1122 1592; x_wconf 91' lang='lat' dir='ltr'>et</span> 
     </span>
     <span class='ocr_line' id='line_1_14' title="bbox 131 1620 1121 1716; baseline 0.002 -24"><span class='ocrx_word' id='word_1_72' title='bbox 131 1622 259 1695; x_wconf 77' lang='lat' dir='ltr'>attenti</span> <span class='ocrx_word' id='word_1_73' title='bbox 284 1621 435 1691; x_wconf 89' lang='lat' dir='ltr'>audiunt</span> <span class='ocrx_word' id='word_1_74' title='bbox 456 1646 597 1709; x_wconf 92' lang='lat' dir='ltr'>omnes,</span> <span class='ocrx_word' id='word_1_75' title='bbox 628 1623 765 1716; x_wconf 80' lang='lat' dir='ltr'>fuitque</span> <span class='ocrx_word' id='word_1_76' title='bbox 788 1620 872 1694; x_wconf 89' lang='lat' dir='ltr'>baec</span> <span class='ocrx_word' id='word_1_77' title='bbox 895 1624 1121 1713; x_wconf 86' lang='lat' dir='ltr'>gravissimae</span> 
     </span>
     <span class='ocr_line' id='line_1_15' title="bbox 132 1724 483 1799; baseline -0.011 -3"><span class='ocrx_word' id='word_1_78' title='bbox 132 1724 308 1795; x_wconf 85' lang='lat' dir='ltr'>orationis</span> <span class='ocrx_word' id='word_1_79' title='bbox 335 1748 483 1799; x_wconf 89' lang='lat' dir='ltr'>summa.</span> 
     </span>
    </p>

    <p class='ocr_par' dir='ltr' id='par_1_5' title="bbox 131 1815 1122 3847">
     <span class='ocr_line' id='line_1_16' title="bbox 237 1815 1121 1917; baseline 0.002 -20"><span class='ocrx_word' id='word_1_80' title='bbox 237 1823 400 1917; x_wconf 85' lang='lat' dir='ltr'>Agnosco</span> <span class='ocrx_word' id='word_1_81' title='bbox 418 1852 472 1897; x_wconf 94' lang='lat' dir='ltr'>me</span> <span class='ocrx_word' id='word_1_82' title='bbox 488 1827 652 1898; x_wconf 88' lang='lat' dir='ltr'>invenem</span> <span class='ocrx_word' id='word_1_83' title='bbox 671 1850 766 1911; x_wconf 91' lang='lat' dir='ltr'>esse,</span> <span class='ocrx_word' id='word_1_84' title='bbox 792 1843 825 1898; x_wconf 94' lang='lat' dir='ltr'>et</span> <span class='ocrx_word' id='word_1_85' title='bbox 843 1815 957 1898; x_wconf 76' lang='lat' dir='ltr'>‘huius</span> <span class='ocrx_word' id='word_1_86' title='bbox 975 1826 1121 1898; x_wconf 88' lang='lat' dir='ltr'>Mercu·</span> 
     </span>
     <span class='ocr_line' id='line_1_17' title="bbox 131 1929 1120 2021; baseline -0.001 -22"><span class='ocrx_word' id='word_1_87' title='bbox 131 1929 227 2014; x_wconf 82' lang='lat' dir='ltr'>tini,</span> <span class='ocrx_word' id='word_1_88' title='bbox 249 1944 282 1999; x_wconf 94' lang='lat' dir='ltr'>et</span> <span class='ocrx_word' id='word_1_89' title='bbox 298 1929 447 2009; x_wconf 88' lang='lat' dir='ltr'>aliorum</span> <span class='ocrx_word' id='word_1_90' title='bbox 465 1932 663 2021; x_wconf 88' lang='lat' dir='ltr'>sapientum</span> <span class='ocrx_word' id='word_1_91' title='bbox 683 1931 841 2000; x_wconf 91' lang='lat' dir='ltr'>consiliis</span> <span class='ocrx_word' id='word_1_92' title='bbox 857 1932 911 2001; x_wconf 90' lang='lat' dir='ltr'>uti</span> <span class='ocrx_word' id='word_1_93' title='bbox 926 1953 981 1996; x_wconf 94' lang='lat' dir='ltr'>me</span> <span class='ocrx_word' id='word_1_94' title='bbox 998 1931 1120 2010; x_wconf 86' lang='lat' dir='ltr'>fateor,</span> 
     </span>
     <span class='ocr_line' id='line_1_18' title="bbox 131 2028 1121 2122; baseline 0 -22"><span class='ocrx_word' id='word_1_95' title='bbox 131 2046 169 2104; x_wconf 91' lang='lat' dir='ltr'>et</span> <span class='ocrx_word' id='word_1_96' title='bbox 185 2035 315 2101; x_wconf 90' lang='lat' dir='ltr'>debere</span> <span class='ocrx_word' id='word_1_97' title='bbox 332 2056 386 2099; x_wconf 89' lang='lat' dir='ltr'>me</span> <span class='ocrx_word' id='word_1_98' title='bbox 402 2034 636 2122; x_wconf 87' lang='lat' dir='ltr'>sapientiores</span> <span class='ocrx_word' id='word_1_99' title='bbox 650 2035 774 2101; x_wconf 88' lang='lat' dir='ltr'>audire</span> <span class='ocrx_word' id='word_1_100' title='bbox 790 2034 921 2110; x_wconf 90' lang='lat' dir='ltr'>indico,</span> <span class='ocrx_word' id='word_1_101' title='bbox 948 2034 1039 2101; x_wconf 90' lang='lat' dir='ltr'>etde</span> <span class='ocrx_word' id='word_1_102' title='bbox 1055 2028 1121 2100; x_wconf 85' lang='lat' dir='ltr'>laac</span> 
     </span>
     <span class='ocr_line' id='line_1_19' title="bbox 131 2133 1121 2227; baseline -0.002 -24"><span class='ocrx_word' id='word_1_103' title='bbox 131 2135 212 2226; x_wconf 90' lang='lat' dir='ltr'>ipsa</span> <span class='ocrx_word' id='word_1_104' title='bbox 238 2133 508 2213; x_wconf 86' lang='lat' dir='ltr'>deliberatione,</span> <span class='ocrx_word' id='word_1_105' title='bbox 543 2160 650 2227; x_wconf 90' lang='lat' dir='ltr'>qnam</span> <span class='ocrx_word' id='word_1_106' title='bbox 673 2135 745 2202; x_wconf 88' lang='lat' dir='ltr'>scio</span> <span class='ocrx_word' id='word_1_107' title='bbox 769 2136 943 2224; x_wconf 88' lang='lat' dir='ltr'>pertinere</span> <span class='ocrx_word' id='word_1_108' title='bbox 968 2137 1011 2200; x_wconf 90' lang='lat' dir='ltr'>ad</span> <span class='ocrx_word' id='word_1_109' title='bbox 1043 2135 1121 2222; x_wconf 94' lang='lat' dir='ltr'>glo-</span> 
     </span>
     <span class='ocr_line' id='line_1_20' title="bbox 131 2229 1122 2325; baseline -0.003 -19"><span class='ocrx_word' id='word_1_110' title='bbox 131 2236 224 2306; x_wconf 85' lang='lat' dir='ltr'>riam</span> <span class='ocrx_word' id='word_1_111' title='bbox 241 2235 329 2317; x_wconf 87' lang='lat' dir='ltr'>Dei,</span> <span class='ocrx_word' id='word_1_112' title='bbox 354 2250 387 2304; x_wconf 90' lang='lat' dir='ltr'>et</span> <span class='ocrx_word' id='word_1_113' title='bbox 405 2238 448 2303; x_wconf 91' lang='lat' dir='ltr'>ad</span> <span class='ocrx_word' id='word_1_114' title='bbox 467 2238 616 2305; x_wconf 89' lang='lat' dir='ltr'>salntem</span> <span class='ocrx_word' id='word_1_115' title='bbox 633 2235 790 2304; x_wconf 89' lang='lat' dir='ltr'>universi</span> <span class='ocrx_word' id='word_1_116' title='bbox 809 2235 947 2325; x_wconf 86' lang='lat' dir='ltr'>generis</span> <span class='ocrx_word' id='word_1_117' title='bbox 962 2229 1122 2320; x_wconf 90' lang='lat' dir='ltr'>humani,</span> 
     </span>
     <span class='ocr_line' id='line_1_21' title="bbox 131 2337 1120 2431; baseline -0.004 -22"><span class='ocrx_word' id='word_1_118' title='bbox 131 2362 210 2409; x_wconf 88' lang='lat' dir='ltr'>cum</span> <span class='ocrx_word' id='word_1_119' title='bbox 228 2338 355 2406; x_wconf 89' lang='lat' dir='ltr'>multis</span> <span class='ocrx_word' id='word_1_120' title='bbox 373 2338 569 2407; x_wconf 90' lang='lat' dir='ltr'>collocutus</span> <span class='ocrx_word' id='word_1_121' title='bbox 582 2361 681 2418; x_wconf 92' lang='lat' dir='ltr'>sum,</span> <span class='ocrx_word' id='word_1_122' title='bbox 709 2340 768 2431; x_wconf 89' lang='lat' dir='ltr'>qni</span> <span class='ocrx_word' id='word_1_123' title='bbox 786 2337 963 2407; x_wconf 89' lang='lat' dir='ltr'>excellunt</span> <span class='ocrx_word' id='word_1_124' title='bbox 979 2339 1120 2428; x_wconf 90' lang='lat' dir='ltr'>sapien·</span> 
     </span>
     <span class='ocr_line' id='line_1_22' title="bbox 131 2436 1120 2532; baseline -0.002 -20"><span class='ocrx_word' id='word_1_125' title='bbox 131 2441 200 2525; x_wconf 80' lang='lat' dir='ltr'>tia,</span> <span class='ocrx_word' id='word_1_126' title='bbox 234 2439 370 2507; x_wconf 87' lang='lat' dir='ltr'>virtute</span> <span class='ocrx_word' id='word_1_127' title='bbox 398 2454 431 2509; x_wconf 94' lang='lat' dir='ltr'>et</span> <span class='ocrx_word' id='word_1_128' title='bbox 453 2440 538 2526; x_wconf 88' lang='lat' dir='ltr'>fide,</span> <span class='ocrx_word' id='word_1_129' title='bbox 570 2442 632 2532; x_wconf 90' lang='lat' dir='ltr'>qui</span> <span class='ocrx_word' id='word_1_130' title='bbox 655 2441 813 2510; x_wconf 89' lang='lat' dir='ltr'>sentiunt</span> <span class='ocrx_word' id='word_1_131' title='bbox 832 2436 1011 2509; x_wconf 82' lang='lat' dir='ltr'>Ecclesiae</span> <span class='ocrx_word' id='word_1_132' title='bbox 1032 2464 1120 2530; x_wconf 92' lang='lat' dir='ltr'>opus</span> 
     </span>
     <span class='ocr_line' id='line_1_23' title="bbox 131 2539 1118 2636; baseline -0.002 -23"><span class='ocrx_word' id='word_1_133' title='bbox 131 2566 204 2613; x_wconf 82' lang='lat' dir='ltr'>esse</span> <span class='ocrx_word' id='word_1_134' title='bbox 219 2541 378 2636; x_wconf 84' lang='lat' dir='ltr'>Synndo.</span> <span class='ocrx_word' id='word_1_135' title='bbox 431 2539 505 2610; x_wconf 90' lang='lat' dir='ltr'>Nec</span> <span class='ocrx_word' id='word_1_136' title='bbox 521 2557 560 2614; x_wconf 92' lang='lat' dir='ltr'>tu</span> <span class='ocrx_word' id='word_1_137' title='bbox 575 2543 719 2631; x_wconf 84' lang='lat' dir='ltr'>ignoras</span> <span class='ocrx_word' id='word_1_138' title='bbox 735 2544 935 2612; x_wconf 83' lang='lat' dir='ltr'>volrrntates</span> <span class='ocrx_word' id='word_1_139' title='bbox 957 2543 1118 2611; x_wconf 89' lang='lat' dir='ltr'>omnium</span> 
     </span>
     <span class='ocr_line' id='line_1_24' title="bbox 131 2642 1119 2737; baseline -0.003 -21"><span class='ocrx_word' id='word_1_140' title='bbox 131 2645 331 2737; x_wconf 85' lang='lat' dir='ltr'>sapientum</span> <span class='ocrx_word' id='word_1_141' title='bbox 358 2657 393 2712; x_wconf 92' lang='lat' dir='ltr'>et</span> <span class='ocrx_word' id='word_1_142' title='bbox 416 2644 593 2713; x_wconf 89' lang='lat' dir='ltr'>bonorum</span> <span class='ocrx_word' id='word_1_143' title='bbox 616 2645 655 2713; x_wconf 91' lang='lat' dir='ltr'>in</span> <span class='ocrx_word' id='word_1_144' title='bbox 682 2658 753 2714; x_wconf 93' lang='lat' dir='ltr'>tota</span> <span class='ocrx_word' id='word_1_145' title='bbox 770 2642 936 2735; x_wconf 86' lang='lat' dir='ltr'>Europa,</span> <span class='ocrx_word' id='word_1_146' title='bbox 973 2645 1036 2737; x_wconf 91' lang='lat' dir='ltr'>qui</span> <span class='ocrx_word' id='word_1_147' title='bbox 1063 2669 1119 2714; x_wconf 89' lang='lat' dir='ltr'>as-</span> 
     </span>
     <span class='ocr_line' id='line_1_25' title="bbox 131 2745 1120 2842; baseline -0.002 -24"><span class='ocrx_word' id='word_1_148' title='bbox 131 2748 245 2818; x_wconf 87' lang='lat' dir='ltr'>siduis</span> <span class='ocrx_word' id='word_1_149' title='bbox 267 2745 457 2835; x_wconf 84' lang='lat' dir='ltr'>gemitibus</span> <span class='ocrx_word' id='word_1_150' title='bbox 481 2747 667 2842; x_wconf 79' lang='lat' dir='ltr'>Synodunr</span> <span class='ocrx_word' id='word_1_151' title='bbox 690 2747 850 2837; x_wconf 86' lang='lat' dir='ltr'>flagitant</span> <span class='ocrx_word' id='word_1_152' title='bbox 870 2750 994 2829; x_wconf 90' lang='lat' dir='ltr'>talem,</span> <span class='ocrx_word' id='word_1_153' title='bbox 1029 2773 1120 2841; x_wconf 91' lang='lat' dir='ltr'>qnae</span> 
     </span>
     <span class='ocr_line' id='line_1_26' title="bbox 131 2848 1119 2939; baseline -0.003 -17"><span class='ocrx_word' id='word_1_154' title='bbox 131 2864 229 2922; x_wconf 82' lang='lat' dir='ltr'>recte</span> <span class='ocrx_word' id='word_1_155' title='bbox 249 2851 477 2939; x_wconf 77' lang='lat' dir='ltr'>gubernetur.</span> <span class='ocrx_word' id='word_1_156' title='bbox 530 2848 651 2937; x_wconf 86' lang='lat' dir='ltr'>Quare</span> <span class='ocrx_word' id='word_1_157' title='bbox 674 2875 755 2920; x_wconf 91' lang='lat' dir='ltr'>cum</span> <span class='ocrx_word' id='word_1_158' title='bbox 780 2875 818 2919; x_wconf 89' lang='lat' dir='ltr'>re</span> <span class='ocrx_word' id='word_1_159' title='bbox 832 2851 896 2920; x_wconf 90' lang='lat' dir='ltr'>diu</span> <span class='ocrx_word' id='word_1_160' title='bbox 913 2849 1119 2935; x_wconf 89' lang='lat' dir='ltr'>deliberata,</span> 
     </span>
     <span class='ocr_line' id='line_1_27' title="bbox 131 2951 1119 3045; baseline -0.002 -20"><span class='ocrx_word' id='word_1_161' title='bbox 131 2967 162 3025; x_wconf 85' lang='lat' dir='ltr'>et</span> <span class='ocrx_word' id='word_1_162' title='bbox 175 2953 224 3023; x_wconf 88' lang='lat' dir='ltr'>iis</span> <span class='ocrx_word' id='word_1_163' title='bbox 239 2951 475 3039; x_wconf 84' lang='lat' dir='ltr'>argumentis,</span> <span class='ocrx_word' id='word_1_164' title='bbox 499 2975 590 3044; x_wconf 90' lang='lat' dir='ltr'>quae</span> <span class='ocrx_word' id='word_1_165' title='bbox 605 2967 644 3023; x_wconf 91' lang='lat' dir='ltr'>tu</span> <span class='ocrx_word' id='word_1_166' title='bbox 659 2955 829 3045; x_wconf 91' lang='lat' dir='ltr'>opponis,</span> <span class='ocrx_word' id='word_1_167' title='bbox 854 2953 1045 3041; x_wconf 90' lang='lat' dir='ltr'>diligenter</span> <span class='ocrx_word' id='word_1_168' title='bbox 1060 2979 1119 3023; x_wconf 91' lang='lat' dir='ltr'>co·</span> 
     </span>
     <span class='ocr_line' id='line_1_28' title="bbox 131 3053 1118 3149; baseline -0.004 -21"><span class='ocrx_word' id='word_1_169' title='bbox 131 3055 249 3148; x_wconf 68' lang='lat' dir='ltr'>gitatin</span> <span class='ocrx_word' id='word_1_170' title='bbox 264 3054 371 3122; x_wconf 89' lang='lat' dir='ltr'>velim</span> <span class='ocrx_word' id='word_1_171' title='bbox 389 3055 576 3123; x_wconf 84' lang='lat' dir='ltr'>convocari</span> <span class='ocrx_word' id='word_1_172' title='bbox 593 3055 796 3149; x_wconf 89' lang='lat' dir='ltr'>Synodum,</span> <span class='ocrx_word' id='word_1_173' title='bbox 823 3057 910 3126; x_wconf 90' lang='lat' dir='ltr'>scito</span> <span class='ocrx_word' id='word_1_174' title='bbox 925 3068 960 3124; x_wconf 91' lang='lat' dir='ltr'>et</span> <span class='ocrx_word' id='word_1_175' title='bbox 975 3053 1118 3125; x_wconf 87' lang='lat' dir='ltr'>Mercu·</span> 
     </span>
     <span class='ocr_line' id='line_1_29' title="bbox 131 3156 1119 3250; baseline -0.005 -19"><span class='ocrx_word' id='word_1_176' title='bbox 131 3158 271 3244; x_wconf 88' lang='lat' dir='ltr'>riuum,</span> <span class='ocrx_word' id='word_1_177' title='bbox 297 3181 386 3250; x_wconf 90' lang='lat' dir='ltr'>quae</span> <span class='ocrx_word' id='word_1_178' title='bbox 401 3156 509 3247; x_wconf 89' lang='lat' dir='ltr'>dixit,</span> <span class='ocrx_word' id='word_1_179' title='bbox 538 3157 625 3227; x_wconf 89' lang='lat' dir='ltr'>meis</span> <span class='ocrx_word' id='word_1_180' title='bbox 640 3159 816 3227; x_wconf 91' lang='lat' dir='ltr'>mandatis</span> <span class='ocrx_word' id='word_1_181' title='bbox 831 3159 980 3241; x_wconf 86' lang='lat' dir='ltr'>dixisse,</span> <span class='ocrx_word' id='word_1_182' title='bbox 1006 3171 1040 3228; x_wconf 94' lang='lat' dir='ltr'>et</span> <span class='ocrx_word' id='word_1_183' title='bbox 1063 3182 1119 3226; x_wconf 90' lang='lat' dir='ltr'>me</span> 
     </span>
     <span class='ocr_line' id='line_1_30' title="bbox 131 3255 1117 3343; baseline -0.007 -10"><span class='ocrx_word' id='word_1_184' title='bbox 131 3263 175 3333; x_wconf 84' lang='lat' dir='ltr'>ab</span> <span class='ocrx_word' id='word_1_185' title='bbox 190 3255 260 3332; x_wconf 87' lang='lat' dir='ltr'>hae</span> <span class='ocrx_word' id='word_1_186' title='bbox 278 3259 472 3340; x_wconf 88' lang='lat' dir='ltr'>sententia,</span> <span class='ocrx_word' id='word_1_187' title='bbox 498 3261 613 3329; x_wconf 88' lang='lat' dir='ltr'>donec</span> <span class='ocrx_word' id='word_1_188' title='bbox 632 3259 764 3343; x_wconf 88' lang='lat' dir='ltr'>vivam,</span> <span class='ocrx_word' id='word_1_189' title='bbox 789 3284 863 3328; x_wconf 89' lang='lat' dir='ltr'>non</span> <span class='ocrx_word' id='word_1_190' title='bbox 882 3261 1117 3329; x_wconf 88' lang='lat' dir='ltr'>discessurum</span> 
     </span>
     <span class='ocr_line' id='line_1_31' title="bbox 131 3359 1120 3453; baseline -0.005 -17"><span class='ocrx_word' id='word_1_191' title='bbox 131 3387 219 3436; x_wconf 79' lang='lat' dir='ltr'>esse.</span> <span class='ocrx_word' id='word_1_192' title='bbox 273 3359 395 3430; x_wconf 84' lang='lat' dir='ltr'>Tuum</span> <span class='ocrx_word' id='word_1_193' title='bbox 421 3361 612 3432; x_wconf 88' lang='lat' dir='ltr'>consilium</span> <span class='ocrx_word' id='word_1_194' title='bbox 635 3363 834 3453; x_wconf 88' lang='lat' dir='ltr'>speciosum</span> <span class='ocrx_word' id='word_1_195' title='bbox 867 3377 901 3433; x_wconf 94' lang='lat' dir='ltr'>et</span> <span class='ocrx_word' id='word_1_196' title='bbox 929 3362 1120 3452; x_wconf 90' lang='lat' dir='ltr'>plausibile</span> 
     </span>
     <span class='ocr_line' id='line_1_32' title="bbox 131 3462 1119 3561; baseline -0.002 -24"><span class='ocrx_word' id='word_1_197' title='bbox 131 3462 290 3561; x_wconf 74' lang='lat' dir='ltr'>profanis</span> <span class='ocrx_word' id='word_1_198' title='bbox 314 3464 427 3533; x_wconf 91' lang='lat' dir='ltr'>videri</span> <span class='ocrx_word' id='word_1_199' title='bbox 454 3477 585 3554; x_wconf 88' lang='lat' dir='ltr'>potest,</span> <span class='ocrx_word' id='word_1_200' title='bbox 622 3468 683 3534; x_wconf 93' lang='lat' dir='ltr'>sed</span> <span class='ocrx_word' id='word_1_201' title='bbox 707 3490 823 3536; x_wconf 89' lang='lat' dir='ltr'>meum</span> <span class='ocrx_word' id='word_1_202' title='bbox 852 3480 885 3535; x_wconf 92' lang='lat' dir='ltr'>et</span> <span class='ocrx_word' id='word_1_203' title='bbox 905 3465 1040 3535; x_wconf 88' lang='lat' dir='ltr'>iustum</span> <span class='ocrx_word' id='word_1_204' title='bbox 1067 3478 1119 3535; x_wconf 85' lang='lat' dir='ltr'>est</span> 
     </span>
     <span class='ocr_line' id='line_1_33' title="bbox 131 3566 1117 3659; baseline -0.006 -17"><span class='ocrx_word' id='word_1_205' title='bbox 131 3584 164 3642; x_wconf 85' lang='lat' dir='ltr'>et</span> <span class='ocrx_word' id='word_1_206' title='bbox 177 3566 359 3641; x_wconf 82' lang='lat' dir='ltr'>Ecclesiae</span> <span class='ocrx_word' id='word_1_207' title='bbox 374 3567 660 3653; x_wconf 85' lang='lat' dir='ltr'>convenientius,</span> <span class='ocrx_word' id='word_1_208' title='bbox 686 3582 720 3637; x_wconf 91' lang='lat' dir='ltr'>et</span> <span class='ocrx_word' id='word_1_209' title='bbox 735 3567 764 3637; x_wconf 89' lang='lat' dir='ltr'>si</span> <span class='ocrx_word' id='word_1_210' title='bbox 782 3592 838 3636; x_wconf 92' lang='lat' dir='ltr'>me</span> <span class='ocrx_word' id='word_1_211' title='bbox 853 3592 926 3637; x_wconf 90' lang='lat' dir='ltr'>nnn</span> <span class='ocrx_word' id='word_1_212' title='bbox 946 3567 1117 3659; x_wconf 91' lang='lat' dir='ltr'>impedie-</span> 
     </span>
     <span class='ocr_line' id='line_1_34' title="bbox 131 3666 1119 3761; baseline -0.004 -18"><span class='ocrx_word' id='word_1_213' title='bbox 131 3672 226 3754; x_wconf 89' lang='lat' dir='ltr'>ritis,</span> <span class='ocrx_word' id='word_1_214' title='bbox 252 3666 329 3740; x_wconf 88' lang='lat' dir='ltr'>Deo</span> <span class='ocrx_word' id='word_1_215' title='bbox 348 3670 511 3750; x_wconf 87' lang='lat' dir='ltr'>iuvante,</span> <span class='ocrx_word' id='word_1_216' title='bbox 538 3693 641 3761; x_wconf 91' lang='lat' dir='ltr'>spero</span> <span class='ocrx_word' id='word_1_217' title='bbox 658 3669 779 3760; x_wconf 90' lang='lat' dir='ltr'>generi</span> <span class='ocrx_word' id='word_1_218' title='bbox 795 3667 951 3740; x_wconf 88' lang='lat' dir='ltr'>bumana</span> <span class='ocrx_word' id='word_1_219' title='bbox 967 3672 1119 3739; x_wconf 92' lang='lat' dir='ltr'>salutare</span> 
     </span>
     <span class='ocr_line' id='line_1_35' title="bbox 131 3771 1118 3847; baseline -0.003 -1"><span class='ocrx_word' id='word_1_220' title='bbox 131 3776 291 3847; x_wconf 86' lang='lat' dir='ltr'>futurum</span> <span class='ocrx_word' id='word_1_221' title='bbox 316 3796 401 3843; x_wconf 89' lang='lat' dir='ltr'>esse.</span> <span class='ocrx_word' id='word_1_222' title='bbox 454 3771 527 3842; x_wconf 89' lang='lat' dir='ltr'>Nee</span> <span class='ocrx_word' id='word_1_223' title='bbox 545 3774 606 3842; x_wconf 87' lang='lat' dir='ltr'>illa</span> <span class='ocrx_word' id='word_1_224' title='bbox 631 3773 784 3843; x_wconf 89' lang='lat' dir='ltr'>terribili</span> <span class='ocrx_word' id='word_1_225' title='bbox 801 3773 962 3843; x_wconf 86' lang='lat' dir='ltr'>oratione</span> <span class='ocrx_word' id='word_1_226' title='bbox 977 3786 1036 3843; x_wconf 91' lang='lat' dir='ltr'>tna</span> <span class='ocrx_word' id='word_1_227' title='bbox 1052 3775 1118 3843; x_wconf 90' lang='lat' dir='ltr'>ab·</span> 
     </span>
    </p>
   </div>
   <div class='ocr_carea' id='block_1_3' title="bbox 611 216 1686 305">
    <p class='ocr_par' dir='ltr' id='par_1_6' title="bbox 611 216 1686 305">
     <span class='ocr_line' id='line_1_36' title="bbox 611 216 1686 305; baseline 0.003 -12"><span class='ocrx_word' id='word_1_228' title='bbox 611 216 774 294; x_wconf 80' lang='lat' dir='ltr'>DECL.</span> <span class='ocrx_word' id='word_1_229' title='bbox 818 217 1271 305; x_wconf 83' lang='lat' dir='ltr'>DECONGRESSU</span> <span class='ocrx_word' id='word_1_230' title='bbox 1305 218 1686 298; x_wconf 84' lang='lat' dir='ltr'>BONONlENSl.</span> 
     </span>
    </p>
   </div>
   <div class='ocr_carea' id='block_1_4' title="bbox 2092 227 2167 298">
    <p class='ocr_par' dir='ltr' id='par_1_7' title="bbox 2092 227 2167 298">
     <span class='ocr_line' id='line_1_37' title="bbox 2092 227 2167 298; baseline 0 0"><span class='ocrx_word' id='word_1_231' title='bbox 2092 227 2167 298; x_wconf 79' lang='lat' dir='ltr'>stt</span> 
     </span>
    </p>
   </div>
   <div class='ocr_carea' id='block_1_5' title="bbox 1173 395 2162 691">
    <p class='ocr_par' dir='ltr' id='par_1_8' title="bbox 1173 395 2162 691">
     <span class='ocr_line' id='line_1_38' title="bbox 1174 395 2162 494; baseline 0.006 -29"><span class='ocrx_word' id='word_1_232' title='bbox 1174 395 1337 489; x_wconf 90' lang='lat' dir='ltr'>requirit,</span> <span class='ocrx_word' id='word_1_233' title='bbox 1362 397 1423 465; x_wconf 92' lang='lat' dir='ltr'>sed</span> <span class='ocrx_word' id='word_1_234' title='bbox 1439 397 1625 465; x_wconf 85' lang='lat' dir='ltr'>universae</span> <span class='ocrx_word' id='word_1_235' title='bbox 1640 398 1822 469; x_wconf 91' lang='lat' dir='ltr'>doctrinae</span> <span class='ocrx_word' id='word_1_236' title='bbox 1836 400 2013 492; x_wconf 89' lang='lat' dir='ltr'>integrum</span> <span class='ocrx_word' id='word_1_237' title='bbox 2031 425 2162 494; x_wconf 90' lang='lat' dir='ltr'>corpus</span> 
     </span>
     <span class='ocr_line' id='line_1_39' title="bbox 1176 498 2160 594; baseline 0.007 -27"><span class='ocrx_word' id='word_1_238' title='bbox 1176 498 1413 586; x_wconf 91' lang='lat' dir='ltr'>colligendum</span> <span class='ocrx_word' id='word_1_239' title='bbox 1430 510 1500 582; x_wconf 89' lang='lat' dir='ltr'>est,</span> <span class='ocrx_word' id='word_1_240' title='bbox 1526 500 1622 590; x_wconf 91' lang='lat' dir='ltr'>quod</span> <span class='ocrx_word' id='word_1_241' title='bbox 1640 522 1711 570; x_wconf 88' lang='lat' dir='ltr'>una</span> <span class='ocrx_word' id='word_1_242' title='bbox 1733 527 1818 572; x_wconf 89' lang='lat' dir='ltr'>voce</span> <span class='ocrx_word' id='word_1_243' title='bbox 1834 527 1957 573; x_wconf 91' lang='lat' dir='ltr'>omnes</span> <span class='ocrx_word' id='word_1_244' title='bbox 1980 520 2098 594; x_wconf 85' lang='lat' dir='ltr'>gentes</span> <span class='ocrx_word' id='word_1_245' title='bbox 2123 507 2160 574; x_wconf 91' lang='lat' dir='ltr'>in</span> 
     </span>
     <span class='ocr_line' id='line_1_40' title="bbox 1173 601 2162 691; baseline 0.006 -22"><span class='ocrx_word' id='word_1_246' title='bbox 1173 601 1341 670; x_wconf 88' lang='lat' dir='ltr'>omnibus</span> <span class='ocrx_word' id='word_1_247' title='bbox 1356 601 1498 691; x_wconf 91' lang='lat' dir='ltr'>templis</span> <span class='ocrx_word' id='word_1_248' title='bbox 1513 616 1651 677; x_wconf 85' lang='lat' dir='ltr'>sonent.</span> <span class='ocrx_word' id='word_1_249' title='bbox 1692 603 1769 675; x_wconf 91' lang='lat' dir='ltr'>Scis</span> <span class='ocrx_word' id='word_1_250' title='bbox 1785 605 1879 674; x_wconf 89' lang='lat' dir='ltr'>enim</span> <span class='ocrx_word' id='word_1_251' title='bbox 1894 630 1991 676; x_wconf 92' lang='lat' dir='ltr'>nunc</span> <span class='ocrx_word' id='word_1_252' title='bbox 2007 609 2051 676; x_wconf 91' lang='lat' dir='ltr'>de</span> <span class='ocrx_word' id='word_1_253' title='bbox 2068 608 2162 677; x_wconf 89' lang='lat' dir='ltr'>mul-</span> 
     </span>
    </p>
   </div>
   <div class='ocr_carea' id='block_1_6' title="bbox 1174 703 2286 793">
    <p class='ocr_par' dir='ltr' id='par_1_9' title="bbox 1174 703 2286 793">
     <span class='ocr_line' id='line_1_41' title="bbox 1174 703 2286 793; baseline 0.005 -19"><span class='ocrx_word' id='word_1_254' title='bbox 1174 703 1219 774; x_wconf 91' lang='lat' dir='ltr'>tis</span> <span class='ocrx_word' id='word_1_255' title='bbox 1236 704 1372 793; x_wconf 88' lang='lat' dir='ltr'>maguis</span> <span class='ocrx_word' id='word_1_256' title='bbox 1388 705 1506 788; x_wconf 90' lang='lat' dir='ltr'>rebus,</span> <span class='ocrx_word' id='word_1_257' title='bbox 1519 704 1623 774; x_wconf 91' lang='lat' dir='ltr'>etiam</span> <span class='ocrx_word' id='word_1_258' title='bbox 1638 705 1676 773; x_wconf 94' lang='lat' dir='ltr'>in</span> <span class='ocrx_word' id='word_1_259' title='bbox 1692 708 1761 777; x_wconf 89' lang='lat' dir='ltr'>tuis</span> <span class='ocrx_word' id='word_1_260' title='bbox 1773 709 1895 778; x_wconf 90' lang='lat' dir='ltr'>castris</span> <span class='ocrx_word' id='word_1_261' title='bbox 1910 711 2071 780; x_wconf 90' lang='lat' dir='ltr'>dissonos</span> <span class='ocrx_word' id='word_1_262' title='bbox 2087 710 2161 779; x_wconf 90' lang='lat' dir='ltr'>cla·</span> <span class='ocrx_word' id='word_1_263' title='bbox 2284 742 2286 752; x_wconf 91' lang='lat'>·</span> 
     </span>
    </p>
   </div>
   <div class='ocr_carea' id='block_1_7' title="bbox 1171 804 2227 3251">
    <p class='ocr_par' dir='ltr' id='par_1_10' title="bbox 1173 804 2227 1291">
     <span class='ocr_line' id='line_1_42' title="bbox 1174 804 2227 904; baseline 0.006 -30"><span class='ocrx_word' id='word_1_264' title='bbox 1174 829 1291 876; x_wconf 93' lang='lat' dir='ltr'>mores</span> <span class='ocrx_word' id='word_1_265' title='bbox 1315 830 1398 874; x_wconf 88' lang='lat' dir='ltr'>esse.</span> <span class='ocrx_word' id='word_1_266' title='bbox 1451 804 1541 877; x_wconf 85' lang='lat' dir='ltr'>Cum</span> <span class='ocrx_word' id='word_1_267' title='bbox 1570 810 1737 897; x_wconf 89' lang='lat' dir='ltr'>sparserit</span> <span class='ocrx_word' id='word_1_268' title='bbox 1761 807 1845 880; x_wconf 91' lang='lat' dir='ltr'>baec</span> <span class='ocrx_word' id='word_1_269' title='bbox 1869 824 1962 881; x_wconf 92' lang='lat' dir='ltr'>aetas</span> <span class='ocrx_word' id='word_1_270' title='bbox 1986 814 2159 904; x_wconf 89' lang='lat' dir='ltr'>quaedam</span> <span class='ocrx_word' id='word_1_271' title='bbox 2217 836 2227 850; x_wconf 55' lang='lat'>³</span> 
     </span>
     <span class='ocr_line' id='line_1_43' title="bbox 1173 907 2160 1002; baseline 0.004 -24"><span class='ocrx_word' id='word_1_272' title='bbox 1173 912 1346 994; x_wconf 89' lang='lat' dir='ltr'>absurda,</span> <span class='ocrx_word' id='word_1_273' title='bbox 1368 922 1524 1001; x_wconf 90' lang='lat' dir='ltr'>opponat</span> <span class='ocrx_word' id='word_1_274' title='bbox 1539 907 1705 1002; x_wconf 90' lang='lat' dir='ltr'>Synodus</span> <span class='ocrx_word' id='word_1_275' title='bbox 1718 912 1871 983; x_wconf 90' lang='lat' dir='ltr'>illustria</span> <span class='ocrx_word' id='word_1_276' title='bbox 1887 930 1922 985; x_wconf 89' lang='lat' dir='ltr'>et</span> <span class='ocrx_word' id='word_1_277' title='bbox 1938 915 2037 983; x_wconf 88' lang='lat' dir='ltr'>firma</span> <span class='ocrx_word' id='word_1_278' title='bbox 2063 915 2160 983; x_wconf 91' lang='lat' dir='ltr'>testi-</span> 
     </span>
     <span class='ocr_line' id='line_1_44' title="bbox 1174 1005 2161 1106; baseline 0.005 -26"><span class='ocrx_word' id='word_1_279' title='bbox 1174 1011 1311 1097; x_wconf 91' lang='lat' dir='ltr'>monia,</span> <span class='ocrx_word' id='word_1_280' title='bbox 1336 1027 1377 1081; x_wconf 93' lang='lat' dir='ltr'>ut</span> <span class='ocrx_word' id='word_1_281' title='bbox 1402 1026 1437 1082; x_wconf 92' lang='lat' dir='ltr'>et</span> <span class='ocrx_word' id='word_1_282' title='bbox 1461 1005 1529 1080; x_wconf 87' lang='lat' dir='ltr'>boc</span> <span class='ocrx_word' id='word_1_283' title='bbox 1551 1025 1708 1105; x_wconf 91' lang='lat' dir='ltr'>tempore</span> <span class='ocrx_word' id='word_1_284' title='bbox 1734 1016 1823 1084; x_wconf 94' lang='lat' dir='ltr'>etin</span> <span class='ocrx_word' id='word_1_285' title='bbox 1847 1030 2024 1106; x_wconf 92' lang='lat' dir='ltr'>posterum</span> <span class='ocrx_word' id='word_1_286' title='bbox 2041 1018 2161 1085; x_wconf 90' lang='lat' dir='ltr'>minus</span> 
     </span>
     <span class='ocr_line' id='line_1_45' title="bbox 1173 1110 2159 1213; baseline 0.003 -30"><span class='ocrx_word' id='word_1_287' title='bbox 1173 1114 1396 1205; x_wconf 89' lang='lat' dir='ltr'>decipiantur</span> <span class='ocrx_word' id='word_1_288' title='bbox 1413 1110 1586 1198; x_wconf 90' lang='lat' dir='ltr'>homines,</span> <span class='ocrx_word' id='word_1_289' title='bbox 1613 1118 1740 1187; x_wconf 90' lang='lat' dir='ltr'>moniti</span> <span class='ocrx_word' id='word_1_290' title='bbox 1755 1119 1970 1208; x_wconf 88' lang='lat' dir='ltr'>argumentis</span> <span class='ocrx_word' id='word_1_291' title='bbox 1984 1119 2159 1213; x_wconf 88' lang='lat' dir='ltr'>aSynodo</span> 
     </span>
     <span class='ocr_line' id='line_1_46' title="bbox 1173 1212 1435 1291; baseline -0.008 -5"><span class='ocrx_word' id='word_1_292' title='bbox 1173 1217 1333 1291; x_wconf 86' lang='lat' dir='ltr'>ostensis.</span> <span class='ocrx_word' id='word_1_293' title='bbox 1431 1212 1435 1224; x_wconf 84' lang='lat'><em>&#39;</em></span> 
     </span>
    </p>

    <p class='ocr_par' dir='ltr' id='par_1_11' title="bbox 1173 1316 2160 2311">
     <span class='ocr_line' id='line_1_47' title="bbox 1277 1316 2160 1413; baseline -0.001 -25"><span class='ocrx_word' id='word_1_294' title='bbox 1277 1317 1341 1388; x_wconf 94' lang='lat' dir='ltr'>llla</span> <span class='ocrx_word' id='word_1_295' title='bbox 1367 1334 1483 1390; x_wconf 90' lang='lat' dir='ltr'>autem</span> <span class='ocrx_word' id='word_1_296' title='bbox 1505 1344 1571 1388; x_wconf 90' lang='lat' dir='ltr'>vox</span> <span class='ocrx_word' id='word_1_297' title='bbox 1595 1316 1765 1388; x_wconf 83' lang='lat' dir='ltr'>Pontifice</span> <span class='ocrx_word' id='word_1_298' title='bbox 1788 1319 1935 1410; x_wconf 89' lang='lat' dir='ltr'>indigna</span> <span class='ocrx_word' id='word_1_299' title='bbox 1960 1335 2031 1402; x_wconf 83' lang='lat' dir='ltr'>est,</span> <span class='ocrx_word' id='word_1_300' title='bbox 2063 1323 2160 1413; x_wconf 90' lang='lat' dir='ltr'>quod</span> 
     </span>
     <span class='ocr_line' id='line_1_48' title="bbox 1176 1421 2159 1516; baseline 0 -26"><span class='ocrx_word' id='word_1_301' title='bbox 1176 1422 1248 1506; x_wconf 89' lang='lat' dir='ltr'>ais,</span> <span class='ocrx_word' id='word_1_302' title='bbox 1275 1424 1447 1516; x_wconf 90' lang='lat' dir='ltr'>quaedam</span> <span class='ocrx_word' id='word_1_303' title='bbox 1465 1421 1723 1490; x_wconf 86' lang='lat' dir='ltr'>inextricabilia</span> <span class='ocrx_word' id='word_1_304' title='bbox 1742 1444 1824 1495; x_wconf 89' lang='lat' dir='ltr'>esse.</span> <span class='ocrx_word' id='word_1_305' title='bbox 1877 1422 1974 1493; x_wconf 91' lang='lat' dir='ltr'>Deus</span> <span class='ocrx_word' id='word_1_306' title='bbox 1987 1424 2159 1491; x_wconf 90' lang='lat' dir='ltr'>immensa</span> 
     </span>
     <span class='ocr_line' id='line_1_49' title="bbox 1175 1524 2160 1618; baseline -0.002 -25"><span class='ocrx_word' id='word_1_307' title='bbox 1175 1526 1332 1595; x_wconf 89' lang='lat' dir='ltr'>bonitate</span> <span class='ocrx_word' id='word_1_308' title='bbox 1347 1540 1384 1593; x_wconf 88' lang='lat' dir='ltr'>se</span> <span class='ocrx_word' id='word_1_309' title='bbox 1403 1524 1584 1616; x_wconf 85' lang='lat' dir='ltr'>patefecit,</span> <span class='ocrx_word' id='word_1_310' title='bbox 1610 1539 1643 1594; x_wconf 90' lang='lat' dir='ltr'>et</span> <span class='ocrx_word' id='word_1_311' title='bbox 1658 1524 1736 1592; x_wconf 92' lang='lat' dir='ltr'>vult</span> <span class='ocrx_word' id='word_1_312' title='bbox 1752 1548 1819 1593; x_wconf 91' lang='lat' dir='ltr'>nus</span> <span class='ocrx_word' id='word_1_313' title='bbox 1844 1525 2009 1618; x_wconf 84' lang='lat' dir='ltr'>amplecti</span> <span class='ocrx_word' id='word_1_314' title='bbox 2026 1525 2160 1596; x_wconf 89' lang='lat' dir='ltr'>doctri-</span> 
     </span>
     <span class='ocr_line' id='line_1_50' title="bbox 1175 1625 2160 1721; baseline 0 -26"><span class='ocrx_word' id='word_1_315' title='bbox 1175 1652 1278 1711; x_wconf 92' lang='lat' dir='ltr'>nam,</span> <span class='ocrx_word' id='word_1_316' title='bbox 1304 1651 1409 1721; x_wconf 87' lang='lat' dir='ltr'>qnam</span> <span class='ocrx_word' id='word_1_317' title='bbox 1426 1626 1590 1711; x_wconf 89' lang='lat' dir='ltr'>tradidit,</span> <span class='ocrx_word' id='word_1_318' title='bbox 1611 1650 1702 1720; x_wconf 92' lang='lat' dir='ltr'>quae</span> <span class='ocrx_word' id='word_1_319' title='bbox 1720 1625 1749 1693; x_wconf 88' lang='lat' dir='ltr'>si</span> <span class='ocrx_word' id='word_1_320' title='bbox 1767 1641 1855 1698; x_wconf 88' lang='lat' dir='ltr'>esset</span> <span class='ocrx_word' id='word_1_321' title='bbox 1870 1627 2057 1715; x_wconf 91' lang='lat' dir='ltr'>ambigua,</span> <span class='ocrx_word' id='word_1_322' title='bbox 2081 1629 2160 1695; x_wconf 90' lang='lat' dir='ltr'>ina-</span> 
     </span>
     <span class='ocr_line' id='line_1_51' title="bbox 1176 1724 2158 1800; baseline -0.002 -2"><span class='ocrx_word' id='word_1_323' title='bbox 1176 1731 1232 1798; x_wconf 89' lang='lat' dir='ltr'>nis</span> <span class='ocrx_word' id='word_1_324' title='bbox 1249 1752 1356 1799; x_wconf 92' lang='lat' dir='ltr'>sonus</span> <span class='ocrx_word' id='word_1_325' title='bbox 1372 1744 1470 1799; x_wconf 90' lang='lat' dir='ltr'>esset.</span> <span class='ocrx_word' id='word_1_326' title='bbox 1520 1726 1641 1799; x_wconf 88' lang='lat' dir='ltr'>Placet</span> <span class='ocrx_word' id='word_1_327' title='bbox 1656 1724 1746 1796; x_wconf 88' lang='lat' dir='ltr'>mihi</span> <span class='ocrx_word' id='word_1_328' title='bbox 1763 1742 1880 1800; x_wconf 91' lang='lat' dir='ltr'>autem</span> <span class='ocrx_word' id='word_1_329' title='bbox 1903 1745 1938 1800; x_wconf 89' lang='lat' dir='ltr'>et</span> <span class='ocrx_word' id='word_1_330' title='bbox 1960 1725 2158 1799; x_wconf 85' lang='lat' dir='ltr'>Theodosii</span> 
     </span>
     <span class='ocr_line' id='line_1_52' title="bbox 1174 1830 2160 1928; baseline 0 -28"><span class='ocrx_word' id='word_1_331' title='bbox 1174 1832 1381 1910; x_wconf 90' lang='lat' dir='ltr'>consilium,</span> <span class='ocrx_word' id='word_1_332' title='bbox 1407 1832 1469 1923; x_wconf 89' lang='lat' dir='ltr'>qui</span> <span class='ocrx_word' id='word_1_333' title='bbox 1492 1830 1593 1901; x_wconf 89' lang='lat' dir='ltr'>iussit</span> <span class='ocrx_word' id='word_1_334' title='bbox 1616 1831 1653 1899; x_wconf 89' lang='lat' dir='ltr'>in</span> <span class='ocrx_word' id='word_1_335' title='bbox 1679 1830 1825 1923; x_wconf 91' lang='lat' dir='ltr'>Synodn</span> <span class='ocrx_word' id='word_1_336' title='bbox 1850 1832 1992 1928; x_wconf 89' lang='lat' dir='ltr'>quaeri,</span> <span class='ocrx_word' id='word_1_337' title='bbox 2019 1845 2055 1901; x_wconf 93' lang='lat' dir='ltr'>et</span> <span class='ocrx_word' id='word_1_338' title='bbox 2076 1856 2160 1924; x_wconf 91' lang='lat' dir='ltr'>pru·</span> 
     </span>
     <span class='ocr_line' id='line_1_53' title="bbox 1175 1931 2158 2007; baseline -0.002 -5"><span class='ocrx_word' id='word_1_339' title='bbox 1175 1936 1266 2003; x_wconf 90' lang='lat' dir='ltr'>ferre</span> <span class='ocrx_word' id='word_1_340' title='bbox 1286 1932 1486 2004; x_wconf 91' lang='lat' dir='ltr'>testimonia</span> <span class='ocrx_word' id='word_1_341' title='bbox 1511 1932 1666 2002; x_wconf 89' lang='lat' dir='ltr'>sincerae</span> <span class='ocrx_word' id='word_1_342' title='bbox 1690 1937 1881 2007; x_wconf 89' lang='lat' dir='ltr'>vetustatis.</span> <span class='ocrx_word' id='word_1_343' title='bbox 1934 1931 2037 2003; x_wconf 87' lang='lat' dir='ltr'>Certe</span> <span class='ocrx_word' id='word_1_344' title='bbox 2062 1935 2158 2003; x_wconf 92' lang='lat' dir='ltr'>enim</span> 
     </span>
     <span class='ocr_line' id='line_1_54' title="bbox 1173 2034 2159 2120; baseline -0.003 -15"><span class='ocrx_word' id='word_1_345' title='bbox 1173 2034 1365 2105; x_wconf 87' lang='lat' dir='ltr'>Ecclesiam</span> <span class='ocrx_word' id='word_1_346' title='bbox 1390 2035 1580 2104; x_wconf 90' lang='lat' dir='ltr'>doctricem</span> <span class='ocrx_word' id='word_1_347' title='bbox 1608 2034 1761 2104; x_wconf 88' lang='lat' dir='ltr'>libenter</span> <span class='ocrx_word' id='word_1_348' title='bbox 1782 2038 1908 2120; x_wconf 88' lang='lat' dir='ltr'>audio,</span> <span class='ocrx_word' id='word_1_349' title='bbox 1948 2051 1986 2104; x_wconf 90' lang='lat' dir='ltr'>nt</span> <span class='ocrx_word' id='word_1_350' title='bbox 2009 2034 2159 2105; x_wconf 89' lang='lat' dir='ltr'>Samson</span> 
     </span>
     <span class='ocr_line' id='line_1_55' title="bbox 1174 2136 2160 2222; baseline 0.001 -18"><span class='ocrx_word' id='word_1_351' title='bbox 1174 2138 1331 2207; x_wconf 89' lang='lat' dir='ltr'>monuit:</span> <span class='ocrx_word' id='word_1_352' title='bbox 1360 2136 1429 2222; x_wconf 88' lang='lat' dir='ltr'>„Si</span> <span class='ocrx_word' id='word_1_353' title='bbox 1449 2161 1521 2206; x_wconf 92' lang='lat' dir='ltr'>non</span> <span class='ocrx_word' id='word_1_354' title='bbox 1538 2138 1700 2206; x_wconf 90' lang='lat' dir='ltr'>arassetis</span> <span class='ocrx_word' id='word_1_355' title='bbox 1721 2137 1831 2207; x_wconf 90' lang='lat' dir='ltr'>vitula</span> <span class='ocrx_word' id='word_1_356' title='bbox 1848 2163 1943 2221; x_wconf 91' lang='lat' dir='ltr'>mea,</span> <span class='ocrx_word' id='word_1_357' title='bbox 1969 2161 2043 2206; x_wconf 92' lang='lat' dir='ltr'>non</span> <span class='ocrx_word' id='word_1_358' title='bbox 2059 2140 2160 2205; x_wconf 92' lang='lat' dir='ltr'>inve-</span> 
     </span>
     <span class='ocr_line' id='line_1_56' title="bbox 1174 2238 1355 2311; baseline 0.011 -5"><span class='ocrx_word' id='word_1_359' title='bbox 1174 2238 1355 2311; x_wconf 82' lang='lat' dir='ltr'>nissetis.&#39;&#39;</span> 
     </span>
    </p>

    <p class='ocr_par' dir='ltr' id='par_1_12' title="bbox 1171 2335 2161 3251">
     <span class='ocr_line' id='line_1_57' title="bbox 1277 2335 2160 2440; baseline -0.006 -27"><span class='ocrx_word' id='word_1_360' title='bbox 1277 2343 1329 2413; x_wconf 87' lang='lat' dir='ltr'>De</span> <span class='ocrx_word' id='word_1_361' title='bbox 1346 2343 1629 2440; x_wconf 80' lang='lat' dir='ltr'>dispensatione,</span> <span class='ocrx_word' id='word_1_362' title='bbox 1651 2366 1757 2434; x_wconf 86' lang='lat' dir='ltr'>quarn</span> <span class='ocrx_word' id='word_1_363' title='bbox 1772 2341 1897 2424; x_wconf 84' lang='lat' dir='ltr'>offers,</span> <span class='ocrx_word' id='word_1_364' title='bbox 1922 2355 2055 2434; x_wconf 90' lang='lat' dir='ltr'>quanto</span> <span class='ocrx_word' id='word_1_365' title='bbox 2074 2335 2160 2408; x_wconf 91' lang='lat' dir='ltr'>haec</span> 
     </span>
     <span class='ocr_line' id='line_1_58' title="bbox 1172 2442 2160 2536; baseline -0.002 -25"><span class='ocrx_word' id='word_1_366' title='bbox 1172 2444 1230 2515; x_wconf 89' lang='lat' dir='ltr'>fiet</span> <span class='ocrx_word' id='word_1_367' title='bbox 1248 2446 1470 2513; x_wconf 88' lang='lat' dir='ltr'>commodius</span> <span class='ocrx_word' id='word_1_368' title='bbox 1487 2445 1525 2511; x_wconf 89' lang='lat' dir='ltr'>in</span> <span class='ocrx_word' id='word_1_369' title='bbox 1541 2442 1715 2536; x_wconf 81' lang='lat' dir='ltr'>Synodo?</span> <span class='ocrx_word' id='word_1_370' title='bbox 1741 2442 1860 2511; x_wconf 88' lang='lat' dir='ltr'>Maior</span> <span class='ocrx_word' id='word_1_371' title='bbox 1879 2445 1975 2511; x_wconf 88' lang='lat' dir='ltr'>enirn</span> <span class='ocrx_word' id='word_1_372' title='bbox 1994 2444 2059 2512; x_wconf 90' lang='lat' dir='ltr'>erit</span> <span class='ocrx_word' id='word_1_373' title='bbox 2074 2464 2160 2531; x_wconf 91' lang='lat' dir='ltr'>gen-</span> 
     </span>
     <span class='ocr_line' id='line_1_59' title="bbox 1172 2539 2161 2627; baseline -0.003 -9"><span class='ocrx_word' id='word_1_374' title='bbox 1172 2547 1261 2618; x_wconf 90' lang='lat' dir='ltr'>tium</span> <span class='ocrx_word' id='word_1_375' title='bbox 1279 2546 1487 2627; x_wconf 90' lang='lat' dir='ltr'>concordia,</span> <span class='ocrx_word' id='word_1_376' title='bbox 1513 2545 1542 2613; x_wconf 91' lang='lat' dir='ltr'>si</span> <span class='ocrx_word' id='word_1_377' title='bbox 1559 2546 1669 2615; x_wconf 92' lang='lat' dir='ltr'>simul</span> <span class='ocrx_word' id='word_1_378' title='bbox 1691 2569 1813 2614; x_wconf 86' lang='lat' dir='ltr'>omnes</span> <span class='ocrx_word' id='word_1_379' title='bbox 1837 2547 1941 2615; x_wconf 87' lang='lat' dir='ltr'>talem</span> <span class='ocrx_word' id='word_1_380' title='bbox 1967 2539 2161 2616; x_wconf 77' lang='grc' dir='ltr'><strong><em>ἐπιείκειαν</em></strong></span> 
     </span>
     <span class='ocr_line' id='line_1_60' title="bbox 1172 2643 2160 2739; baseline -0.006 -20"><span class='ocrx_word' id='word_1_381' title='bbox 1172 2648 1355 2739; x_wconf 90' lang='lat' dir='ltr'>recipient.</span> <span class='ocrx_word' id='word_1_382' title='bbox 1407 2647 1456 2719; x_wconf 91' lang='lat' dir='ltr'>Et</span> <span class='ocrx_word' id='word_1_383' title='bbox 1479 2648 1543 2718; x_wconf 88' lang='lat' dir='ltr'>illu</span> <span class='ocrx_word' id='word_1_384' title='bbox 1567 2650 1662 2718; x_wconf 91' lang='lat' dir='ltr'>dictu</span> <span class='ocrx_word' id='word_1_385' title='bbox 1692 2643 1838 2717; x_wconf 80' lang='lat' dir='ltr'>heroico</span> <span class='ocrx_word' id='word_1_386' title='bbox 1874 2648 2048 2717; x_wconf 90' lang='lat' dir='ltr'>delectur:</span> <span class='ocrx_word' id='word_1_387' title='bbox 2084 2643 2160 2730; x_wconf 90' lang='lat' dir='ltr'>„ln</span> 
     </span>
     <span class='ocr_line' id='line_1_61' title="bbox 1172 2747 2160 2842; baseline -0.004 -21"><span class='ocrx_word' id='word_1_388' title='bbox 1172 2751 1352 2821; x_wconf 91' lang='lat' dir='ltr'>communi</span> <span class='ocrx_word' id='word_1_389' title='bbox 1369 2751 1524 2842; x_wconf 89' lang='lat' dir='ltr'>pericula</span> <span class='ocrx_word' id='word_1_390' title='bbox 1542 2751 1587 2820; x_wconf 91' lang='lat' dir='ltr'>sit</span> <span class='ocrx_word' id='word_1_391' title='bbox 1602 2750 1800 2820; x_wconf 83' lang='lat' dir='ltr'>commrmis</span> <span class='ocrx_word' id='word_1_392' title='bbox 1816 2750 2056 2822; x_wconf 79' lang='lat' dir='ltr'>deliberatio.”</span> <span class='ocrx_word' id='word_1_393' title='bbox 2088 2747 2160 2818; x_wconf 89' lang='lat' dir='ltr'>Nec</span> 
     </span>
     <span class='ocr_line' id='line_1_62' title="bbox 1172 2849 2160 2942; baseline -0.002 -20"><span class='ocrx_word' id='word_1_394' title='bbox 1172 2855 1358 2924; x_wconf 90' lang='lat' dir='ltr'>defuturus</span> <span class='ocrx_word' id='word_1_395' title='bbox 1372 2878 1449 2923; x_wconf 89' lang='lat' dir='ltr'>sum</span> <span class='ocrx_word' id='word_1_396' title='bbox 1467 2878 1544 2923; x_wconf 93' lang='lat' dir='ltr'>meo</span> <span class='ocrx_word' id='word_1_397' title='bbox 1563 2853 1680 2923; x_wconf 85' lang='lat' dir='ltr'>officio</span> <span class='ocrx_word' id='word_1_398' title='bbox 1707 2855 1814 2922; x_wconf 89' lang='lat' dir='ltr'>rebus</span> <span class='ocrx_word' id='word_1_399' title='bbox 1838 2853 1999 2942; x_wconf 89' lang='lat' dir='ltr'>cognitis.</span> <span class='ocrx_word' id='word_1_400' title='bbox 2051 2849 2099 2921; x_wconf 92' lang='lat' dir='ltr'>Et</span> <span class='ocrx_word' id='word_1_401' title='bbox 2120 2864 2160 2920; x_wconf 92' lang='lat' dir='ltr'>ut</span> 
     </span>
     <span class='ocr_line' id='line_1_63' title="bbox 1171 2953 2159 3048; baseline -0.007 -22"><span class='ocrx_word' id='word_1_402' title='bbox 1171 2956 1328 3047; x_wconf 87' lang='lat' dir='ltr'>cognitio</span> <span class='ocrx_word' id='word_1_403' title='bbox 1346 2956 1456 3048; x_wconf 90' lang='lat' dir='ltr'>possit</span> <span class='ocrx_word' id='word_1_404' title='bbox 1470 2956 1596 3026; x_wconf 87' lang='lat' dir='ltr'>ordine</span> <span class='ocrx_word' id='word_1_405' title='bbox 1611 2955 1704 3040; x_wconf 83' lang='lat' dir='ltr'>fieri,</span> <span class='ocrx_word' id='word_1_406' title='bbox 1730 2970 1890 3025; x_wconf 83' lang='lat' dir='ltr'>veterum</span> <span class='ocrx_word' id='word_1_407' title='bbox 1902 2953 2159 3047; x_wconf 89' lang='lat' dir='ltr'>lmperatorum</span> 
     </span>
     <span class='ocr_line' id='line_1_64' title="bbox 1171 3056 2160 3150; baseline -0.005 -22"><span class='ocrx_word' id='word_1_408' title='bbox 1171 3061 1331 3150; x_wconf 90' lang='lat' dir='ltr'>exemplo</span> <span class='ocrx_word' id='word_1_409' title='bbox 1346 3059 1641 3138; x_wconf 90' lang='lat' dir='ltr'>adfuturussum‚</span> <span class='ocrx_word' id='word_1_410' title='bbox 1668 3071 1704 3127; x_wconf 94' lang='lat' dir='ltr'>et</span> <span class='ocrx_word' id='word_1_411' title='bbox 1718 3073 1892 3150; x_wconf 92' lang='lat' dir='ltr'>quantum</span> <span class='ocrx_word' id='word_1_412' title='bbox 1915 3065 2039 3149; x_wconf 83' lang='lat' dir='ltr'>poterd</span> <span class='ocrx_word' id='word_1_413' title='bbox 2054 3056 2160 3146; x_wconf 85' lang='lat' dir='ltr'>perb-</span> 
     </span>
     <span class='ocr_line' id='line_1_65' title="bbox 1171 3157 2159 3251; baseline -0.008 -20"><span class='ocrx_word' id='word_1_414' title='bbox 1171 3162 1281 3251; x_wconf 90' lang='lat' dir='ltr'>ciam,</span> <span class='ocrx_word' id='word_1_415' title='bbox 1309 3175 1349 3230; x_wconf 91' lang='lat' dir='ltr'>nt</span> <span class='ocrx_word' id='word_1_416' title='bbox 1367 3158 1433 3230; x_wconf 89' lang='lat' dir='ltr'>bae</span> <span class='ocrx_word' id='word_1_417' title='bbox 1448 3162 1540 3250; x_wconf 88' lang='lat' dir='ltr'>leges</span> <span class='ocrx_word' id='word_1_418' title='bbox 1556 3159 1768 3229; x_wconf 89' lang='lat' dir='ltr'>iustissimae</span> <span class='ocrx_word' id='word_1_419' title='bbox 1785 3174 1987 3229; x_wconf 89' lang='lat' dir='ltr'>serventur:</span> <span class='ocrx_word' id='word_1_420' title='bbox 2022 3157 2159 3242; x_wconf 90' lang='lat' dir='ltr'>„Utra-</span> 
     </span>
    </p>
   </div>
   <div class='ocr_carea' id='block_1_8' title="bbox 1171 3257 2277 3356">
    <p class='ocr_par' dir='ltr' id='par_1_13' title="bbox 1171 3257 2277 3356">
     <span class='ocr_line' id='line_1_66' title="bbox 1171 3257 2277 3356; baseline -0.006 -24"><span class='ocrx_word' id='word_1_421' title='bbox 1171 3287 1240 3356; x_wconf 88' lang='lat' dir='ltr'>que</span> <span class='ocrx_word' id='word_1_422' title='bbox 1255 3286 1334 3354; x_wconf 90' lang='lat' dir='ltr'>pars</span> <span class='ocrx_word' id='word_1_423' title='bbox 1349 3261 1482 3352; x_wconf 88' lang='lat' dir='ltr'>pariter</span> <span class='ocrx_word' id='word_1_424' title='bbox 1499 3260 1698 3332; x_wconf 84' lang='lat' dir='ltr'>audiatur.&#39;&#39;</span> <span class='ocrx_word' id='word_1_425' title='bbox 1742 3258 1806 3330; x_wconf 90' lang='lat' dir='ltr'>Et:</span> <span class='ocrx_word' id='word_1_426' title='bbox 1831 3260 2066 3344; x_wconf 90' lang='lat' dir='ltr'>„Sententiae</span> <span class='ocrx_word' id='word_1_427' title='bbox 2084 3282 2158 3326; x_wconf 91' lang='lat' dir='ltr'>non</span> <span class='ocrx_word' id='word_1_428' title='bbox 2271 3257 2277 3268; x_wconf 84' lang='lat'><em>&#39;</em></span> 
     </span>
    </p>
   </div>
   <div class='ocr_carea' id='block_1_9' title="bbox 1170 3361 2160 3557">
    <p class='ocr_par' dir='ltr' id='par_1_14' title="bbox 1170 3361 2160 3557">
     <span class='ocr_line' id='line_1_67' title="bbox 1170 3361 2160 3459; baseline -0.008 -25"><span class='ocrx_word' id='word_1_429' title='bbox 1170 3364 1367 3459; x_wconf 86' lang='lat' dir='ltr'>tyrannicis</span> <span class='ocrx_word' id='word_1_430' title='bbox 1386 3365 1543 3434; x_wconf 90' lang='lat' dir='ltr'>arbitriis</span> <span class='ocrx_word' id='word_1_431' title='bbox 1559 3366 1738 3445; x_wconf 87' lang='lat' dir='ltr'>ferantur,</span> <span class='ocrx_word' id='word_1_432' title='bbox 1757 3365 1816 3430; x_wconf 91' lang='lat' dir='ltr'>sed</span> <span class='ocrx_word' id='word_1_433' title='bbox 1835 3364 1930 3432; x_wconf 88' lang='lat' dir='ltr'>inxta</span> <span class='ocrx_word' id='word_1_434' title='bbox 1947 3361 2081 3452; x_wconf 83' lang='lat' dir='ltr'>leges&#39;&#39;‚</span> <span class='ocrx_word' id='word_1_435' title='bbox 2104 3361 2160 3427; x_wconf 88' lang='lat' dir='ltr'>vi·</span> 
     </span>
     <span class='ocr_line' id='line_1_68' title="bbox 1171 3460 2158 3557; baseline -0.008 -21"><span class='ocrx_word' id='word_1_436' title='bbox 1171 3467 1299 3536; x_wconf 87' lang='lat' dir='ltr'>delicet</span> <span class='ocrx_word' id='word_1_437' title='bbox 1320 3468 1417 3536; x_wconf 89' lang='lat' dir='ltr'>iuxta</span> <span class='ocrx_word' id='word_1_438' title='bbox 1442 3466 1661 3546; x_wconf 91' lang='lat' dir='ltr'>doctrinam,</span> <span class='ocrx_word' id='word_1_439' title='bbox 1689 3489 1794 3557; x_wconf 86' lang='lat' dir='ltr'>quarn</span> <span class='ocrx_word' id='word_1_440' title='bbox 1821 3461 1955 3535; x_wconf 81' lang='lat' dir='ltr'>certum</span> <span class='ocrx_word' id='word_1_441' title='bbox 1980 3479 2063 3535; x_wconf 89' lang='lat' dir='ltr'>esta</span> <span class='ocrx_word' id='word_1_442' title='bbox 2080 3460 2158 3532; x_wconf 92' lang='lat' dir='ltr'>Deo</span> 
     </span>
    </p>
   </div>
   <div class='ocr_carea' id='block_1_10' title="bbox 1170 3570 2159 3866">
    <p class='ocr_par' dir='ltr' id='par_1_15' title="bbox 1170 3570 2159 3866">
     <span class='ocr_line' id='line_1_69' title="bbox 1170 3570 1443 3640; baseline -0.007 0"><span class='ocrx_word' id='word_1_443' title='bbox 1170 3570 1334 3640; x_wconf 91' lang='lat' dir='ltr'>traditam</span> <span class='ocrx_word' id='word_1_444' title='bbox 1358 3594 1443 3639; x_wconf 84' lang='lat' dir='ltr'>esse.</span> 
     </span>
     <span class='ocr_line' id='line_1_70' title="bbox 1272 3668 2159 3764; baseline -0.008 -23"><span class='ocrx_word' id='word_1_445' title='bbox 1272 3670 1377 3741; x_wconf 90' lang='lat' dir='ltr'>Nunc</span> <span class='ocrx_word' id='word_1_446' title='bbox 1394 3672 1488 3764; x_wconf 91' lang='lat' dir='ltr'>quod</span> <span class='ocrx_word' id='word_1_447' title='bbox 1506 3670 1624 3754; x_wconf 91' lang='lat' dir='ltr'>iubes,</span> <span class='ocrx_word' id='word_1_448' title='bbox 1650 3683 1690 3741; x_wconf 92' lang='lat' dir='ltr'>ut</span> <span class='ocrx_word' id='word_1_449' title='bbox 1705 3670 1782 3738; x_wconf 90' lang='lat' dir='ltr'>sine</span> <span class='ocrx_word' id='word_1_450' title='bbox 1796 3669 2052 3740; x_wconf 89' lang='lat' dir='ltr'>diiudicatione</span> <span class='ocrx_word' id='word_1_451' title='bbox 2067 3668 2159 3737; x_wconf 91' lang='lat' dir='ltr'>bona</span> 
     </span>
     <span class='ocr_line' id='line_1_71' title="bbox 1171 3770 2159 3866; baseline -0.006 -23"><span class='ocrx_word' id='word_1_452' title='bbox 1171 3788 1205 3845; x_wconf 94' lang='lat' dir='ltr'>et</span> <span class='ocrx_word' id='word_1_453' title='bbox 1226 3775 1318 3843; x_wconf 91' lang='lat' dir='ltr'>mala</span> <span class='ocrx_word' id='word_1_454' title='bbox 1343 3775 1475 3864; x_wconf 89' lang='lat' dir='ltr'>pariter</span> <span class='ocrx_word' id='word_1_455' title='bbox 1503 3774 1657 3857; x_wconf 89' lang='lat' dir='ltr'>deleam,</span> <span class='ocrx_word' id='word_1_456' title='bbox 1692 3773 1727 3841; x_wconf 94' lang='lat' dir='ltr'>id</span> <span class='ocrx_word' id='word_1_457' title='bbox 1763 3795 1986 3866; x_wconf 87' lang='lat' dir='ltr'>nequaquam</span> <span class='ocrx_word' id='word_1_458' title='bbox 2020 3770 2159 3840; x_wconf 86' lang='lat' dir='ltr'>faciam.</span> 
     </span>
    </p>
   </div>
   <div class='ocr_carea' id='block_1_11' title="bbox 131 3872 2160 3968">
    <p class='ocr_par' dir='ltr' id='par_1_16' title="bbox 131 3872 2160 3968">
     <span class='ocr_line' id='line_1_72' title="bbox 131 3872 2160 3968; baseline -0.003 -22"><span class='ocrx_word' id='word_1_459' title='bbox 131 3878 278 3949; x_wconf 76' lang='lat' dir='ltr'>clusura</span> <span class='ocrx_word' id='word_1_460' title='bbox 295 3875 479 3960; x_wconf 88' lang='lat' dir='ltr'>sententia,</span> <span class='ocrx_word' id='word_1_461' title='bbox 503 3878 600 3968; x_wconf 91' lang='lat' dir='ltr'>quod</span> <span class='ocrx_word' id='word_1_462' title='bbox 618 3900 690 3945; x_wconf 89' lang='lat' dir='ltr'>non</span> <span class='ocrx_word' id='word_1_463' title='bbox 707 3876 944 3946; x_wconf 75' lang='lat' dir='ltr'>siaaudtenaa</span> <span class='ocrx_word' id='word_1_464' title='bbox 961 3877 1120 3966; x_wconf 91' lang='lat' dir='ltr'>disputa·</span> <span class='ocrx_word' id='word_1_465' title='bbox 1169 3876 1263 3946; x_wconf 93' lang='lat' dir='ltr'>Nolo</span> <span class='ocrx_word' id='word_1_466' title='bbox 1278 3876 1372 3944; x_wconf 92' lang='lat' dir='ltr'>enim</span> <span class='ocrx_word' id='word_1_467' title='bbox 1391 3900 1431 3944; x_wconf 89' lang='lat' dir='ltr'>ex</span> <span class='ocrx_word' id='word_1_468' title='bbox 1447 3872 1603 3945; x_wconf 90' lang='lat' dir='ltr'>Ecclesia</span> <span class='ocrx_word' id='word_1_469' title='bbox 1618 3877 1744 3945; x_wconf 87' lang='lat' dir='ltr'>tollere</span> <span class='ocrx_word' id='word_1_470' title='bbox 1767 3875 1921 3964; x_wconf 83' lang='lat' dir='ltr'>legitima</span> <span class='ocrx_word' id='word_1_471' title='bbox 1947 3872 2100 3954; x_wconf 86' lang='lat' dir='ltr'>iudicia,</span> <span class='ocrx_word' id='word_1_472' title='bbox 2126 3885 2160 3939; x_wconf 94' lang='lat' dir='ltr'>et</span> 
     </span>
    </p>
   </div>
   <div class='ocr_carea' id='block_1_12' title="bbox 131 3975 1122 5404">
    <p class='ocr_par' dir='ltr' id='par_1_17' title="bbox 131 3975 1122 5404">
     <span class='ocr_line' id='line_1_73' title="bbox 131 3975 1119 4053; baseline -0.004 -2"><span class='ocrx_word' id='word_1_473' title='bbox 131 3979 183 4051; x_wconf 90' lang='lat' dir='ltr'>tio</span> <span class='ocrx_word' id='word_1_474' title='bbox 215 3978 261 4047; x_wconf 91' lang='lat' dir='ltr'>de</span> <span class='ocrx_word' id='word_1_475' title='bbox 287 3978 451 4047; x_wconf 85' lang='lat' dir='ltr'>absurdis</span> <span class='ocrx_word' id='word_1_476' title='bbox 483 3993 516 4048; x_wconf 92' lang='lat' dir='ltr'>et</span> <span class='ocrx_word' id='word_1_477' title='bbox 552 3978 870 4053; x_wconf 86' lang='lat' dir='ltr'>inextricabilibus.</span> <span class='ocrx_word' id='word_1_478' title='bbox 930 3975 1020 4048; x_wconf 88' lang='lat' dir='ltr'>Nam</span> <span class='ocrx_word' id='word_1_479' title='bbox 1055 4002 1119 4047; x_wconf 90' lang='lat' dir='ltr'>nec</span> 
     </span>
     <span class='ocr_line' id='line_1_74' title="bbox 131 4081 1120 4172; baseline -0.004 -18"><span class='ocrx_word' id='word_1_480' title='bbox 131 4081 272 4164; x_wconf 86' lang='lat' dir='ltr'>omnia,</span> <span class='ocrx_word' id='word_1_481' title='bbox 300 4104 390 4172; x_wconf 90' lang='lat' dir='ltr'>qnae</span> <span class='ocrx_word' id='word_1_482' title='bbox 420 4103 517 4149; x_wconf 91' lang='lat' dir='ltr'>nunc</span> <span class='ocrx_word' id='word_1_483' title='bbox 550 4081 798 4171; x_wconf 89' lang='lat' dir='ltr'>disputantur,</span> <span class='ocrx_word' id='word_1_484' title='bbox 836 4083 990 4150; x_wconf 91' lang='lat' dir='ltr'>absurda</span> <span class='ocrx_word' id='word_1_485' title='bbox 1024 4096 1120 4166; x_wconf 93' lang='lat' dir='ltr'>sunt,</span> 
     </span>
     <span class='ocr_line' id='line_1_75' title="bbox 131 4179 1120 4276; baseline -0.004 -19"><span class='ocrx_word' id='word_1_486' title='bbox 131 4208 193 4257; x_wconf 82' lang='lat' dir='ltr'>uec</span> <span class='ocrx_word' id='word_1_487' title='bbox 208 4196 292 4254; x_wconf 91' lang='lat' dir='ltr'>suut</span> <span class='ocrx_word' id='word_1_488' title='bbox 311 4184 404 4252; x_wconf 91' lang='lat' dir='ltr'>ullae</span> <span class='ocrx_word' id='word_1_489' title='bbox 420 4183 683 4253; x_wconf 80' lang='lat' dir='ltr'>inextricabiles</span> <span class='ocrx_word' id='word_1_490' title='bbox 698 4183 924 4276; x_wconf 89' lang='lat' dir='ltr'>quaestiones</span> <span class='ocrx_word' id='word_1_491' title='bbox 940 4184 978 4251; x_wconf 92' lang='lat' dir='ltr'>in</span> <span class='ocrx_word' id='word_1_492' title='bbox 994 4179 1120 4254; x_wconf 89' lang='lat' dir='ltr'>Eccle-</span> 
     </span>
     <span class='ocr_line' id='line_1_76' title="bbox 131 4281 1120 4377; baseline -0.004 -17"><span class='ocrx_word' id='word_1_493' title='bbox 131 4288 177 4360; x_wconf 78' lang='lat' dir='ltr'>ns</span> <span class='ocrx_word' id='word_1_494' title='bbox 195 4289 244 4357; x_wconf 89' lang='lat' dir='ltr'>de</span> <span class='ocrx_word' id='word_1_495' title='bbox 259 4287 367 4356; x_wconf 89' lang='lat' dir='ltr'>rebus</span> <span class='ocrx_word' id='word_1_496' title='bbox 380 4287 596 4360; x_wconf 86' lang='lat' dir='ltr'>necessariis.</span> <span class='ocrx_word' id='word_1_497' title='bbox 629 4285 764 4357; x_wconf 80' lang='lat' dir='ltr'>Audivi</span> <span class='ocrx_word' id='word_1_498' title='bbox 781 4301 814 4357; x_wconf 95' lang='lat' dir='ltr'>et</span> <span class='ocrx_word' id='word_1_499' title='bbox 831 4310 894 4376; x_wconf 87' lang='lat' dir='ltr'>ego</span> <span class='ocrx_word' id='word_1_500' title='bbox 912 4281 1001 4354; x_wconf 76' lang='lat' dir='ltr'>milri</span> <span class='ocrx_word' id='word_1_501' title='bbox 1018 4310 1120 4377; x_wconf 90' lang='lat' dir='ltr'>saepe</span> 
     </span>
     <span class='ocr_line' id='line_1_77' title="bbox 131 4386 1119 4480; baseline -0.006 -17"><span class='ocrx_word' id='word_1_502' title='bbox 131 4388 356 4463; x_wconf 82' lang='lat' dir='ltr'>Platonicum</span> <span class='ocrx_word' id='word_1_503' title='bbox 383 4389 473 4458; x_wconf 92' lang='lat' dir='ltr'>illud</span> <span class='ocrx_word' id='word_1_504' title='bbox 497 4389 584 4458; x_wconf 91' lang='lat' dir='ltr'>dici:</span> <span class='ocrx_word' id='word_1_505' title='bbox 611 4386 692 4479; x_wconf 90' lang='lat' dir='ltr'>„Ut</span> <span class='ocrx_word' id='word_1_506' title='bbox 717 4403 904 4480; x_wconf 88' lang='lat' dir='ltr'>parentum</span> <span class='ocrx_word' id='word_1_507' title='bbox 928 4389 1052 4457; x_wconf 89' lang='lat' dir='ltr'>deliria</span> <span class='ocrx_word' id='word_1_508' title='bbox 1067 4391 1119 4457; x_wconf 90' lang='lat' dir='ltr'>fe-</span> 
     </span>
     <span class='ocr_line' id='line_1_78' title="bbox 131 4490 1120 4582; baseline -0.005 -16"><span class='ocrx_word' id='word_1_509' title='bbox 131 4495 239 4566; x_wconf 82' lang='lat' dir='ltr'>renda</span> <span class='ocrx_word' id='word_1_510' title='bbox 259 4506 361 4576; x_wconf 88' lang='lat' dir='ltr'>sunt,</span> <span class='ocrx_word' id='word_1_511' title='bbox 386 4490 434 4561; x_wconf 95' lang='lat' dir='ltr'>ita</span> <span class='ocrx_word' id='word_1_512' title='bbox 451 4491 489 4559; x_wconf 92' lang='lat' dir='ltr'>in</span> <span class='ocrx_word' id='word_1_513' title='bbox 505 4491 710 4562; x_wconf 89' lang='lat' dir='ltr'>civitatibus</span> <span class='ocrx_word' id='word_1_514' title='bbox 725 4504 759 4561; x_wconf 91' lang='lat' dir='ltr'>et</span> <span class='ocrx_word' id='word_1_515' title='bbox 782 4492 1015 4582; x_wconf 87' lang='lat' dir='ltr'>religionibus</span> <span class='ocrx_word' id='word_1_516' title='bbox 1035 4491 1120 4561; x_wconf 91' lang='lat' dir='ltr'>vitia</span> 
     </span>
     <span class='ocr_line' id='line_1_79' title="bbox 131 4591 1121 4694; baseline -0.003 -29"><span class='ocrx_word' id='word_1_517' title='bbox 131 4597 302 4694; x_wconf 56' lang='lat' dir='ltr'>mam</span> <span class='ocrx_word' id='word_1_518' title='bbox 317 4593 573 4664; x_wconf 85' lang='lat' dir='ltr'>dissimulanda</span> <span class='ocrx_word' id='word_1_519' title='bbox 588 4616 672 4667; x_wconf 86' lang='lat' dir='ltr'>esse.</span> <span class='ocrx_word' id='word_1_520' title='bbox 680 4591 700 4621; x_wconf 87' lang='lat'>&#39;’</span> <span class='ocrx_word' id='word_1_521' title='bbox 750 4591 885 4664; x_wconf 90' lang='lat' dir='ltr'>Modus</span> <span class='ocrx_word' id='word_1_522' title='bbox 898 4608 948 4664; x_wconf 86' lang='lat' dir='ltr'>est</span> <span class='ocrx_word' id='word_1_523' title='bbox 964 4595 1039 4664; x_wconf 89' lang='lat' dir='ltr'>eius</span> <span class='ocrx_word' id='word_1_524' title='bbox 1055 4594 1121 4678; x_wconf 91' lang='lat' dir='ltr'>rei,</span> 
     </span>
     <span class='ocr_line' id='line_1_80' title="bbox 131 4692 1118 4788; baseline -0.008 -15"><span class='ocrx_word' id='word_1_525' title='bbox 131 4715 161 4773; x_wconf 82' lang='lat' dir='ltr'>et</span> <span class='ocrx_word' id='word_1_526' title='bbox 193 4699 235 4768; x_wconf 92' lang='lat' dir='ltr'>in</span> <span class='ocrx_word' id='word_1_527' title='bbox 266 4697 426 4788; x_wconf 88' lang='lat' dir='ltr'>imperiis</span> <span class='ocrx_word' id='word_1_528' title='bbox 459 4710 492 4767; x_wconf 93' lang='lat' dir='ltr'>et</span> <span class='ocrx_word' id='word_1_529' title='bbox 523 4698 562 4766; x_wconf 93' lang='lat' dir='ltr'>in</span> <span class='ocrx_word' id='word_1_530' title='bbox 595 4692 767 4767; x_wconf 84' lang='lat' dir='ltr'>Ecclesia.</span> <span class='ocrx_word' id='word_1_531' title='bbox 831 4695 1118 4768; x_wconf 85' lang='lat' dir='ltr'>Fundamentum</span> 
     </span>
     <span class='ocr_line' id='line_1_81' title="bbox 131 4795 1120 4889; baseline -0.008 -13"><span class='ocrx_word' id='word_1_532' title='bbox 131 4817 221 4876; x_wconf 78' lang='lat' dir='ltr'>uerte</span> <span class='ocrx_word' id='word_1_533' title='bbox 245 4802 285 4870; x_wconf 91' lang='lat' dir='ltr'>in</span> <span class='ocrx_word' id='word_1_534' title='bbox 306 4795 465 4869; x_wconf 87' lang='lat' dir='ltr'>Ecclesia</span> <span class='ocrx_word' id='word_1_535' title='bbox 495 4800 640 4871; x_wconf 88' lang='lat' dir='ltr'>retineri</span> <span class='ocrx_word' id='word_1_536' title='bbox 672 4815 824 4889; x_wconf 80' lang='lat' dir='ltr'>oportet.</span> <span class='ocrx_word' id='word_1_537' title='bbox 875 4796 924 4870; x_wconf 92' lang='lat' dir='ltr'>Et</span> <span class='ocrx_word' id='word_1_538' title='bbox 937 4796 1004 4869; x_wconf 88' lang='lat' dir='ltr'>bae</span> <span class='ocrx_word' id='word_1_539' title='bbox 1028 4801 1120 4889; x_wconf 90' lang='lat' dir='ltr'>leges</span> 
     </span>
     <span class='ocr_line' id='line_1_82' title="bbox 131 4899 1121 4994; baseline -0.008 -15"><span class='ocrx_word' id='word_1_540' title='bbox 131 4920 293 4979; x_wconf 68' lang='lat' dir='ltr'>numae</span> <span class='ocrx_word' id='word_1_541' title='bbox 315 4902 353 4971; x_wconf 93' lang='lat' dir='ltr'>in</span> <span class='ocrx_word' id='word_1_542' title='bbox 380 4900 540 4994; x_wconf 90' lang='lat' dir='ltr'>imperiis</span> <span class='ocrx_word' id='word_1_543' title='bbox 564 4917 598 4973; x_wconf 91' lang='lat' dir='ltr'>et</span> <span class='ocrx_word' id='word_1_544' title='bbox 617 4899 776 4972; x_wconf 88' lang='lat' dir='ltr'>Ecclesia</span> <span class='ocrx_word' id='word_1_545' title='bbox 800 4899 1005 4972; x_wconf 79' lang='lat' dir='ltr'>retinendae</span> <span class='ocrx_word' id='word_1_546' title='bbox 1028 4914 1121 4985; x_wconf 89' lang='lat' dir='ltr'>sunt,</span> 
     </span>
     <span class='ocr_line' id='line_1_83' title="bbox 131 4999 1122 5107; baseline -0.007 -27"><span class='ocrx_word' id='word_1_547' title='bbox 131 5033 219 5107; x_wconf 85' lang='lat' dir='ltr'>quae</span> <span class='ocrx_word' id='word_1_548' title='bbox 246 4999 439 5097; x_wconf 87' lang='lat' dir='ltr'>prohibent</span> <span class='ocrx_word' id='word_1_549' title='bbox 468 5003 648 5074; x_wconf 90' lang='lat' dir='ltr'>idolorum</span> <span class='ocrx_word' id='word_1_550' title='bbox 672 5005 916 5076; x_wconf 88' lang='lat' dir='ltr'>invocationes</span> <span class='ocrx_word' id='word_1_551' title='bbox 941 5019 974 5076; x_wconf 90' lang='lat' dir='ltr'>et</span> <span class='ocrx_word' id='word_1_552' title='bbox 998 5005 1122 5075; x_wconf 89' lang='lat' dir='ltr'>libidi-</span> 
     </span>
     <span class='ocr_line' id='line_1_84' title="bbox 131 5103 1122 5198; baseline -0.007 -14"><span class='ocrx_word' id='word_1_553' title='bbox 131 5136 217 5184; x_wconf 87' lang='lat' dir='ltr'>num</span> <span class='ocrx_word' id='word_1_554' title='bbox 244 5107 480 5181; x_wconf 84' lang='lat' dir='ltr'>ronfusiones.</span> <span class='ocrx_word' id='word_1_555' title='bbox 533 5103 757 5198; x_wconf 88' lang='lat' dir='ltr'>lrrepserunt</span> <span class='ocrx_word' id='word_1_556' title='bbox 788 5120 908 5177; x_wconf 92' lang='lat' dir='ltr'>autem</span> <span class='ocrx_word' id='word_1_557' title='bbox 936 5108 974 5175; x_wconf 93' lang='lat' dir='ltr'>in</span> <span class='ocrx_word' id='word_1_558' title='bbox 997 5105 1122 5177; x_wconf 88' lang='lat' dir='ltr'>Eccle-</span> 
     </span>
     <span class='ocr_line' id='line_1_85' title="bbox 131 5210 1121 5307; baseline -0.008 -20"><span class='ocrx_word' id='word_1_559' title='bbox 131 5216 215 5287; x_wconf 81' lang='lat' dir='ltr'>siam</span> <span class='ocrx_word' id='word_1_560' title='bbox 241 5212 416 5307; x_wconf 88' lang='lat' dir='ltr'>quaedam</span> <span class='ocrx_word' id='word_1_561' title='bbox 441 5210 686 5279; x_wconf 85' lang='lat' dir='ltr'>invocationes</span> <span class='ocrx_word' id='word_1_562' title='bbox 700 5211 980 5282; x_wconf 90' lang='lat' dir='ltr'>contumeliosae</span> <span class='ocrx_word' id='word_1_563' title='bbox 998 5225 1121 5281; x_wconf 87' lang='lat' dir='ltr'>contra</span> 
     </span>
     <span class='ocr_line' id='line_1_86' title="bbox 131 5309 1122 5404; baseline -0.006 -14"><span class='ocrx_word' id='word_1_564' title='bbox 131 5315 258 5390; x_wconf 79' lang='lat' dir='ltr'>Deum</span> <span class='ocrx_word' id='word_1_565' title='bbox 310 5309 356 5384; x_wconf 90' lang='lat' dir='ltr'>Et</span> <span class='ocrx_word' id='word_1_566' title='bbox 373 5311 560 5404; x_wconf 91' lang='lat' dir='ltr'>turpitudo</span> <span class='ocrx_word' id='word_1_567' title='bbox 579 5312 774 5384; x_wconf 92' lang='lat' dir='ltr'>libidinum</span> <span class='ocrx_word' id='word_1_568' title='bbox 791 5313 830 5382; x_wconf 94' lang='lat' dir='ltr'>in</span> <span class='ocrx_word' id='word_1_569' title='bbox 843 5329 1031 5404; x_wconf 89' lang='lat' dir='ltr'>conspectu</span> <span class='ocrx_word' id='word_1_570' title='bbox 1060 5328 1122 5384; x_wconf 85' lang='lat' dir='ltr'>est.</span> 
     </span>
    </p>
   </div>
   <div class='ocr_carea' id='block_1_13' title="bbox 131 5411 1120 5513">
    <p class='ocr_par' dir='ltr' id='par_1_18' title="bbox 131 5411 1120 5513">
     <span class='ocr_line' id='line_1_87' title="bbox 131 5411 1120 5513; baseline -0.007 -21"><span class='ocrx_word' id='word_1_571' title='bbox 131 5419 200 5492; x_wconf 73' lang='lat' dir='ltr'>aee</span> <span class='ocrx_word' id='word_1_572' title='bbox 212 5430 355 5491; x_wconf 83' lang='lat' dir='ltr'>tantum</span> <span class='ocrx_word' id='word_1_573' title='bbox 369 5411 500 5488; x_wconf 87' lang='lat' dir='ltr'>borum</span> <span class='ocrx_word' id='word_1_574' title='bbox 516 5416 695 5487; x_wconf 85' lang='lat' dir='ltr'>malorum</span> <span class='ocrx_word' id='word_1_575' title='bbox 712 5416 917 5487; x_wconf 84' lang='lat' dir='ltr'>emendatio</span> <span class='ocrx_word' id='word_1_576' title='bbox 932 5415 1120 5513; x_wconf 90' lang='lat' dir='ltr'>Synodum</span> 
     </span>
    </p>
   </div>
   <div class='ocr_carea' id='block_1_14' title="bbox 1170 3977 2217 5500">
    <p class='ocr_par' dir='ltr' id='par_1_19' title="bbox 1170 3977 2161 4382">
     <span class='ocr_line' id='line_1_88' title="bbox 1171 3977 2158 4072; baseline -0.009 -24"><span class='ocrx_word' id='word_1_577' title='bbox 1171 3981 1385 4049; x_wconf 88' lang='lat' dir='ltr'>constituere</span> <span class='ocrx_word' id='word_1_578' title='bbox 1404 3979 1644 4072; x_wconf 86' lang='lat' dir='ltr'>tyrannidem.</span> <span class='ocrx_word' id='word_1_579' title='bbox 1704 3977 1889 4046; x_wconf 88' lang='lat' dir='ltr'>Declaravi</span> <span class='ocrx_word' id='word_1_580' title='bbox 1911 3990 2028 4045; x_wconf 90' lang='lat' dir='ltr'>autem</span> <span class='ocrx_word' id='word_1_581' title='bbox 2056 3986 2158 4042; x_wconf 93' lang='lat' dir='ltr'>antea</span> 
     </span>
     <span class='ocr_line' id='line_1_89' title="bbox 1171 4076 2159 4163; baseline -0.012 -10"><span class='ocrx_word' id='word_1_582' title='bbox 1171 4106 1244 4153; x_wconf 91' lang='lat' dir='ltr'>non</span> <span class='ocrx_word' id='word_1_583' title='bbox 1265 4083 1414 4163; x_wconf 81' lang='lat' dir='ltr'>obscure</span> <span class='ocrx_word' id='word_1_584' title='bbox 1436 4081 1474 4149; x_wconf 92' lang='lat' dir='ltr'>in</span> <span class='ocrx_word' id='word_1_585' title='bbox 1498 4081 1620 4162; x_wconf 74' lang='lat' dir='ltr'>bello,</span> <span class='ocrx_word' id='word_1_586' title='bbox 1647 4101 1762 4147; x_wconf 86' lang='lat' dir='ltr'>meam</span> <span class='ocrx_word' id='word_1_587' title='bbox 1792 4076 2054 4147; x_wconf 89' lang='lat' dir='ltr'>observantiam</span> <span class='ocrx_word' id='word_1_588' title='bbox 2078 4096 2159 4163; x_wconf 89' lang='lat' dir='ltr'>erga</span> 
     </span>
     <span class='ocr_line' id='line_1_90' title="bbox 1170 4178 2161 4271; baseline -0.011 -17"><span class='ocrx_word' id='word_1_589' title='bbox 1170 4181 1364 4254; x_wconf 88' lang='lat' dir='ltr'>Ecclesiam</span> <span class='ocrx_word' id='word_1_590' title='bbox 1393 4196 1426 4252; x_wconf 94' lang='lat' dir='ltr'>et</span> <span class='ocrx_word' id='word_1_591' title='bbox 1450 4205 1530 4271; x_wconf 85' lang='lat' dir='ltr'>erga</span> <span class='ocrx_word' id='word_1_592' title='bbox 1554 4182 1673 4249; x_wconf 89' lang='lat' dir='ltr'>sedem</span> <span class='ocrx_word' id='word_1_593' title='bbox 1697 4178 1918 4262; x_wconf 89' lang='lat' dir='ltr'>Romanam,</span> <span class='ocrx_word' id='word_1_594' title='bbox 1951 4194 1984 4251; x_wconf 92' lang='lat' dir='ltr'>et</span> <span class='ocrx_word' id='word_1_595' title='bbox 2011 4200 2090 4267; x_wconf 91' lang='lat' dir='ltr'>erga</span> <span class='ocrx_word' id='word_1_596' title='bbox 2114 4190 2161 4258; x_wconf 90' lang='lat' dir='ltr'>te,</span> 
     </span>
     <span class='ocr_line' id='line_1_91' title="bbox 1173 4283 1731 4382; baseline -0.011 -26"><span class='ocrx_word' id='word_1_597' title='bbox 1173 4312 1279 4382; x_wconf 88' lang='lat' dir='ltr'>quam</span> <span class='ocrx_word' id='word_1_598' title='bbox 1296 4299 1337 4357; x_wconf 92' lang='lat' dir='ltr'>ut</span> <span class='ocrx_word' id='word_1_599' title='bbox 1352 4286 1518 4373; x_wconf 90' lang='lat' dir='ltr'>deinceps</span> <span class='ocrx_word' id='word_1_600' title='bbox 1534 4283 1731 4376; x_wconf 86' lang='lat' dir='ltr'>praestabo.</span> 
     </span>
    </p>

    <p class='ocr_par' dir='ltr' id='par_1_20' title="bbox 1171 4382 2217 4869">
     <span class='ocr_line' id='line_1_92' title="bbox 1272 4382 2161 4469; baseline -0.01 -11"><span class='ocrx_word' id='word_1_601' title='bbox 1272 4387 1349 4459; x_wconf 90' lang='lat' dir='ltr'>Hac</span> <span class='ocrx_word' id='word_1_602' title='bbox 1374 4389 1536 4458; x_wconf 88' lang='lat' dir='ltr'>oratione</span> <span class='ocrx_word' id='word_1_603' title='bbox 1558 4385 1697 4469; x_wconf 91' lang='lat' dir='ltr'>audita,</span> <span class='ocrx_word' id='word_1_604' title='bbox 1734 4396 1768 4454; x_wconf 93' lang='lat' dir='ltr'>et</span> <span class='ocrx_word' id='word_1_605' title='bbox 1789 4382 1954 4453; x_wconf 86' lang='lat' dir='ltr'>Pontifex</span> <span class='ocrx_word' id='word_1_606' title='bbox 1982 4399 2015 4454; x_wconf 92' lang='lat' dir='ltr'>et</span> <span class='ocrx_word' id='word_1_607' title='bbox 2037 4402 2161 4452; x_wconf 86' lang='lat' dir='ltr'>omnes</span> 
     </span>
     <span class='ocr_line' id='line_1_93' title="bbox 1171 4482 2217 4583; baseline -0.01 -21"><span class='ocrx_word' id='word_1_608' title='bbox 1171 4491 1354 4583; x_wconf 88' lang='lat' dir='ltr'>Principes</span> <span class='ocrx_word' id='word_1_609' title='bbox 1371 4491 1554 4581; x_wconf 86' lang='lat' dir='ltr'>ingenium</span> <span class='ocrx_word' id='word_1_610' title='bbox 1572 4505 1607 4558; x_wconf 92' lang='lat' dir='ltr'>et</span> <span class='ocrx_word' id='word_1_611' title='bbox 1623 4486 1904 4577; x_wconf 91' lang='lat' dir='ltr'>magnitudinem</span> <span class='ocrx_word' id='word_1_612' title='bbox 1916 4486 2027 4556; x_wconf 87' lang='lat' dir='ltr'>animi</span> <span class='ocrx_word' id='word_1_613' title='bbox 2044 4485 2080 4553; x_wconf 93' lang='lat' dir='ltr'>in</span> <span class='ocrx_word' id='word_1_614' title='bbox 2093 4482 2162 4553; x_wconf 89' lang='lat' dir='ltr'>Ca·</span> <span class='ocrx_word' id='word_1_615' title='bbox 2208 4511 2217 4520; x_wconf 94' lang='lat'><strong>·</strong></span> 
     </span>
     <span class='ocr_line' id='line_1_94' title="bbox 1172 4583 2161 4679; baseline -0.013 -14"><span class='ocrx_word' id='word_1_616' title='bbox 1172 4596 1250 4665; x_wconf 92' lang='lat' dir='ltr'>rolo</span> <span class='ocrx_word' id='word_1_617' title='bbox 1265 4594 1385 4665; x_wconf 89' lang='lat' dir='ltr'>mirati</span> <span class='ocrx_word' id='word_1_618' title='bbox 1400 4607 1495 4664; x_wconf 86' lang='lat' dir='ltr'>sunt.</span> <span class='ocrx_word' id='word_1_619' title='bbox 1550 4590 1634 4661; x_wconf 91' lang='lat' dir='ltr'>ldeo</span> <span class='ocrx_word' id='word_1_620' title='bbox 1651 4614 1697 4659; x_wconf 93' lang='lat' dir='ltr'>ne</span> <span class='ocrx_word' id='word_1_621' title='bbox 1713 4589 1825 4679; x_wconf 86' lang='lat' dir='ltr'>magis</span> <span class='ocrx_word' id='word_1_622' title='bbox 1835 4583 2161 4658; x_wconf 83' lang='lat' dir='ltr'>incendereturCa·</span> 
     </span>
     <span class='ocr_line' id='line_1_95' title="bbox 1172 4684 2158 4789; baseline -0.013 -22"><span class='ocrx_word' id='word_1_623' title='bbox 1172 4698 1283 4775; x_wconf 74' lang='lat' dir='ltr'>rolus,</span> <span class='ocrx_word' id='word_1_624' title='bbox 1310 4697 1448 4789; x_wconf 90' lang='lat' dir='ltr'>placide</span> <span class='ocrx_word' id='word_1_625' title='bbox 1464 4694 1653 4786; x_wconf 91' lang='lat' dir='ltr'>respondet</span> <span class='ocrx_word' id='word_1_626' title='bbox 1670 4690 1847 4776; x_wconf 82' lang='lat' dir='ltr'>Pontifex,</span> <span class='ocrx_word' id='word_1_627' title='bbox 1870 4715 1906 4760; x_wconf 91' lang='lat' dir='ltr'>se</span> <span class='ocrx_word' id='word_1_628' title='bbox 1922 4715 2001 4760; x_wconf 91' lang='lat' dir='ltr'>cum</span> <span class='ocrx_word' id='word_1_629' title='bbox 2015 4713 2079 4758; x_wconf 90' lang='lat' dir='ltr'>sno</span> <span class='ocrx_word' id='word_1_630' title='bbox 2092 4684 2158 4755; x_wconf 89' lang='lat' dir='ltr'>Se-</span> 
     </span>
     <span class='ocr_line' id='line_1_96' title="bbox 1172 4797 1799 4869; baseline -0.013 0"><span class='ocrx_word' id='word_1_631' title='bbox 1172 4813 1259 4869; x_wconf 90' lang='lat' dir='ltr'>natu</span> <span class='ocrx_word' id='word_1_632' title='bbox 1275 4821 1399 4869; x_wconf 87' lang='lat' dir='ltr'>rnrsns</span> <span class='ocrx_word' id='word_1_633' title='bbox 1414 4797 1693 4867; x_wconf 87' lang='lat' dir='ltr'>deliberaturum</span> <span class='ocrx_word' id='word_1_634' title='bbox 1715 4803 1799 4862; x_wconf 87' lang='lat' dir='ltr'>e&#39;sse.</span> 
     </span>
    </p>

    <p class='ocr_par' dir='ltr' id='par_1_21' title="bbox 1171 4891 2165 5500">
     <span class='ocr_line' id='line_1_97' title="bbox 1273 4891 2160 4986; baseline -0.012 -15"><span class='ocrx_word' id='word_1_635' title='bbox 1273 4899 1370 4971; x_wconf 88' lang='lat' dir='ltr'>llaec</span> <span class='ocrx_word' id='word_1_636' title='bbox 1380 4898 1620 4971; x_wconf 88' lang='lat' dir='ltr'>Bononiensis</span> <span class='ocrx_word' id='word_1_637' title='bbox 1633 4895 1724 4965; x_wconf 92' lang='lat' dir='ltr'>actio</span> <span class='ocrx_word' id='word_1_638' title='bbox 1739 4891 1895 4964; x_wconf 83' lang='lat' dir='ltr'>ostendit</span> <span class='ocrx_word' id='word_1_639' title='bbox 1911 4904 1996 4960; x_wconf 90' lang='lat' dir='ltr'>tunc</span> <span class='ocrx_word' id='word_1_640' title='bbox 2015 4893 2160 4986; x_wconf 87' lang='lat' dir='ltr'>quidem</span> 
     </span>
     <span class='ocr_line' id='line_1_98' title="bbox 1172 4993 2163 5085; baseline -0.013 -9"><span class='ocrx_word' id='word_1_641' title='bbox 1172 5001 1292 5076; x_wconf 90' lang='lat' dir='ltr'>Caroli</span> <span class='ocrx_word' id='word_1_642' title='bbox 1308 5006 1527 5073; x_wconf 91' lang='lat' dir='ltr'>moderatam</span> <span class='ocrx_word' id='word_1_643' title='bbox 1544 5001 1653 5070; x_wconf 88' lang='lat' dir='ltr'>fnisse</span> <span class='ocrx_word' id='word_1_644' title='bbox 1670 4997 1902 5075; x_wconf 88' lang='lat' dir='ltr'>voluntatem,</span> <span class='ocrx_word' id='word_1_645' title='bbox 1927 4993 1984 5062; x_wconf 90' lang='lat' dir='ltr'>cni</span> <span class='ocrx_word' id='word_1_646' title='bbox 1998 4995 2163 5085; x_wconf 88' lang='lat' dir='ltr'>congruit</span> 
     </span>
     <span class='ocr_line' id='line_1_99' title="bbox 1172 5099 2163 5201; baseline -0.013 -25"><span class='ocrx_word' id='word_1_647' title='bbox 1172 5122 1206 5179; x_wconf 94' lang='lat' dir='ltr'>et</span> <span class='ocrx_word' id='word_1_648' title='bbox 1222 5101 1310 5191; x_wconf 87' lang='lat' dir='ltr'>hoc,</span> <span class='ocrx_word' id='word_1_649' title='bbox 1336 5108 1433 5201; x_wconf 92' lang='lat' dir='ltr'>quod</span> <span class='ocrx_word' id='word_1_650' title='bbox 1450 5119 1571 5197; x_wconf 86' lang='lat' dir='ltr'>postea</span> <span class='ocrx_word' id='word_1_651' title='bbox 1588 5101 1626 5171; x_wconf 89' lang='lat' dir='ltr'>in</span> <span class='ocrx_word' id='word_1_652' title='bbox 1651 5111 1829 5169; x_wconf 90' lang='lat' dir='ltr'>conventu</span> <span class='ocrx_word' id='word_1_653' title='bbox 1848 5099 2056 5186; x_wconf 86' lang='lat' dir='ltr'>Augustano</span> <span class='ocrx_word' id='word_1_654' title='bbox 2074 5120 2163 5165; x_wconf 89' lang='lat' dir='ltr'>con-</span> 
     </span>
     <span class='ocr_line' id='line_1_100' title="bbox 1172 5195 2163 5280; baseline -0.014 0"><span class='ocrx_word' id='word_1_655' title='bbox 1172 5210 1361 5280; x_wconf 90' lang='lat' dir='ltr'>fessinnem</span> <span class='ocrx_word' id='word_1_656' title='bbox 1392 5204 1632 5279; x_wconf 88' lang='lat' dir='ltr'>Ecclesiarnm</span> <span class='ocrx_word' id='word_1_657' title='bbox 1663 5215 1870 5271; x_wconf 90' lang='lat' dir='ltr'>nostrarum</span> <span class='ocrx_word' id='word_1_658' title='bbox 1900 5198 1970 5268; x_wconf 93' lang='lat' dir='ltr'>sibi</span> <span class='ocrx_word' id='word_1_659' title='bbox 2003 5195 2163 5268; x_wconf 91' lang='lat' dir='ltr'>exhiberi</span> 
     </span>
     <span class='ocr_line' id='line_1_101' title="bbox 1172 5298 2162 5405; baseline -0.013 -22"><span class='ocrx_word' id='word_1_660' title='bbox 1172 5313 1291 5399; x_wconf 90' lang='lat' dir='ltr'>iussit,</span> <span class='ocrx_word' id='word_1_661' title='bbox 1316 5335 1406 5405; x_wconf 89' lang='lat' dir='ltr'>quae</span> <span class='ocrx_word' id='word_1_662' title='bbox 1428 5310 1548 5381; x_wconf 89' lang='lat' dir='ltr'>omnia</span> <span class='ocrx_word' id='word_1_663' title='bbox 1571 5306 1765 5396; x_wconf 89' lang='lat' dir='ltr'>cogitemus</span> <span class='ocrx_word' id='word_1_664' title='bbox 1788 5304 1835 5374; x_wconf 93' lang='lat' dir='ltr'>ita</span> <span class='ocrx_word' id='word_1_665' title='bbox 1850 5303 2070 5392; x_wconf 84' lang='lat' dir='ltr'>gubernante</span> <span class='ocrx_word' id='word_1_666' title='bbox 2084 5298 2162 5372; x_wconf 92' lang='lat' dir='ltr'>Deo</span> 
     </span>
     <span class='ocr_line' id='line_1_102' title="bbox 1171 5404 2165 5500; baseline -0.011 -16"><span class='ocrx_word' id='word_1_667' title='bbox 1171 5415 1261 5488; x_wconf 85' lang='lat' dir='ltr'>facta</span> <span class='ocrx_word' id='word_1_668' title='bbox 1285 5437 1377 5500; x_wconf 87' lang='lat' dir='ltr'>esse,</span> <span class='ocrx_word' id='word_1_669' title='bbox 1407 5427 1449 5485; x_wconf 91' lang='lat' dir='ltr'>ut</span> <span class='ocrx_word' id='word_1_670' title='bbox 1465 5407 1653 5500; x_wconf 82' lang='lat' dir='ltr'>Evangelii</span> <span class='ocrx_word' id='word_1_671' title='bbox 1679 5407 1839 5478; x_wconf 90' lang='lat' dir='ltr'>doctrina</span> <span class='ocrx_word' id='word_1_672' title='bbox 1865 5404 2105 5477; x_wconf 89' lang='lat' dir='ltr'>illustraretur</span> <span class='ocrx_word' id='word_1_673' title='bbox 2128 5414 2165 5474; x_wconf 88' lang='lat' dir='ltr'>et</span> 
     </span>
    </p>
   </div>
   <div class='ocr_carea' id='block_1_15' title="bbox 0 0 2344 6037">
    <p class='ocr_par' dir='ltr' id='par_1_22' title="bbox 0 0 2344 6037">
     <span class='ocr_line' id='line_1_103' title="bbox 0 0 2344 6037; baseline 0 0"><span class='ocrx_word' id='word_1_674' title='bbox 0 0 2344 6037; x_wconf 95' lang='lat' dir='ltr'> </span> 
     </span>
    </p>
   </div>
  </div>
 </body>
</html>
