4680 6038
142 216 214 290 ast
438 209 598 293 DECL.
630 209 705 288 ml
744 209 1205 293 Exemcartoltlt
1245 210 1590 292 APHORISMI
1630 220 1763 301 XLll.
1794 247 1876 301 erc.
2091 234 2167 310 ΜΞ

143 388 255 471 sitae,
281 387 320 455 in
336 384 657 456 communicatione
670 399 791 458 mutua
803 381 1033 458 honestorum
1050 389 1129 457 ofb-
1183 387 1343 457 membra
1357 389 1471 459 motui
1485 413 1527 460 ac
1543 394 1662 463 sensui
1680 397 1853 470 destinata
1877 403 1991 472 traiici
2014 420 2166 496 nequeat

140 489 280 560 dottam
297 503 329 558 et
348 488 603 558 sententiarum
619 487 730 558 amica
743 488 945 575 collatione,
969 490 1129 580 singulo-
1180 481 1255 582 (vel
1276 482 1341 559 clad
1361 487 1609 589 qlsy,uovtsiclq
1630 492 1717 569 civo
1737 493 1911 575 διάθεσιν
1933 503 1973 576 ἐν
1990 501 2094 576 αὐτῶ
2109 511 2165 601 aqi

142 614 224 663 sum
240 591 406 681 privatim
424 612 502 679 erga
519 614 576 658 mo
594 590 756 659 eximiam
773 591 1056 664 benevolentiam
1071 617 1129 662 ar·
1178 583 1371 687 ἐγκεφάλῳ
1397 586 1654 688 συστήμασιν,
1688 600 1746 670 vel
1769 599 1996 678 αὐτῶντῶν
2014 574 2164 679 κοιλιῶν

141 694 322 784 gumemis
339 717 412 760 non
429 692 590 762 obscuris
605 691 783 784 perspexi,
808 705 844 763 et
866 694 981 785 reipsa
995 695 1128 765 multo·
1177 689 1492 786 ἐμπιμπλαμένων
1513 689 1718 795 ὑγρότητος
1739 701 2047 804 φλεγματώδους)
2068 708 2164 779 scili.

141 799 207 868 ties
233 818 312 864 sum
335 807 518 884 expertus,
552 795 653 864 cuius
675 818 732 863 me
754 794 937 886 opinionis
963 798 1007 865 de
1024 797 1127 867 vobis
1175 807 1231 864 cet
1245 797 1410 879 cerebro,
1437 798 1493 867 vel
1509 803 1652 871 obsesso
1675 803 1804 876 affectu
1825 822 1964 901 praeter
1988 823 2163 896 naturam,

140 897 296 968 fructum
310 910 350 966 ut
362 895 542 987 percipere
556 895 689 980 sinatis,
705 909 740 966 et
755 897 887 967 referre
902 921 943 967 ex
956 892 1027 969 hox
1040 923 1129 969 con·
1176 896 1238 988 qui
1256 896 1302 966 sit
1317 896 1593 970 inflammationi
1610 903 1755 991 similis,
1778 910 1834 978 vel
1849 911 1992 1002 oppleto
2015 913 2162 983 obtura·

139 1021 237 1071 sessu
254 994 382 1081 hodie,
411 1021 474 1067 vos
491 993 718 1070 vehementer
733 1023 799 1091 pro
816 1023 893 1068 mea
911 1023 990 1090 erga
1004 1001 1128 1092 singu·
1176 1008 1283 1091 toque
1299 994 1543 1089 phlegmaticis
1559 998 1770 1078 humoribus
1796 1011 1910 1096 intus,
1935 1037 2005 1106 qua
2026 1015 2162 1084 ventri·

136 1101 193 1173 los
216 1101 443 1171 observantia
470 1124 546 1170 oro.
602 1096 695 1170 Cum
714 1114 833 1171 autern
856 1125 972 1195 neque
993 1124 1057 1191 ego
1079 1104 1124 1173 ad
1176 1101 1339 1169 culorum
1357 1101 1470 1186 alvei,
1494 1115 1529 1173 et
1547 1109 1770 1179 anfractuum
1794 1114 2008 1206 multiplices
2028 1138 2069 1189 ac
2091 1114 2162 1184 mi-

136 1203 332 1275 dicendum
349 1204 416 1272 sim
432 1202 641 1282 instructus,
668 1214 704 1273 et
725 1219 971 1293 argumentum
994 1207 1125 1299 dequo
1175 1203 1290 1271 raudo
1309 1216 1475 1273 contextu
1490 1204 1656 1297 impliciti
1682 1213 1828 1298 ductus,
1854 1228 1888 1286 et
1909 1239 1974 1287 ceu
1994 1215 2099 1286 incisi
2120 1216 2161 1285 iu

135 1305 268 1377 disseri
282 1299 492 1375 scholastico
509 1328 606 1373 more
620 1317 780 1395 oportet,
805 1329 880 1374 nou
896 1318 964 1375 tam
980 1330 1125 1399 compo·
1176 1305 1410 1375 substantiam
1426 1305 1536 1397 ipsius
1553 1322 1677 1380 tenues
1692 1315 1789 1405 pori,
1814 1316 1844 1384 si
1858 1318 1903 1387 ab
1921 1318 2073 1388 infarctu
2091 1311 2161 1388 bu-

137 1406 226 1480 ettae
241 1407 415 1477 orationis
435 1404 534 1497 copia
559 1421 593 1477 et
614 1407 804 1498 splendore
826 1407 998 1478 illustrari
1020 1423 1125 1504 atque
1175 1429 1315 1475 morum
1341 1406 1448 1478 liberi
1470 1409 1558 1491 sint,
1592 1425 1715 1503 patent
1735 1416 1947 1506 agitatorum
1968 1419 2160 1511 spirituum

137 1511 333 1595 ostentari,
359 1532 466 1602 quam
490 1508 694 1578 orationum
716 1510 959 1582 fundamentis
986 1512 1125 1598 discuti,
1174 1507 1351 1578 discursui
1371 1522 1405 1581 ct
1421 1511 1632 1584 traiectioni.

139 1625 174 1684 et
196 1614 331 1705 absque
350 1612 470 1682 ocioso
497 1624 626 1681 ornatu
649 1611 802 1703 simplici
825 1612 986 1684 oratione
1009 1615 1122 1704 expli·
1274 1605 1352 1679 Hae
1367 1613 1595 1685 catrsaeliunt
1612 1616 1843 1712 illustriores,
1869 1645 1949 1693 cum
1971 1637 2006 1696 et
2030 1621 2159 1693 discri-

137 1715 214 1784 sari
228 1716 334 1800 velit,
358 1728 400 1785 ut
414 1714 453 1784 fit
468 1712 508 1782 in
520 1712 840 1806 disputationibus,
865 1738 941 1787 non
962 1738 1023 1786 ero
1039 1740 1123 1808 pro-
1174 1733 1311 1780 menae
1328 1713 1434 1783 series
1452 1729 1686 1804 caeterarum,
1713 1746 1803 1814 quae
1820 1718 1883 1793 has
1898 1725 2077 1817 proximas
2091 1748 2159 1797 an·

138 1815 243 1888 lisus.
1174 1814 1356 1898 tccedunt,
1387 1816 1555 1905 gignunt,
1585 1820 1706 1907 cient,
1734 1824 1944 1916 impellunt,
1983 1840 2020 1897 et
2042 1824 2154 1918 ipsius

241 1914 366 1989 Dicam
382 1937 465 2006 ergo
482 1938 593 2008 pauca
609 1919 654 1987 de
675 1917 943 2011 quadragesimo
965 1920 1120 1988 secundo
1172 1914 1292 1986 morbi
1314 1914 1414 2005 origo
1437 1919 1681 1992 consideratur
1704 1948 1746 1995 ac
1771 1940 1908 1997 natura.
1959 1925 2159 2020 Apoplexia

136 2014 358 2111 Aphorismo
383 2020 492 2109 partis
524 2022 716 2105 secundae,
757 2019 857 2090 cuius
886 2019 993 2090 verba
1022 2034 1121 2089 sunt:
1173 2015 1212 2084 in
1239 2015 1385 2087 illorum
1410 2031 1462 2089 est
1487 2023 1693 2095 morborum
1718 2051 1887 2110 numero,
1915 2053 2006 2122 quos
2025 2052 2067 2098 ex
2089 2024 2159 2096 im·

136 2117 282 2192 Fortem
292 2117 524 2212 Apoplexiam
541 2120 677 2191 solvere
692 2121 912 2209 impossibile
927 2133 990 2206 est,
1009 2119 1124 2190 imbe·
1173 2117 1279 2208 pulsu
1303 2116 1425 2212 aliquo
1449 2119 1606 2207 incitati,
1632 2149 1673 2195 ac
1696 2152 1776 2198 cum
1795 2130 2010 2201 defluxionis
2025 2130 2161 2220 impetu

134 2222 256 2293 sillem
270 2223 384 2291 facile.
437 2217 671 2292 Occasionem
686 2223 731 2292 de
745 2223 927 2315 apoplexia
943 2221 1122 2312 cogitandi
1173 2233 1314 2290 ruentes
1339 2214 1526 2311 humores,
1560 2249 1666 2320 seque
1696 2228 1735 2299 in
1753 2232 1936 2303 cerebrum
1957 2230 2160 2311 inferentes,

135 2325 355 2408 accuratius,
387 2324 630 2416 praebuerunt
650 2317 759 2408 mihi,
796 2347 887 2418 quae
919 2339 1124 2414 grassantur
1172 2333 1207 2391 et
1224 2322 1325 2412 lapsu
1341 2323 1517 2405 concitato
1532 2349 1571 2397 ac
1588 2331 1706 2401 subito
1722 2332 1778 2401 vel
1794 2331 1833 2401 in
1849 2356 1932 2403 cava
1951 2331 2025 2402 eius
2040 2330 2159 2422 spacia

136 2425 263 2516 vulgo,
298 2440 332 2496 et
355 2425 528 2515 plurimos
550 2438 729 2516 correptos
747 2425 977 2507 interimunt,
1011 2426 1122 2517 epile-
1172 2424 1307 2492 excussi
1330 2438 1435 2517 atque
1456 2426 1604 2517 ingesti,
1640 2432 1697 2501 vel
1719 2433 1854 2504 detrusi
1878 2434 2092 2527 impactique
2119 2430 2160 2500 in

135 2528 250 2618 pticae
266 2540 299 2596 et
314 2527 548 2618 apoplecticae
564 2527 778 2612 affectiones,
797 2550 948 2621 quarum
966 2540 1001 2597 et
1019 2529 1123 2598 inva·
1171 2546 1280 2592 venas
1303 2539 1338 2595 et
1360 2526 1526 2615 arterias,
1561 2532 1691 2623 quibus
1713 2546 1748 2604 et
1769 2536 1994 2605 membrana
2023 2530 2161 2604 cerebri

137 2629 255 2727 siones
271 2644 354 2698 stant
373 2643 441 2698 tarn
459 2628 667 2721 praecipites
683 2652 724 2700 ac
742 2630 898 2715 subitae,
922 2644 957 2701 et
974 2629 1122 2722 impres·
1176 2625 1359 2697 involucra
1381 2627 1515 2700 intexta
1537 2649 1639 2717 sunt,
1679 2649 1713 2707 et
1736 2649 1932 2728 pertextam
1956 2649 2007 2708 est
2030 2655 2159 2729 corpus

137 2729 255 2802 siones
281 2744 353 2801 tam
378 2725 604 2802 vehementes
626 2754 667 2801 ac
689 2754 829 2813 saevae,
863 2745 904 2802 ut
933 2731 1122 2802 videantur
1172 2727 1300 2819 ipsum,
1326 2753 1451 2821 parere
1465 2750 1742 2808 consueverunt.
1795 2737 1990 2809 Causarum
2008 2737 2157 2827 gignen-

135 2832 234 2907 velut
258 2825 432 2925 ἐπιδήμιοι
460 2824 655 2926 νοσήματα
663 2883 675 2917 ,
717 2857 737 2903 a
769 2833 937 2923 peculiari
969 2833 1059 2903 coeli
1088 2847 1122 2904 et
1173 2830 1263 2899 tium
1286 2853 1357 2901 una
1378 2846 1431 2903 est
1453 2847 1595 2907 externa
1627 2852 1660 2909 et
1689 2839 1848 2910 evidens:
1883 2841 1992 2921 altera
2018 2840 2160 2908 interna

133 2934 227 3036 aeris
248 2935 500 3006 constitutione
524 2935 740 3005 commoveri
764 2936 803 3005 in
833 2936 877 3007 iis
900 2936 1120 3028 corporibus,
1172 2931 1207 3002 e't
1239 2933 1449 3024 corporibus
1482 2937 1608 3008 insita:
1647 2942 1769 3027 tertia,
1809 2965 1917 3035 quam
1950 2942 2086 3032 συνεχῆ
2123 2949 2159 3007 et

133 3037 269 3137 quibus
298 3038 390 3107 inest
415 3036 577 3127 aptitudo
601 3039 775 3131 quaedam
800 3062 840 3108 ac
862 3040 1051 3130 propensio
1076 3040 1120 3107 ad
1173 3040 1335 3128 προσεχῆ
1342 3086 1354 3120 ,
1381 3038 1505 3122 idest,
1532 3041 1774 3115 continentem
1795 3057 1933 3115 vocant.
1985 3036 2161 3112 Externa-

134 3143 275 3213 easdem
292 3164 332 3209 ex
347 3139 563 3228 lauguefacta
580 3140 716 3210 cerebri
731 3139 862 3210 virtute
886 3152 920 3209 et
937 3163 1121 3210 coacerva·
1172 3159 1253 3202 rttm
1270 3139 1442 3227 quaedam
1458 3163 1520 3229 per
1537 3165 1611 3212 sese
1626 3144 1703 3235 ipso
1721 3146 1858 3229 in⁵¹¹ll¹¹
1882 3145 1939 3214 Vel
1958 3143 2055 3213 llllffl
2071 3164 2159 3232 8Ρο-

134 3254 254 3317 torum
279 3242 385 3331 longo
414 3256 571 3333 tempore
598 3241 857 3333 superfluorum
885 3241 1121 3311 reduntantia.
1173 3235 1323 3326 pieriam
1348 3239 1503 3319 faciunt,
1531 3257 1570 3312 ut
1591 3268 1671 3312 cum
1694 3245 1866 3314 validiore
1890 3246 1962 3316 ictu
1981 3244 2103 3313 fractis
2126 3252 2161 3310 et

132 3340 259 3438 Neque
273 3344 436 3434 improbo
454 3343 673 3413 coniecturas
688 3367 824 3428 eorum,
851 3342 911 3435 qui
928 3342 1041 3411 causis
1057 3337 1121 3410 ha·
1173 3337 1304 3406 collisis
1327 3339 1465 3408 ossibus
1488 3344 1608 3412 cranei
1634 3358 1668 3416 et
1691 3346 1827 3416 cerebri
1850 3369 1972 3438 ‘massa
1994 3369 2034 3416 ea
2058 3366 2157 3413 coms

133 3468 212 3519 rum
238 3448 503 3537 aegritudinum
527 3469 568 3514 ex
582 3443 731 3516 Saturni
752 3459 786 3517 et
802 3443 931 3515 Martis
957 3445 1121 3528 infausto,
1174 3440 1355 3529 pressione
1372 3456 1490 3511 coacta
1507 3457 1613 3535 atque
1627 3461 1814 3527 coarctata,
1829 3461 1891 3518 aut
1906 3448 2032 3541 laqueo
2048 3443 2160 3513 inter-

132 3550 243 3621 u'oxio
259 3563 293 3620 ct
309 3549 439 3618 minaci
458 3547 574 3640 positu
598 3547 738 3640 petitis,
763 3548 946 3641 aliquanto
972 3560 1053 3615 ante
1076 3548 1120 3614 de
1174 3541 1281 3611 clusis
1303 3543 1361 3610 vel
1385 3546 1593 3636 compressis
1615 3546 1660 3617 iis
1682 3549 1802 3636 venis,
1828 3573 1917 3643 quae
1941 3540 2160 3646 σφαγίιιὸες

132 3674 259 3723 esrum
294 3651 459 3744 periculis
490 3661 717 3720 monuerunt.
779 3648 851 3720 Sed
883 3642 975 3740 proh
1007 3647 1122 3730 dolor,
1173 3656 1207 3713 et
1222 3643 1401 3733 iugulares
1419 3646 1671 3735 nominantur,
1696 3652 1862 3743 protinus
1876 3662 2032 3722 cessante
2047 3660 2160 3731 motu,

131 3767 310 3851 quantum
337 3751 512 3843 ingluvie,
543 3752 712 3844 crapulis,
746 3749 1002 3842 intempestivis
1025 3772 1123 3819 com·
1173 3768 1236 3814 cor
1259 3746 1492 3836 respiratione
1513 3749 1678 3822 intercisa
1711 3754 1916 3827 suffocatur.
1972 3749 2160 3840 Quaedam

131 3856 429 3941 mercationibus,
462 3848 518 3924 his
540 3855 653 3924 causis
678 3852 833 3925 externis
856 3866 891 3924 et
912 3851 1122 3922 coelestibus
1172 3869 1296 3917 rursus
1312 3849 1471 3919 internas
1485 3872 1606 3921 causas
1625 3855 1681 3923 vel
1697 3854 1866 3944 gignunt,
1891 3866 2021 3942 augent
2037 3875 2078 3921 ac
2094 3872 2159 3920 ro·

132 3956 344 4028 instruimus
360 3972 394 4029 et
412 3957 635 4028 cumulamus
649 3981 713 4026 ceu
730 3978 826 4047 penu
850 3953 1019 4024 materiae
1042 3953 1122 4022 ido·
1172 3963 1336 4021 acervant
1352 3951 1447 4020 velut
1462 3952 1593 4045 pabulo
1609 3958 1845 4047 suppeditato,
1859 3958 1956 4049 quod
1971 3955 2041 4023 vita
2057 3973 2160 4044 prae·

131 4083 223 4131 neae
246 4057 283 4129 in
305 4059 516 4153 corporibus
546 4057 704 4129 nostris?
755 4054 917 4146 Quantas
945 4055 1123 4140 addimus,
1175 4063 1242 4122 stat
1256 4051 1358 4120 lusui
1376 4054 1495 4124 dedita
1518 4068 1624 4150 atque
1646 4053 1945 4136 helluationibus,
1969 4054 2028 4124 vel
2049 4052 2158 4122 colle-

131 4160 214 4235 'rum
230 4174 414 4252 stupemus
431 4160 612 4246 ebrietate,
636 4171 698 4231 aut
713 4158 911 4228 insanimus
925 4156 1120 4228 ambitione
1171 4165 1244 4224 ctas
1263 4166 1345 4223 ante
1372 4155 1623 4226 alterationum
1656 4160 1881 4251 quarundam
1910 4152 2159 4241 immutatione

131 4263 302 4350 stodiis,
328 4279 390 4336 ant
415 4264 453 4332 in
476 4262 614 4353 magnis
639 4260 769 4332 animis
796 4260 985 4331 doloribus
1008 4260 1123 4350 impa-
1173 4270 1404 4348 praeparant,
1443 4270 1486 4327 ut
1523 4281 1603 4328 cum
1642 4253 1856 4331 exhalitibus
1871 4258 1991 4329 crudis
2020 4253 2160 4327 densati

131 4364 279 4446 flentis,
312 4367 368 4435 vol
399 4366 437 4436 in
460 4365 588 4437 subitis
611 4361 912 4434 commotionibus
937 4359 1123 4454 praecipiti
1172 4356 1355 4450 coactique
1374 4353 1543 4429 humores
1565 4371 1600 4430 ct
1620 4359 1714 4431 intra
1734 4384 1902 4432 craneum
1915 4359 2050 4430 detenti
2066 4382 2086 4428 a
2100 4378 2160 4427 cs·

131 4492 173 4543 se
185 4466 325 4540 fervida
345 4469 528 4539 iracundia
548 4480 643 4537 extra
658 4486 724 4537 nos
745 4465 927 4556 rapimur,
953 4479 1038 4536 tunc
1063 4463 1122 4531 in·
1174 4460 1249 4529 lore
1267 4460 1439 4531 lentorem
1458 4460 1628 4552 paulatim
1644 4458 1863 4534 contrahunt
1876 4475 1912 4534 et
1925 4461 2161 4542 tenacitatem,

131 4594 241 4669 qaum
272 4584 421 4664 quantas
455 4569 724 4661 suppeditamus
763 4565 965 4637 occasiones
994 4564 1120 4635 iisdem
1173 4561 1229 4630 rel
1251 4562 1406 4651 genitas,
1436 4575 1620 4652 congestas
1649 4587 1690 4634 ac
1719 4577 1945 4658 praeparatas
1967 4561 2160 4656 impellunt

131 4673 268 4755 esusis,
294 4687 334 4744 ut
352 4673 390 4742 in
407 4696 472 4745 nos
488 4672 661 4743 invadant
680 4666 823 4763 vimque
845 4679 1053 4761 expromant
1069 4679 1124 4736 at·
1172 4663 1395 4757 agitantque,
1420 4678 1557 4736 utrum
1572 4665 1685 4758 quieti
1702 4659 1870 4737 humores
1889 4677 1950 4736 aut
1967 4659 2159 4734 vehemen-

132 4800 206 4872 que
219 4788 404 4846 exerceant
420 4774 546 4844 suam?
572 4772 642 4844 Sed
658 4770 869 4842 coelestibus
883 4769 998 4841 causis
1013 4768 1122 4839 omis·
1172 4767 1218 4836 tis
1235 4765 1440 4835 iracundiae
1455 4768 1596 4837 fervore
1612 4767 1671 4837 vcl
1684 4767 1779 4838 a'e'ris
1793 4765 1998 4838 circumfusi
2020 4762 2160 4835 ardori-

131 4879 202 4965 sis,
225 4880 272 4950 de
290 4877 520 4970 propioribus
535 4889 571 4949 et
587 4874 693 4945 nobis
707 4873 825 4943 insitis
848 4873 1023 4966 quaedam
1046 4870 1120 4940 dis-
1172 4869 1240 4938 bus
1254 4867 1417 4938 dissoluti
1433 4891 1474 4938 ac
1488 4868 1579 4955 fosi,
1604 4882 1666 4940 aut
1680 4868 1835 4961 expressi
1851 4880 1888 4939 et
1909 4866 2008 4936 velut
2024 4863 2158 4935 exclusi

131 5003 307 5055 mamus.
361 4977 521 5048 Galenus
543 4989 644 5047 recte
661 4988 698 5048 et
725 4974 902 5045 concinne
935 4974 1122 5044 universas
1173 4969 1380 5040 astrictione
1396 4985 1576 5042 meatuum
1589 4970 1637 5040 ab
1650 4969 1828 5062 asperiore
1844 4968 1995 5058 frigore,
2019 4980 2081 5038 aut
2097 4989 2158 5036 co·

132 5106 240 5157 verae
261 5081 468 5173 apoplexiae
490 5079 669 5171 proximas
690 5099 811 5148 causas
842 5077 1045 5168 complexus
1072 5087 1124 5144 est
1173 5071 1233 5164 pia
1258 5072 1337 5141 elisi
1358 5072 1503 5144 irruunt
1524 5073 1564 5140 in
1586 5073 1783 5146 cerebrum.
1841 5069 2007 5144 lnternae
2036 5090 2159 5139 causae
2222 5106 2225 5111 <

133 5186 277 5259 duabsu
292 5183 499 5275 generibus,
524 5204 605 5251 cum
621 5179 757 5273 inquit:
784 5177 883 5247 Fieri
903 5175 1122 5270 apoplexiam
1173 5195 1261 5268 quas
1290 5168 1574 5272 προηγουμένας
1604 5186 1639 5244 et
1661 5174 1907 5244 antecedentes
1935 5183 2083 5250 vocant,
2124 5181 2161 5239 et

131 5310 178 5361 ss
189 5287 333 5360 defectu
348 5307 471 5356 sensus
487 5295 522 5354 et
536 5293 654 5353 motus
670 5281 709 5351 in
724 5301 872 5372 corpore
885 5278 1066 5365 universo,
1080 5301 1122 5347 eo
1174 5298 1325 5369 quarum
1339 5277 1386 5345 ab
1399 5275 1553 5348 externis
1569 5273 1670 5364 origo
1685 5288 1756 5357 est,
1780 5287 1866 5348 sunt
1880 5269 2067 5356 humores,
2097 5269 2161 5366 qui

131 5390 235 5487 quod
265 5389 380 5462 viram
406 5383 573 5460 animalis
601 5382 759 5458 diffundi
781 5381 824 5455 iu
844 5403 993 5466 amaus,
1026 5392 1062 5454 et
1083 5377 1123 5450 in
1173 5377 1231 5450 vel
1251 5376 1292 5448 iu
1311 5376 1400 5472 ipsis
1420 5377 1550 5452 rivulis
1570 5397 1745 5457 veusmm
1762 5374 1909 5472 capitis,
1940 5369 1999 5448 his
2027 5373 2162 5446 scilicet
