4680 6038
148 225 250 304 1⁰47
426 204 878 296 scameratam.
902 205 971 287 AD
995 206 1125 290 lllST.
1148 204 1294 293 PROF.
1317 205 1386 287 ET
1410 207 1603 291 PHlLOS·
1622 207 1942 296 seueram.
2078 222 2167 300 atta

203 396 311 471 Auno
319 392 445 468 mundi
455 405 577 486 qnater
587 385 773 459 millesimo
782 381 1130 479 quadringentesimo
1199 397 1206 409 ’
1239 381 1348 458 Anno
1373 386 1501 457 mundi
1527 398 1653 481 qnater
1679 389 1867 464 millesimo
1891 389 2167 486 quadringente.

359 495 593 586 octuagesimo
612 490 727 562 tertio.
1389 489 1478 560 ,qmo
1502 492 1741 579 nonagesimo,

204 599 313 676 Anno
329 598 466 718 Romae
490 594 680 715 millesimo
695 586 936 660 ducentesimo
952 598 1135 680 septuagc-
1239 582 1347 659 Anno
1360 586 1497 662 Romae
1521 592 1709 665 millesimo
1731 593 1973 668 ducentesimo
1989 608 2169 690 septuage

487 722 594 770 nmo.

207 807 315 877 Anno
331 722 763 896 CllEslipquingeutesimo
777 788 944 862 vicesimo
956 785 1084 881 primo.

1391 692 1480 762 simo
1495 707 1631 764 octavo.

1239 787 1346 861 Anno
1361 788 1496 866 Christi
1510 795 1795 889 quingentesimo
1810 797 1981 871 vicesimo
1999 812 2139 871 octavo.

526 1006 761 1079 lustinus.
1521 1000 1845 1074 lastinianus.

258 1173 431 1251 Iustinus
454 1176 566 1249 fmus
592 1187 644 1246 ess
665 1172 874 1266 imperator,
899 1160 1058 1256 regnavit
1072 1183 1138 1231 an·
1288 1150 1529 1232 lastinianus
1569 1184 1717 1251 regnare
1751 1164 1844 1260 cepit
1877 1166 2017 1259 collega
2049 1164 2173 1241 lustiui

158 1305 224 1356 nos
244 1295 346 1369 octo,
371 1296 404 1353 et
425 1302 561 1351 menses
587 1277 746 1371 aliquot,
769 1284 874 1343 natus
891 1269 1040 1340 obscuro
1052 1263 1135 1379 loco
1190 1271 1343 1356 quatuor
1356 1262 1546 1335 mensibus·
1597 1263 1775 1358 Regnavit
1792 1292 1907 1340 annos
1921 1270 2075 1360 triginta
2088 1285 2174 1346 octo.

156 1387 197 1456 in
221 1380 375 1455 Thracia
410 1395 509 1477 patre
539 1375 774 1462 armentario,
804 1373 867 1444 sed
897 1368 999 1440 miles
1025 1367 1137 1437 factus
1189 1361 1301 1435 Natus
1324 1386 1365 1432 ex
1388 1385 1507 1436 sorore
1523 1364 1663 1439 lustiui.
1713 1367 1837 1441 Valuit
1858 1371 2036 1458 consilio,
2062 1372 2174 1442 etfuit

158 1487 290 1559 virtute
311 1486 432 1556 crevit.
484 1481 644 1578 Cumque
665 1488 836 1572 praeesset
858 1470 1015 1544 excubiis
1038 1465 1138 1539 Ana·
1190 1488 1232 1536 eo
1246 1464 1366 1550 foelix,
1391 1468 1487 1559 quod
1502 1467 1699 1540 industrios
1716 1481 1750 1540 et
1763 1472 1907 1542 foelices
1920 1475 2033 1543 duces
2045 1469 2177 1557 habuit,

163 1588 261 1661 stasii
286 1601 321 1660 et
347 1585 534 1658 autoritate
562 1583 657 1674 apud
672 1579 801 1650 milites
817 1578 966 1656 valeret,
990 1569 1090 1641 dedit
1105 1569 1138 1637 ei
1190 1591 1255 1661 per
1277 1590 1366 1662 quos
1387 1569 1426 1637 in
1450 1570 1588 1660 magnis
1603 1571 1707 1642 bellis
1723 1572 1761 1642 in
1778 1569 1864 1643 Asia
1881 1574 2047 1644 defendit
2065 1576 2173 1667 impe-

158 1691 336 1781 ingentem
361 1688 549 1781 pecuniam
574 1681 761 1755 Anastasio
783 1691 923 1750 mortuo
940 1666 1138 1744 Eunuchus
1189 1670 1304 1757 rium,
1330 1669 1417 1740 alibi
1439 1673 1660 1764 recuperavit
1682 1675 1887 1766 provincias
1908 1676 2054 1770 aliquas
2067 1677 2173 1746 amis-

158 1790 368 1872 Amantius,
402 1804 443 1860 ut
465 1788 619 1858 militnm
641 1781 807 1873 suffragia
837 1789 969 1850 emeret
998 1774 1138 1846 cuidam
1190 1785 1255 1844 sas.
1306 1767 1539 1864 Vituperatur
1553 1773 1629 1844 eius
1641 1776 1811 1858 avaricia,
1835 1779 1938 1871 quod
1954 1801 2076 1848 omues
2088 1800 2171 1867 geu·

159 1887 434 1975 Theocritiuno,
449 1914 552 1984 quem
558 1882 755 1957 Eunuchus
766 1885 1013 1976 imperatorem
1028 1874 1139 1948 creari
1190 1887 1242 1945 tes
1256 1873 1413 1945 onerarit
1426 1876 1562 1965 magnis
1576 1875 1739 1964 tributis,
1760 1882 1858 1971 quod
1872 1878 2014 1950 multos
2028 1881 2167 1949 circom-

160 1995 312 2066 volebat.
362 1990 560 2063 Prudenter
576 2002 693 2060 autem
708 1984 865 2057 lustinus
877 1993 1016 2073 accepta
1031 2001 1139 2072 pecu·
1190 1989 1314 2045 ventos
1328 1975 1515 2047 calumniis
1529 1978 1718 2049 excusserit
1737 2003 1779 2049 ex
1805 1980 2059 2066 factrltatibus,
2083 1983 2172 2075 quod

160 2097 219 2166 uia
251 2093 320 2167 sibi
349 2094 505 2164 militum
533 2089 699 2180 suffragia
722 2088 829 2169 emit,
859 2099 895 2156 et
916 2082 1000 2178 quia
1026 2081 1139 2151 virtus
1193 2076 1399 2149 doctoribus
1414 2079 1590 2171 stipendia
1605 2080 1787 2156 ademerit.
1838 2080 1912 2153 Sed
1929 2082 2174 2152 fortassisma·

160 2198 235 2268 eius
252 2195 399 2268 Senatui
415 2194 643 2287 probabatur,
668 2191 819 2262 Senatus
835 2201 870 2259 et
884 2185 1038 2257 militum
1053 2205 1140 2252 con·
1191 2180 1340 2271 gnitudo
1356 2179 1533 2251 bellorum
1549 2194 1585 2253 et
1601 2182 1886 2254 aedificationum
1904 2206 1991 2255 eum
2006 2199 2153 2255 excusat.

159 2322 265 2371 sensu
290 2295 447 2368 lustinus
469 2297 581 2366 factus
602 2307 656 2366 est
675 2294 877 2384 imperator.
927 2285 1090 2357 Primum
1106 2283 1138 2353 ei
1293 2295 1402 2370 Ῑῃῑῑῑο
1426 2298 1552 2370 persae
1575 2300 1727 2393 repressi
1755 2316 1838 2375 ,unt
1864 2327 1933 2396 per
1954 2300 2174 2386 naiadum,

159 2400 358 2493 periculum
376 2400 421 2468 ab
438 2392 608 2467 Amantio
625 2410 659 2468 et
676 2390 930 2464 Theocritiano
943 2387 1025 2473 fulb
1050 2410 1140 2480 (11¹0·
1191 2426 1271 2473 cum
1281 2401 1410 2494 quibus
1424 2424 1504 2471 cum
1519 2425 1587 2494 pax
1599 2403 1689 2476 facta
1702 2417 1802 2489 esset,
1818 2401 2021 2475 Belisarius
2036 2404 2174 2476 inAfri-

160 2527 240 2574 rum
257 2525 338 2572 cum
354 2494 815 2592 deprehendissetlinsidias,
838 2492 936 2565 iubet
952 2512 1011 2560 eos
1029 2488 1140 2558 inter-

159 2605 228 2676 fici.
279 2600 365 2674 Fuit
386 2600 484 2674 utilis
506 2597 662 2670 Orienti.
709 2597 799 2668 Nam
818 2609 853 2666 et
870 2589 1139 2664 Chalcedonen-

161 2730 233 2777 sem
255 2702 440 2797 Synodum
474 2726 558 2770 mox
594 2700 698 2768 initio
731 2696 874 2788 imperii
907 2719 944 2765 se
976 2691 1139 2784 amplecti

161 2805 331 2890 ostendit,
364 2817 399 2874 ct
423 2815 625 2873 constanter
636 2801 676 2869 in
692 2823 731 2870 ea
746 2796 918 2868 sententia
935 2792 1142 2890 permansit,

161 2921 195 2980 et
209 2905 403 3000 Episcopus
427 2904 489 2999 qui
514 2926 650 2973 errores
666 2914 789 2973 eontra
803 2912 959 2991 receptas
976 2894 1141 2990 Synodos

162 3009 418 3091 defendebant,
445 3020 599 3075 remotos
614 3006 659 3075 ab
676 3003 802 3074 officiis
817 3000 951 3093 expulit
966 2999 1006 3068 iu
1022 2995 1138 3068 exilia.

160 3108 290 3182 Severo
321 3103 550 3180 Antiocheno
581 3104 758 3199 Episcopo
795 3103 955 3193 linguam
983 3097 1140 3191 praecidi

160 3214 284 3296 iussit,
321 3224 361 3281 ut
391 3204 690 3302 blasphemiarum
719 3227 851 3300 poenas
880 3206 992 3275 daret.
1044 3196 1141 3271 Haec

160 3315 326 3388 severitas
340 3308 509 3384 Ecclesiis
523 3308 686 3381 Orientis
709 3309 856 3403 profuit.

261 3430 424 3526 Cumque
449 3444 485 3502 et
507 3430 659 3500 Arianos
682 3429 850 3520 pelleret,
875 3422 972 3495 misit
989 3424 1034 3493 ad
1059 3445 1140 3492 eum

163 3536 293 3625 legatos
309 3530 553 3603 Theodericus
570 3530 785 3600 Veronensis
808 3528 943 3600 bellum
959 3522 1141 3608 minitans,

162 3637 231 3706 nisi
253 3636 445 3709 desisteret
496 3631 566 3702 Hic
588 3630 836 3704 et'Romanum
851 3624 1067 3720 Episcopum
1082 3623 1141 3696 Io-

161 3734 316 3808 hannem
333 3735 479 3805 inclusit
492 3734 635 3818 carceri,
649 3746 807 3824 utsupra
825 3731 960 3801 dietum
982 3741 1044 3815 est,
1057 3752 1142 3820 pro·

161 3853 280 3932 pterea
298 3839 394 3932 quod
410 3835 720 3926 Constantinopoli
736 3831 913 3904 lustinum
928 3843 1140 3902 coronasset.

161 3940 215 4012 Ac
229 3941 385 4033 primum
400 3933 496 4009 hunc
520 3962 539 4007 a
556 3936 722 4010 Romano
736 3930 913 4026 Episcopo
930 3946 1139 4003 coronatum

162 4067 235 4113 esse
252 4045 497 4132 imperatorem
515 4039 675 4129 legimus.
727 4036 798 4107 Sed
810 4031 1074 4119 Theodericus,
1098 4045 1143 4105 ut

162 4168 267 4238 supra
289 4142 462 4227 diximus,
495 4155 573 4232 post
598 4140 771 4235 quaedam
793 4138 963 4207 saeviciae
984 4135 1141 4226 exempla

161 4262 324 4318 mortuus
340 4256 402 4314 est.
454 4241 528 4313 Pax
543 4243 647 4312 etiam
669 4264 748 4311 cum
764 4236 881 4308 Persis
896 4261 914 4307 a
934 4234 1069 4306 lustino
1087 4238 1142 4306 fa·

114 4412 117 4416 ,
164 4361 216 4416 cta
232 4360 300 4430 est,
327 4368 433 4436 quam
448 4357 566 4413 tamen
589 4343 658 4413 cito
676 4341 802 4412 Persae
816 4339 1009 4410 violarunt.
1060 4336 1142 4408 Me·

163 4448 276 4517 moria
290 4445 439 4535 dignum
455 4458 489 4514 et
503 4438 571 4514 hoc
585 4457 646 4528 est,
662 4437 893 4513 Manichaeos
909 4455 993 4512 tunc
1010 4439 1142 4509 inPer-

163 4551 214 4619 sia
237 4548 371 4619 deletos
394 4567 484 4630 esse,
510 4547 605 4639 qnod
619 4545 732 4615 filium
749 4543 842 4634 regis
865 4545 910 4614 ad
932 4565 995 4612 sua
1010 4543 1141 4612 delira·

162 4665 279 4721 menta
297 4659 549 4740 pertraxerant.

264 4766 360 4856 Quia
379 4780 494 4836 autem
516 4762 673 4836 lustinus
695 4786 800 4834 senex
822 4776 916 4848 erat,
941 4775 975 4833 et
998 4763 1140 4834 tandem

163 4869 282 4939 morbi
307 4871 353 4938 ad
390 4879 564 4937 senectam
596 4866 828 4949 accedebant,
857 4865 983 4934 vivens
1014 4877 1139 4957 quarto

165 4992 284 5039 mense
307 4982 388 5039 ante
418 4980 567 5037 mortem
598 4990 698 5035 suam
729 4967 976 5058 imperatorem
1010 4965 1141 5034 creavit

166 5069 401 5141 lastinianum
422 5069 554 5137 sororis
569 5090 650 5137 suae
667 5067 778 5136 lilium
796 5067 1036 5157 praesentibus
1050 5061 1140 5155 Epi-

165 5172 297 5262 phanio
307 5165 508 5241 Patriareha
524 5182 557 5238 et
572 5168 769 5258 praecipuis
777 5167 1019 5239 Senatoribus.
1050 5163 1141 5258 Epi-

159 5268 318 5387 phanius
333 5264 536 5341 Patriareha
552 5266 967 5360 Constantinopolitanus
983 5283 1017 5338 et
1032 5267 1140 5338 lusti·

168 5372 314 5442 uianum
332 5387 364 5441 et
380 5368 605 5441 Theodoram
620 5372 804 5460 coniugem
820 5370 895 5439 eius
910 5370 1105 5442 coronavit.

1192 2528 1267 2574 cam
1291 2503 1418 2572 missus
1439 2516 1509 2583 est,
1534 2503 1600 2574 ubi
1631 2519 1768 2595 recepta
1793 2502 2035 2599 Carthagine,
2067 2519 2104 2577 et
2123 2529 2173 2577 ca·

1191 2619 1252 2697 pto
1267 2601 1443 2675 Gilimero
1467 2627 1548 2695 rege
1563 2603 1772 2691 Vandalico,
1798 2610 1861 2699 qui
1886 2609 2047 2679 interfici
2067 2631 2172 2699 regem

1191 2706 1614 2790 Hildericum‘iusserat,
1640 2723 1864 2800 ‚recuperata
1888 2725 1947 2782 est
1972 2709 2113 2795 Africa,
2143 2724 2172 2779 et

1191 2808 1273 2878 linis
1303 2808 1355 2877 ibi
1382 2807 1452 2879 fuit
1478 2809 1579 2899 regni
1599 2807 1800 2882 Vandalici.
1871 2810 2071 2911 Belisagius
2098 2836 2170 2883 cum

1192 2933 1318 3001 magna
1334 2909 1448 2998 gloria
1463 2911 1608 2983 domum
1624 2909 1970 3005 Constantinopolin
1983 2915 2095 2999 rediit,
2119 2912 2165 2981 ibi

1192 3036 1273 3084 curn
1292 3008 1446 3083 Gilimer
1460 3013 1500 3081 in
1515 3008 1698 3104 triumpho
1714 3016 1757 3084 ad
1772 3014 2018 3088 Iustiniauum
2032 3015 2168 3108 supplex

1192 3117 1398 3199 duceretur,
1424 3114 1553 3185 dixisse
1570 3112 1748 3188 Barbarus
1763 3118 1939 3191 scribitur
1952 3115 2042 3191 haec
2055 3118 2169 3188 verbs:

1194 3215 1342 3286 Vanitas
1365 3216 1562 3286 vanitatum
1578 3229 1612 3287 et
1626 3219 1747 3289 omnia
1761 3221 1925 3303 vanitas,
1951 3221 2110 3293 fortassis
2121 3243 2170 3289 co·

1193 3318 1307 3409 gitans
1320 3319 1592 3390 inconstantiam
1608 3344 1727 3392 rerum
1741 3316 2002 3412 humanarum,
2026 3338 2062 3397 et
2074 3324 2169 3415 impe

1192 3420 1303 3492 ratori
1318 3421 1538 3510 significans,
1562 3445 1608 3491 ne
1623 3424 1748 3493 durior
1768 3426 1857 3496 esset'
1881 3424 1926 3495 in
1941 3427 2105 3501 victoris.

1293 3534 1386 3608 Cum
1408 3550 1525 3608 autem
1546 3537 1585 3607 in
1607 3541 1874 3632 recuperatione
1899 3544 2052 3615 Africae
2073 3545 2168 3615 virtu·

1195 3653 1314 3712 temet
1329 3639 1554 3712 foelicitatem
1571 3638 1737 3711 Belisarii
1757 3646 2006 3737 conspexisset
2021 3644 2166 3718 Iustinia-

1193 3763 1280 3826 nus,
1301 3741 1411 3814 mittit
1427 3766 1507 3813 eum
1523 3743 1562 3812 in
1580 3740 1718 3814 ltaliam
1733 3748 1904 3818 adversus
1922 3746 2079 3835 Gottos,
2097 3769 2168 3817 cum

1193 3868 1290 3914 nono
1305 3867 1399 3914 anno
1415 3860 1586 3934 regnaret.
1638 3845 1800 3942 Suntque
1816 3871 1874 3919 res
1896 3875 2059 3943 magnae
2071 3862 2168 3942 gestae

1194 3947 1232 4015 in
1256 3946 1373 4036 prima
1397 3947 1619 4037 expeditione
1632 3945 1797 4020 Belisarii
1814 3949 1941 4023 ltalica
1959 3956 2169 4026 intrasnnos

1194 4048 1362 4142 quinque.
1414 4047 1576 4119 Primum
1596 4064 1735 4144 recepta
1757 4050 1930 4145 Neapolis
1962 4069 2002 4130 et
2029 4071 2170 4127 caeterae

1192 4150 1299 4220 urbes
1314 4150 1352 4217 in
1369 4146 1562 4242 Campania
1579 4166 1613 4223 et
1628 4147 1770 4244 Apulia.
1822 4152 1967 4228 luterea
1986 4152 2169 4245 Gotti'resst

1196 4245 1403 4332 Theodoto,
1437 4252 1500 4345 qui
1523 4248 1817 4326 Amalasuntham
1838 4256 2091 4346 interfecerat,
2116 4260 2169 4328 de·

1193 4366 1296 4424 serto‘
1310 4366 1456 4445 propter
1476 4352 1665 4427 avariciam
1688 4371 1722 4428 et
1743 4359 1923 4449 ignaviam
1950 4385 2071 4453 regem
2087 4360 2170 4429 l'iti·

1194 4478 1272 4546 gem
1287 4468 1470 4541 crearunt,
1495 4455 1558 4550 qni
1573 4453 1797 4530 Theodatum
1821 4461 2020 4537 interfecit.
2071 4461 2169 4535 Cum-

1193 4582 1261 4650 que
1281 4559 1406 4627 urbem
1424 4555 1579 4629 Romam
1609 4552 1754 4631 Ludere
1782 4564 1867 4633 duci
1888 4563 2042 4638 Gottico
2063 4579 2169 4635 custo

1194 4660 1361 4729 diendam
1395 4660 1614 4741 tradidisset,
1653 4662 1729 4752 ipse
1756 4661 1974 4737 Ravennam
2004 4669 2112 4753 adiit,
2137 4680 2170 4736 ut

1193 4762 1347 4830 exercitu
1370 4756 1515 4831 collecto
1546 4785 1626 4831 cum
1648 4761 1821 4837 Belisario
1848 4767 2026 4841 dimicare
2056 4782 2170 4863 posset

1192 4860 1282 4934 Cum
1298 4877 1415 4933 autem
1431 4859 1622 4934 Belisarius
1638 4867 1683 4936 ad
1696 4868 1821 4937 urbem
1838 4866 2002 4940 Romam
2016 4872 2168 4943 accessis-

1192 4977 1264 5048 set,
1289 4978 1323 5035 et
1338 4965 1578 5036 defensionem
1593 4969 1793 5062 desperaret
1807 4969 1996 5060 Lucerna,
2022 4974 2089 5067 qui
2101 4986 2167 5043 tan·

1191 5079 1267 5137 tum
1290 5081 1445 5160 quatuor
1464 5067 1577 5136 millia
1592 5065 1785 5141 Gottorum
1811 5095 1931 5143 secum
1952 5069 2126 5160 habebat,
2142 5088 2168 5141 et

1191 5167 1322 5237 civium
1356 5169 1470 5237 animi
1500 5170 1544 5239 ad
1568 5167 1779 5242 Belisarinm
1812 5173 2057 5262 inclinarent,
2096 5176 2167 5246 urbs

1190 5266 1307 5340 Roma
1321 5269 1398 5338 sine
1412 5270 1545 5360 praelio
1560 5274 1731 5361 patefacta
1745 5288 1795 5346 est
1809 5272 2003 5354 Belisario.
2043 5278 2165 5350 lllilites

1193 5367 1327 5440 Gottici
1341 5375 1467 5443 eodem
1484 5373 1542 5442 dic
1558 5376 1687 5463 egressi
1703 5389 1785 5447 sunt
1801 5378 1872 5449 alia
1887 5395 2009 5471 porta.
2062 5379 2162 5451 Lude
