4680 6038
65 197 119 271 ss
806 199 968 277 nucu
1020 200 1097 279 nu
1129 196 1361 306 unum.

172 366 356 440 Postremo
399 366 437 435 in
479 361 544 437 hac
585 365 867 438 consideratione
912 368 1059 438 vulnera
1121 368 1189 441 No.
1212 370 1294 445 ¹36.

68 469 174 541 etiam
198 484 317 543 nostra
340 470 582 562 deploremus,
616 469 799 539 doleamus
826 470 955 542 nostris
979 495 1060 562 pec·
1116 466 1287 493 Μ

68 573 153 642 catis
170 569 262 644 hanc
278 569 551 665 pulcherrimam
571 565 719 642 humani
742 573 901 663 corporis
924 566 1059 667 machi-

70 700 171 760 nam,
200 677 246 746 ita
263 676 517 766 languelactam
535 697 626 760 esse,
652 687 692 744 ut
706 676 812 745 morti
832 676 877 748 sit
891 675 1056 748 obnoxia.

69 772 493 871 Doleamusquotidianis
515 774 704 846 sceleribus
727 779 857 848 multos
881 779 948 848 sibi
973 778 1059 869 ipsis

70 893 101 949 et
116 882 196 949 aliis
212 882 283 950 vim
311 881 466 964 adferre,
498 892 532 948 et
558 879 712 949 lacerare
733 905 882 971 corpora
905 894 978 951 arte
1002 881 1059 950 di·
1119 878 1123 883 ’
1206 950 1214 967 ,

71 983 152 1051 vina
177 985 331 1057 condita.
390 981 581 1053 Doleamus
603 1007 669 1052 nos
694 983 850 1052 amisisse
880 984 994 1053 lucem
1024 994 1058 1053 et
1107 948 1235 1018 oram
1259 946 1307 1020 ‘le
1323 952 1476 1046 ''⁶95⁰'w
1496 962 1535 1025 el
1555 966 1671 1052 deme
1686 962 1902 1062 Md³⁰rum3
1927 975 2096 1047 recitata

70 1087 185 1155 cordis
213 1086 482 1168 rectitudinem,
516 1109 605 1178 qrrae
638 1084 741 1154 initio
763 1085 866 1155 nobis
887 1087 1056 1156 attributa
1280 1053 1484 1128 “D‘'“m
1508 1054 1920 1144 l⁰⁰””011⁰mlll⁰·

67 1187 153 1271 sarit,
187 1202 221 1258 et
245 1213 454 1282 quaeramus
472 1186 652 1256 Medicum
675 1188 787 1257 civem
813 1188 914 1258 illum
931 1186 1056 1260 Sama·
1107 1165 1205 1253 cum
1223 1179 1320 1256 hunc
1344 1181 1633 1262 honestissimum
1658 1212 1797 1270 coetum
1818 1200 1981 1288 intuens,
2006 1212 2093 1279 anni

67 1290 244 1373 titanum,
282 1293 345 1386 qui
370 1291 453 1360 vino
480 1290 574 1359 lavat
602 1290 711 1359 saucii
736 1291 881 1360 viatoris
900 1292 1057 1375 vulnera,
1106 1287 1299 1377 superioris
1322 1291 1498 1360 terribiles
1529 1306 1563 1363 et
1591 1296 1735 1387 panicos
1767 1318 1883 1375 motus
1904 1314 2092 1398 recordor,

67 1408 98 1461 02
125 1390 321 1463 deiude'in
349 1418 388 1464 ea
422 1394 619 1464 balsamum
654 1393 832 1474 infundit,
879 1406 915 1462 et
948 1405 1056 1482 gestat
1106 1402 1180 1460 toto
1207 1406 1345 1480 pectore
1370 1394 1498 1481 gratias
1519 1419 1585 1485 ago
1605 1398 1679 1468 filio
1694 1398 1780 1487 Dei,
1806 1408 1952 1479 domino
1970 1430 2090 1485 nostro

67 1518 209 1583 aegrum
227 1497 299 1565 sug,
317 1491 494 1579 humeris,
519 1508 552 1565 ει
567 1508 724 1585 petamus
739 1511 778 1566 ut
796 1490 854 1565 hic
871 1495 964 1564 lilius
978 1494 1057 1580 Dei,
1109 1488 1185 1561 lesu
1198 1486 1361 1579 Christo,
1387 1497 1449 1588 qui
1465 1511 1515 1568 est
1532 1514 1648 1570 custos
1665 1516 1699 1574 et
1709 1506 1956 1580 umbraculum
1965 1510 2092 1587 Eccle-

67 1621 171 1687 quem
197 1601 235 1666 in
260 1596 440 1668 samariae
461 1619 584 1690 campo
608 1596 698 1667 vidit
713 1596 819 1667 lacob
843 1610 992 1668 stantem
1017 1598 1055 1666 in
1104 1592 1187 1674 siae,
1212 1598 1307 1687 quod
1324 1597 1582 1671 clementerhis
1597 1605 1801 1693 regionibus
1818 1635 1937 1702 pacem
1954 1618 2093 1706 tribuit,

67 1700 176 1783 stata,
200 1725 302 1792 opem
321 1701 426 1771 nobis
441 1703 547 1781 ferat,
570 1713 604 1770 et
618 1724 683 1770 nos
697 1714 806 1789 gestet
830 1700 903 1769 suis
930 1695 1056 1769 hume·
1105 1711 1139 1765 et
1155 1694 1384 1767 Academiam
1401 1713 1434 1769 et
1449 1696 1536 1772 haec
1551 1707 1733 1778 doctrinae
1750 1714 1867 1783 studia
1891 1741 1963 1787 non
1978 1722 2091 1792 deleri

66 1803 133 1885 ris,
159 1827 240 1871 cum
257 1804 337 1872 ideo
354 1827 503 1873 massam
523 1803 637 1872 nostri
652 1804 810 1893 corporis
825 1803 893 1873 sibi
910 1802 1054 1895 copula·
1105 1798 1208 1883 sinit,
1240 1803 1507 1874 actardentibus
1529 1808 1621 1877 votis
1643 1833 1723 1880 eum
1747 1838 1830 1902 oro,
1862 1832 1903 1888 ut
1925 1821 2091 1916 deinceps

66 1903 131 1987 tit,
158 1929 202 1973 ne
225 1905 360 1998 reliqna
384 1929 495 1975 massa
516 1905 888 1991 funditusdeleretnr',
913 1906 1055 1998 iamque
1105 1926 1246 1995 quoque
1264 1927 1330 1972 nos
1354 1910 1511 1994 protegat
1534 1924 1568 1980 et
1591 1913 1775 2000 gubernet.
1832 1917 2090 2000 Honestissima

66 2030 131 2074 „03
153 2021 283 2097 gestat,
310 2008 399 2078 sicut
423 2009 497 2100 ip„
520 2007 658 2099 inquit,
686 2009 785 2078 velut
803 2022 924 2099 pastor
947 2026 1054 2099 agnos
1104 2028 1187 2073 vero
1209 2010 1428 2077 consuetudo
1452 2024 1523 2095 est,
1556 2013 1595 2081 in
1616 2009 1673 2083 his
1691 2023 1938 2107 congressibus
1953 2027 2090 2122 aliquid

67 2132 186 2178 recens
201 2110 315 2180 editos
329 2111 365 2179 in
384 2134 528 2203 campo,
553 2110 703 2180 colloc'at
718 2110 755 2178 in
771 2110 963 2198 gremium,
990 2112 1055 2179 do-
1104 2106 1239 2191 diccre,
1265 2111 1358 2201 quod
1376 2113 1586 2183 discentium
1602 2119 1729 2189 studiis
1744 2134 1778 2188 et
1793 2126 1952 2197 moribus
1968 2134 2089 2220 prosit.

2053 233 2101 304 34

1922 491 2094 522 Μ

1458 578 1534 664 De
1560 581 1751 679 Miseria.

1176 729 1208 784 ln
1208 730 1470 880 lsizlzclgn'ftfllmfi·
1481 735 1577 864 'gbl-V.
1593 759 1618 812 p.
1634 741 1696 806 829.
1731 744 1851 807 Servest.
1871 751 1906 809 Τ.
1923 751 1972 809 tv,
1990 772 2020 826 p.
2034 757 2095 816 299.
2128 718 2135 729 ο

67 2235 129 2281 nec
146 2211 187 2280 in
202 2213 297 2281 ovile
312 2220 457 2285 ventum
472 2225 535 2284 est.

166 2346 262 2418 Huic
275 2348 418 2418 Medico
436 2362 557 2418 nostro
572 2348 676 2419 etiam
687 2341 784 2417 hunc
798 2326 972 2417 bonorem
989 2346 1056 2417 tri·

65 2451 226 2536 buamus,
247 2464 287 2520 ut
302 2474 382 2520 cnm
400 2474 527 2542 corpus
542 2450 657 2519 simile
672 2462 795 2520 nostro
808 2451 1055 2540 adsumpserit,

64 2569 174 2623 artem
197 2553 356 2644 corporis
378 2549 546 2638 humani,
580 2554 674 2647 quod
698 2553 876 2642 singulare
892 2550 958 2622 Dei
988 2554 1052 2623 do-

65 2655 238 2725 micilium
276 2671 344 2740 est,
387 2656 593 2745 diligentius
627 2658 919 2746 contemplemur.
979 2652 1053 2723 Has

64 2780 183 2827 causas
208 2758 396 2827 discendae
416 2758 598 2828 doctrinae
621 2759 838 2835 anatomicae
866 2780 969 2849 saepe
993 2783 1053 2827 co-

64 2859 199 2949 gitate,
221 2885 286 2929 nec
310 2874 444 2953 partem
468 2856 560 2931 han-c
578 2855 748 2956 Physicae
770 2860 994 2930 utilistimam
1018 2874 1052 2930 et

63 2962 304 3031 dulcissimam
321 2963 498 3053 negligite.
549 2961 662 3053 Saepe
678 2962 781 3032 etiam
797 2959 882 3033 haec
903 2962 976 3055 ipsa
1000 2972 1063 3051 tc-,'

64 3064 230 3134 stimonia
259 3068 303 3134 de
327 3062 403 3135 Deo
433 3066 539 3135 nobis
566 3066 752 3156 impressa,
792 3079 825 3136 et
847 3088 1053 3134 commone·

62 3168 233 3237 sactiones
248 3168 390 3237 divinas
404 3170 442 3236 in
458 3167 532 3257 ipsa
549 3179 623 3236 arte
646 3188 833 3256 corporum
854 3169 965 3259 pictas
988 3168 1053 3236 ad·

63 3270 205 3360 spicite,
239 3283 273 3340 et
289 3272 394 3341 simul
410 3270 560 3357 cogitate
583 3271 674 3338 velle
688 3266 804 3339 Deum
828 3270 867 3338 in
891 3269 1053 3359 corpori-

63 3373 125 3441 bus
149 3373 297 3459 vestris,
323 3388 493 3468 tanquam
510 3372 550 3440 in
566 3372 748 3442 domicilio
773 3384 808 3440 et
831 3372 962 3462 templo
987 3393 1052 3441 suo

62 3469 236 3546 habitare.

161 3610 285 3702 Quare
312 3610 482 3683 membris
511 3609 679 3681 omnibus
705 3624 906 3681 reverenter
938 3623 972 3682 et
995 3610 1052 3702 pie

62 3715 233 3798 utamini,
260 3728 293 3786 et
311 3727 408 3806 grata
423 3711 810 3805 praedicationeDenm
829 3712 1050 3784 conditorem

62 3816 263 3887 celebretis:
291 3831 326 3888 et
340 3816 478 3909 petetis,
505 3829 545 3886 ut
559 3828 718 3908 protegat
734 3816 958 3907 etzgubernet
974 3839 1051 3887 cor·

63 3943 149 4009 pora
170 3934 307 4005 vestra,
335 3935 369 3990 et
385 3920 423 3987 in
442 3919 541 3988 vobis
557 3914 714 4003 habitet,
739 3933 780 3989 ut
802 3910 910 4016 λόγος
932 3932 1051 3989 osten-

65 4023 123 4092 dat
143 4022 246 4092 vobis
270 4036 452 4093 aeternum
481 4035 635 4110 patrem,
675 4033 709 4089 et
734 4019 889 4113 Spiritus
911 4034 1052 4090 sanctus

63 4125 313 4214 permiscentur
335 4125 460 4194 vestris
486 4119 658 4193 halitibus
690 4134 726 4192 et
759 4126 864 4193 corda
895 4136 1052 4207 renovet,

62 4240 93 4294 et
110 4227 278 4317 praebeat
292 4227 394 4297 vohis
409 4227 580 4296 salutares
597 4238 725 4295 motus.
775 4225 873 4297 llaec
888 4239 970 4295 vota
987 4246 1051 4294 ne-

61 4353 239 4423 quaquam
255 4330 355 4400 irrita
372 4352 445 4400 esse
460 4341 589 4419 putate.

159 4463 215 4535 Te
232 4465 351 4555 igitur,
371 4461 509 4549 bliDci,
532 4459 686 4532 Domine
696 4457 775 4530 lesu
784 4454 943 4540 Christe,
970 4486 1051 4531 cru-

60 4567 157 4637 cilixe
184 4570 372 4658 pronubis
397 4581 432 4637 et
456 4565 680 4649 resuscitate,
711 4565 771 4656 qui
794 4563 945 4634 induisti
972 4587 1050 4634 cor-

59 4694 125 4761 pus
140 4665 357 4755 humanum,
384 4683 418 4739 et
434 4683 468 4739 te
483 4666 588 4737 nobis
603 4664 803 4750 ostendisti,
828 4680 868 4736 ut
882 4665 1051 4735 sciremus

60 4774 240 4863 quomodo
262 4773 397 4866 alloqui
418 4769 534 4842 Deum
556 4769 750 4861 possimus,
779 4790 863 4848 oro,
896 4781 936 4837 ut
960 4764 1051 4837 hanc

61 4870 258 4945 Ecclesiam
275 4889 311 4946 et
324 4872 551 4945 Academiam
567 4884 730 4962 protegas
746 4882 783 4940 et
797 4871 992 4960 gubernes,
1009 4884 1052 4941 et

61 5001 124 5046 nos
136 5001 261 5047 omnes
280 4977 385 5047 facias
401 5000 480 5045 vasa
497 4972 772 5057 misericordiae,
798 4986 831 5042 et
846 4994 977 5063 organa
995 4996 1052 5041 sa-

61 5079 190 5148 lutaria
208 5081 313 5150 nobis
328 5093 363 5149 et
379 5079 471 5148 aliis:
497 5091 530 5147 et
546 5099 685 5167 semper
707 5075 745 5142 in
768 5070 825 5144 his
848 5075 1052 5163 regionibus

61 5182 208 5276 colligas
222 5178 417 5265 Ecclesias,
443 5193 476 5249 et
492 5181 628 5250 tribuas
643 5178 693 5246 eis
717 5179 904 5249 salutarem
922 5180 1051 5268 guber-

60 5284 254 5355 nationem.
307 5282 403 5356 Dixi.

114 5485 302 5555 Mensura.
330 5490 436 5555 Orsa.
463 5488 547 5553 Vos.
575 5486 652 5551 ΧΠ.
746 5474 753 5491 ’

1105 2206 1156 2278 hc
1172 2211 1322 2299 optarim
1346 2208 1408 2282 has
1427 2229 1543 2314 partes
1566 2218 1708 2289 dicendi
1730 2225 1916 2297 attributas
1937 2253 2010 2301 esse
2025 2230 2090 2304 ho-

1104 2311 1193 2379 mini
1215 2313 1370 2382 facundo
1393 2329 1428 2385 et
1450 2317 1608 2400 erudito,
1639 2322 1700 2415 qni
1718 2324 1797 2414 plus
1814 2340 1848 2398 et
1865 2330 2040 2403 facultatis
2057 2351 2091 2408 et

1103 2414 1301 2486 autoritatis
1323 2416 1361 2484 in
1387 2412 1483 2488 hunc
1508 2420 1625 2492 locum
1650 2425 1813 2503 adferret.
1873 2430 1979 2504 Scitis
1995 2440 2088 2507 enim

1104 2541 1158 2586 me
1172 2511 1353 2635 hominem
1364 2515 1612 2606 Geometram,
1634 2526 1672 2595 in
1686 2528 1758 2597 elio
1769 2531 1951 2605 doctrinae
1964 2562 2091 2628 genere

1103 2642 1247 2692 versari.
2052 2696 2056 2705 .

1204 2719 1274 2792 Sed
1297 2723 1380 2816 quia
1406 2727 1503 2814 gravi
1529 2731 1679 2802 consilio
1694 2734 1859 2824 pluribus
1877 2733 1934 2811 liic
1948 2744 2091 2817 dicendi

1102 2824 1200 2893 locus
1215 2824 1397 2912 tribuitur,
1421 2843 1454 2898 et
1468 2854 1524 2898 me
1538 2830 1672 2902 iustum
1688 2850 1740 2907 est
1756 2837 1892 2927 legibus
1908 2845 2092 2940 obtempe-

1102 2947 1198 3011 rare,
1224 2941 1306 3019 peto
1323 2941 1363 2997 ut
1379 2929 1470 3000 sicut
1492 2937 1741 3022 consuevistis,
1765 2964 1829 3031 pro
1848 2959 1961 3016 vestra
1979 2953 2091 3020 comi·

1102 3043 1192 3112 tate,
1216 3053 1274 3098 me
1288 3030 1465 3120 patienter
1478 3035 1641 3107 audiatis.
1703 3036 1782 3130 Ego
1801 3045 1906 3115 etiam
1931 3055 2092 3125 conscius

1102 3126 1192 3199 mihi
1216 3131 1432 3203 infirmitatis
1455 3160 1571 3221 meae,
1597 3159 1845 3230 argumentum
1859 3151 1967 3242 elegi,
1992 3158 2093 3227 carius

1103 3234 1351 3322 cogitationem
1367 3237 1518 3306 sciebam
1532 3240 1634 3311 vobis
1650 3244 1823 3336 voluptati
1839 3252 1933 3339 fore,
1956 3257 2092 3328 etiamsi

1103 3358 1195 3403 ame
1213 3359 1277 3427 pro
1295 3336 1467 3426 dignitate
1484 3343 1603 3410 ornari
1623 3367 1697 3414 non
1716 3350 1837 3438 possit.

1205 3435 1296 3507 Cum
1321 3434 1388 3510 hoc
1413 3440 1568 3512 triennio
1587 3439 1679 3517 hanc
1693 3451 1873 3538 regionem
1893 3452 2094 3552 Mysorum,

1026 3540 1029 3547 ’
1103 3540 1153 3610 sic
1163 3540 1259 3608 enim
1275 3554 1367 3611 recte
1382 3544 1563 3616 nominari
1572 3549 1752 3637 existimo,
1778 3568 1948 3648 utpostea
1964 3565 2094 3651 dicam,

1103 3656 1311 3734 pervagatus
1336 3644 1420 3731 sim,
1445 3659 1479 3716 et
1496 3649 1654 3720 studiose
1668 3653 1795 3739 sitnm,
1821 3661 1947 3744 urbes,
1962 3660 2093 3743 ¹horni-

1103 3766 1190 3814 num
1215 3745 1374 3836 ingenia,
1409 3772 1543 3837 mores,
1576 3753 1796 3850 doctrinam,
1824 3757 2017 3851 Ecclesias,
2043 3772 2094 3839 ci-

1103 3846 1254 3917 vitatum
1287 3848 1531 3940 disciplinam,
1578 3870 1688 3940 artes,
1738 3885 1846 3932 venas
1881 3870 2094 3954 metallicas,

1103 3972 1223 4038 agros,
1258 3951 1526 4040 gubernationis
1551 3957 1702 4027 formam
1734 3969 1991 4058 contemplatus
2017 3976 2095 4060 sim,

1101 4051 1243 4121 decrevi
1259 4076 1395 4123 mecum
1416 4056 1591 4147 picturam
1607 4060 1800 4154 aliquando
1815 4062 1922 4138 huius
1941 4076 2095 4163 regionis

1103 4155 1249 4238 aedere,
1274 4177 1315 4226 ac
1330 4157 1433 4253 doleo
1450 4183 1527 4229 non
1544 4162 1658 4231 multo
1677 4177 1758 4235 ante
1775 4169 1820 4237 ab
1837 4165 1979 4261 Apiano
1998 4181 2096 4248 aedi-

1103 4271 1175 4327 tam
1199 4280 1294 4339 esse,
1328 4259 1390 4351 qui
1415 4273 1450 4329 et
1472 4262 1606 4352 patriae
1631 4260 1698 4335 hoc
1720 4269 1876 4341 olbcium
1893 4277 2038 4366 debuit,
2063 4296 2097 4353 et

1104 4354 1320 4428 hortatorem
1346 4362 1390 4429 ad
1406 4356 1474 4431 hoc
1495 4388 1584 4454 opus
1598 4359 1724 4439 babuit
1743 4369 1967 4466 Principem,
1996 4384 2097 4454 cuius

1104 4462 1276 4531 autoritas
1298 4477 1371 4532 erat
1384 4464 1608 4554 gravissima,
1635 4466 1771 4542 Ducem
1787 4475 1963 4549 Saxoniae
1981 4483 2098 4556 Geor-

1103 4563 1213 4652 gium.
1266 4563 1354 4633 Nam
1372 4589 1434 4656 ego
1456 4569 1599 4660 quidem
1620 4595 1695 4641 non
1711 4577 1796 4643 datm
1820 4579 1912 4651 latus
1927 4590 2099 4660 meridia·

1104 4690 1190 4734 num
1209 4679 1322 4734 totum
1338 4668 1423 4738 vidi.
1472 4669 1542 4741 Sed
1559 4686 1678 4743 tamen
1696 4679 1826 4749 multae
1843 4707 1966 4754 causae
1986 4715 2098 4761 meam

1105 4768 1334 4858 cupiditatem
1358 4774 1606 4844 accenderunt.
1664 4775 1865 4852 Delectatus
1888 4808 1966 4855 sum
1996 4809 2100 4863 natu·

1105 4894 1164 4939 rae
1190 4870 1358 4942 varietate
1383 4874 1420 4941 in
1456 4869 1512 4945 his
1538 4877 1643 4962 locis,
1683 4879 1866 4955 civitatum
1897 4891 2103 4985 disciplina,

1105 4967 1292 5043 hominnm
1324 4977 1568 5046 moderatione
1590 4994 1625 5050 et
1655 4985 1855 5072 mundicia,
1898 4993 2102 5086 frequentia

1107 5074 1342 5146 eruditorum.
1408 5073 1549 5149 Deinde
1576 5095 1611 5151 et
1642 5085 1905 5172 gratitudinem·
1926 5120 1986 5165 me
2021 5096 2105 5171 hnic

1106 5177 1201 5266 genti
1217 5177 1345 5248 debere
1354 5191 1488 5260 statuo,
1514 5207 1604 5276 quac
1621 5181 1709 5254 mibi
1724 5188 1818 5262 inter
1832 5190 2108 5274 honestissimos

1107 5293 1140 5348 et
1156 5278 1413 5351 eruditissimos
1434 5283 1548 5369 viros,
1575 5301 1653 5376 post
1669 5287 1792 5382 longas
1807 5309 1840 5366 et
1856 5299 2027 5375 molestas
2045 5330 2108 5397 pe-

1106 5378 1382 5473 regrinationes,
1417 5409 1490 5454 non
1512 5390 1617 5458 modo
1639 5392 1879 5484 domicilium,
1911 5407 1974 5473 scd
2003 5408 2108 5476 etiarn

1425 5487 1449 5555 3
