4680 6038
69 251 113 323 61
626 245 785 323 DECL.
827 247 901 325 DE
935 244 1208 336 statana,
1242 243 1534 324 retractes.
2049 241 2115 335 dl,

68 435 100 492 et
122 419 344 510 diligentiam
367 430 561 511 praestent,
584 431 619 491 et
642 420 691 490 sic
708 436 829 512 regant
849 446 984 509 mores,
1008 446 1054 493 ne
1105 436 1278 494 sectamm
1308 423 1446 514 excerpi
1475 415 1544 491 hoc
1577 442 1724 511 agmen,
1757 417 1853 513 quod
1878 419 2016 487 fruetur
2039 413 2101 486 illa

67 523 192 592 dolore
219 522 373 590 alliciant
397 520 569 612 Spiritum
597 536 775 609 sanctum,
807 526 868 593 sed
896 538 938 596 nt
957 520 1055 595 Deus
1106 525 1309 595 dulcissima
1328 520 1395 594 Dei
1418 523 1582 594 societate
1606 524 1643 591 in
1665 536 1738 593 tota
1763 521 1987 598 aeternitate,
2018 539 2098 586 cum

67 624 182 693 faveat
198 622 418 692 discentibus
441 634 475 691 et
494 635 616 710 augeat
628 624 748 715 dona,
773 625 864 697 sicut
885 626 1054 718 scriptum
1106 622 1199 696 hane
1219 624 1416 696 doctrinam
1438 625 1610 695 divinitus
1636 625 1805 696 traditam
1831 621 1947 701 audit,
1983 618 2098 704 discit,

67 738 132 796 est:
170 720 328 793 Habenti
346 721 500 794 dabitur.
543 722 597 793 Te
609 739 738 811 autem,
759 727 810 794 lili
828 723 896 797 Dei
911 727 1055 797 domine

65 823 145 897 lesu
152 821 308 909 Christe,
322 824 484 895 crucifixe
499 846 566 914 pro
581 825 687 896 nobis
701 840 735 899 et
749 828 963 916 resuscitate,
978 852 1056 918 oro,

66 940 106 998 nt
121 950 189 998 nos
203 927 379 1017 gubernes
393 939 427 998 et
440 948 568 1000 serves.
618 922 716 1003 Diri.

741 1266 746 1279 ’
860 1332 909 1373 aa.
934 1309 1030 1379 assa.

840 1397 1050 1440 Μ

286 1503 363 1593 Dc
379 1508 582 1628 Sibylla,
612 1510 844 1626 Principe.

130 1680 283 1803 separatim
309 1683 426 1753 prodiit:
459 1684 556 1741 Oratio
577 1685 611 1740 de
632 1685 763 1759 Principe
783 1684 903 1759 Sibylla,
937 1684 1055 1744 conice

191 1751 252 1808 lect.
271 1751 331 1806 Sar.
345 1751 403 1807 tot.
418 1753 567 1820 Frideriei,
592 1754 696 1814 recita
712 1757 753 1810 lo.
767 1757 905 1810 Forstero.
941 1703 1055 1811 Witeh.

167 1821 245 1876 1554.
267 1821 293 1874 8.
311 1820 471 1904 2¹1gpl.-
506 1821 611 1878 Recuss
628 1823 657 1877 in
678 1822 770 1880 select.
790 1825 940 1881 Declamst.
960 1823 995 1879 T.
1007 1820 1056 1877 ΙΙΙ.

166 1907 194 1958 p.
203 1889 250 1943 lll
261 1907 332 1961 sqq,
350 1894 465 1947 harvest.
476 1889 509 1946 Τ.
517 1888 565 1948 ΙΙΙ.
579 1910 605 1963 p.
614 1892 674 1946 tat.
683 1902 711 1946 et
723 1891 851 1950 Richard.
865 1893 898 1951 Τ.
910 1892 946 1948 ll.
960 1910 986 1963 p.
995 1889 1055 1948 7⁵6.

68 1296 133 1373 No.
154 1297 241 1372 189.

77 1393 250 1426 m

64 2050 192 2120 Oratio
214 2045 264 2120 de
288 2052 466 2141 Principe
485 2047 690 2144 Sibylla,
722 2057 875 2148 coniuge
899 2055 1055 2123 Ioannis

64 2148 254 2224 Friderici
270 2151 472 2237 Electoris3
498 2157 662 2224 recitato
686 2175 711 2224 a
737 2159 798 2226 ιο.
826 2158 1054 2235 Forstero,

64 2251 173 2325 Dect.
219 2249 345 2325 Theol.
378 2257 420 2325 ia
451 2259 736 2360 renunciatione
771 2253 907 2351 publici
944 2258 1053 2326 testi-

455 2361 574 2429 monii
589 2364 659 2429 etc.

60 2506 105 2591 N
106 2539 156 2585 on
171 2538 263 2600 casu,
289 2540 362 2587 non
380 2540 421 2586 ex
435 2515 632 2590 Democriti
645 2522 773 2592 atomis
787 2514 874 2592 haec
887 2514 1050 2614 pulcher·

60 2621 155 2689 rima
170 2618 296 2687 mundi
318 2642 485 2711 corpora,
511 2634 546 2691 et
562 2622 796 2694 animantium
814 2637 849 2693 et
866 2617 1052 2699 hominum

61 2721 198 2790 formae
211 2719 476 2808 confluxerunt,
501 2724 561 2793 sed
579 2747 660 2794 vere
676 2747 749 2794 esse
771 2735 925 2794 mentem
941 2737 1053 2794 aeter-

60 2845 145 2892 nam
186 2817 519 2905 architectatricem,
571 2849 661 2918 quae
697 2827 862 2895 mirando
902 2824 1052 2895 consilio

60 2922 182 2993 omnia
197 2922 402 3008 fabricavit,
424 2925 585 3019 undique
603 2927 758 3000 ostendit
774 2950 831 2998 ars
847 2926 991 3018 opificii.

161 3055 233 3128 Sed
249 3056 400 3128 maxime
420 3058 573 3131 illustria
594 3062 794 3133 testimonia
818 3074 902 3133 sunt
917 3064 962 3131 de
974 3059 1052 3132 Deo

60 3157 267 3242 conditore,
296 3180 375 3228 cum
403 3161 554 3231 noticiae
574 3185 804 3234 numerorum
829 3177 934 3258 atque
954 3164 1052 3232 ordi-

61 3262 137 3346 nis,
165 3272 201 3329 et
224 3258 315 3329 aliae
335 3261 461 3331 insitae
477 3257 643 3333 humanis
657 3265 853 3349 mentibus,
878 3277 1050 3334 tumvero

59 3361 213 3433 noticiae
229 3359 313 3431 illae
326 3362 485 3452 regentes
501 3364 627 3446 vitam,
652 3365 891 3436 discernentes
905 3359 1052 3434 honesta

61 3479 95 3534 et
115 3463 257 3555 turpia,
278 3474 315 3533 et
329 3463 504 3535 vindicem
526 3464 642 3537 Deum
664 3479 915 3552 monstrantes,
940 3489 1051 3561 quum

60 3562 231 3636 horribili
265 3565 423 3636 tnrciatu
455 3567 689 3638 conscientiae
720 3568 850 3639 scelera
883 3569 1050 3660 puniunt.

60 3665 168 3737 Hunc
191 3665 355 3735 ordinem
380 3667 420 3735 in
443 3669 546 3738 nobis
569 3670 673 3760 ipsis,
713 3683 748 3741 et
771 3665 838 3740 hoc
860 3670 1051 3742 discrimen

60 3771 238 3839 bonarum
256 3791 376 3838 rerum
399 3782 432 3838 et
452 3769 646 3856 malarum,
672 3786 706 3842 et
728 3766 943 3842 horrendam
958 3771 1051 3840 lace-

61 3871 236 3940 rationem
256 3870 368 3939 nostri
383 3868 519 3951 cordis,
551 3896 657 3965 quam
679 3874 849 3963 scelerum
869 3872 1051 3942 conscien-

63 3975 110 4041 tia
136 3971 265 4054 adlert,
298 3971 375 4040 vult
396 3968 492 4041 Dens
512 3974 638 4064 aspici,
669 3988 709 4045 ut
729 3975 800 4046 sint
814 3975 1053 4045 commonefa-

64 4074 196 4142 ctiones
209 4074 255 4140 de
268 4073 357 4162 ipso.
398 4070 468 4142 Sed
483 4096 563 4143 cum
579 4075 746 4164 languida
761 4076 808 4147 sit
823 4076 977 4146 assensio
993 4075 1051 4143 in·

62 4188 202 4244 tertam
217 4174 329 4243 multa
346 4173 564 4259 testimonia,
590 4179 725 4266 prodiit
742 4178 816 4268 ipse
831 4178 995 4250 conditor
1010 4201 1052 4247 ex

61 4300 189 4346 arcana
205 4276 304 4358 sede,
330 4287 364 4345 et
387 4298 460 4344 sese
480 4278 584 4345 novis
604 4293 638 4348 et
655 4279 877 4350 evidentibus
895 4279 1051 4348 testimo·

61 4378 132 4447 niis
158 4376 322 4468 patefecit
356 4390 450 4446 extra
483 4390 630 4448 naturae
657 4382 839 4465 ordinem,
876 4403 917 4451 ac
946 4379 1052 4451 initio

60 4479 177 4549 hlium
192 4477 301 4561 misit,
316 4501 497 4570 perquem
513 4480 633 4552 docuit
647 4504 714 4551 nos
726 4505 807 4551 vere
822 4506 858 4552 se
874 4482 910 4549 in
926 4504 1052 4572 genere

60 4577 221 4652 hnmano
237 4579 402 4668 colligere
417 4575 631 4666 Ecclesiam,
655 4583 713 4653 cui
727 4583 767 4652 in
781 4585 880 4652 omni
900 4584 1053 4653 aeterni-

60 4697 133 4754 tate
161 4703 237 4751 sese
259 4682 374 4751 lucem
400 4703 518 4767 suam,
550 4683 778 4774 sapientiam,
816 4684 991 4754 iusticiam
1018 4699 1052 4756 et

62 4782 238 4855 laeticiam
262 4782 587 4854 communicaturus
614 4785 676 4871 sit,
708 4810 748 4856 ae
780 4785 887 4856 simul
918 4786 1053 4874 docuit,

61 4887 244 4980 quomodo
268 4881 461 4955 Ecclesiam
492 4898 670 4956 aeternam
697 4910 737 4956 ex
769 4883 835 4958 hac
865 4887 984 4976 fragili
1018 4901 1054 4960 et

1020 4676 1024 4697 ¹
1105 4656 1204 4746 signa
1237 4667 1320 4724 sunt

1105 720 1176 799 tte
1192 727 1417 819 amplectitur
1433 740 1469 798 et
1482 726 1609 797 retinet
1624 727 1880 817 incorruptam.

1204 864 1284 934 Hoc
1318 865 1396 935 vult
1426 864 1566 954 signum
1600 887 1673 934 esse
1704 860 1856 953 agminis
1890 850 1963 945 sui,
1998 859 2096 952 quod

1107 964 1379 1037 discernendum
1409 979 1503 1037 esta
1529 965 1665 1060 reliqua
1697 962 1926 1035 multitudine
1958 956 2096 1051 generis

1106 1061 1267 1142 humani.
1317 1066 1359 1137 ln
1375 1062 1444 1137 hoc
1460 1068 1597 1156 agmine
1612 1067 1687 1135 vult
1702 1062 1798 1136 Deus
1819 1055 1975 1154 conspici
1993 1054 2097 1154 prae·

1107 1169 1254 1240 sentiam
1271 1193 1382 1253 suam,
1406 1183 1441 1240 et
1456 1169 1579 1240 tribuit
1593 1169 1626 1237 ei
1642 1168 1784 1260 proprie
1802 1163 1979 1249 beneficia,
2005 1162 2095 1255 qua‘e

1107 1285 1190 1344 suut
1203 1273 1345 1349 exordia
1360 1270 1457 1341 illius
1472 1285 1632 1340 aeternae
1645 1267 1832 1341 societatis.
1883 1262 1971 1336 Vult
1987 1263 2097 1352 igitur

1107 1397 1172 1443 nos
1192 1372 1458 1466 circumspicere
1473 1396 1561 1466 quae
1586 1385 1620 1442 et
1638 1371 1698 1441 ubi
1721 1370 1766 1439 sit
1783 1365 1955 1450 Ecclesia,
1977 1360 2095 1458 qualis

1107 1475 1214 1547 luerit
1229 1476 1303 1547 eius
1317 1472 1538 1566 gubernatio,
1558 1474 1642 1543 inde
1660 1495 1772 1564 usque
1788 1470 1833 1538 ab
1847 1467 1965 1551 initio,
1988 1488 2095 1558 qnam

1107 1579 1153 1648 ad
1187 1602 1260 1648 rem
1300 1600 1438 1647 necesse
1479 1589 1530 1647 est
1562 1599 1665 1644 nosse
1696 1569 1882 1644 historiam
1914 1560 2093 1637 Ecclesiae

1107 1680 1269 1750 omnium
1293 1694 1512 1771 temporum,
1544 1691 1578 1749 et
1599 1676 1822 1747 considerare
1844 1672 1968 1764 inquo
1990 1672 2094 1739 coeth

1107 1782 1214 1854 luerit
1230 1806 1297 1851 vox
1312 1781 1494 1851 doctrinae
1511 1779 1727 1868 incorrupta.
1776 1772 1914 1845 Deinde
1930 1793 2019 1864 quae
2040 1766 2093 1841 ibi

1109 1883 1307 1957 testimonia
1323 1883 1456 1952 luerint
1476 1880 1693 1973 praesentiae
1709 1877 1797 1963 Dei,
1824 1898 1912 1969 quae
1929 1868 2093 1943 certami-

1108 2009 1171 2070 na,
1195 1984 1383 2078 dequibus
1398 1982 1571 2066 materiis,
1596 2006 1685 2076 quae
1707 1979 1898 2060 consessio,
1914 1972 1985 2069 'qui
2006 1970 2093 2043 cou-

1107 2109 1228 2157 sensus
1243 2088 1404 2179 piorum,
1430 2109 1520 2177 quae
1536 2085 1668 2167 virtus,
1692 2083 1754 2176 qui
1771 2081 1902 2163 exitus,
1927 2080 2016 2171 quae
2035 2073 2092 2143 iu-

1107 2188 1198 2260 dicia
1221 2188 1421 2272 saniorum,
1445 2209 1535 2279 quae
1555 2184 1800 2267 liberationes,
1825 2206 1864 2250 ac
1888 2175 2092 2248 tota'series

1107 2303 1306 2381 temporum
1321 2289 1359 2357 in
1375 2300 1563 2377 conspectu
1577 2286 1633 2355 sit.
1683 2281 1779 2353 Haec
1797 2277 2031 2352 consideratio
2048 2276 2093 2347 de

1107 2391 1229 2461 multis
1251 2390 1388 2479 magnis
1410 2390 1516 2458 rebus
1538 2409 1603 2456 nos
1623 2388 1746 2464 docet,
1773 2382 1926 2453 ostendit
1942 2378 2028 2471 quid
2046 2374 2094 2447 sit

1107 2492 1351 2582 probandum,
1376 2505 1410 2561 et
1426 2489 1610 2560 confirmat
1626 2486 1890 2568 adsensionem,
1914 2494 1947 2551 et
1964 2477 2093 2549 incitat

1106 2596 1152 2665 ad
1168 2593 1339 2666 virtutum
1353 2592 1480 2665 olficia.

1206 2726 1298 2801 Cum
1321 2741 1439 2800 autem
1463 2740 1498 2798 et
1518 2722 1575 2797 his
1594 2724 1765 2819 proximis
1790 2721 1894 2795 anuis
1921 2733 1998 2792 orta
2019 2719 2092 2791 sint

1106 2854 1233 2922 magna
1266 2831 1458 2900 certamina
1483 2831 1529 2899 de
1552 2828 1688 2900 multis·
1706 2823 1887 2897 doctrinae
1920 2822 2093 2915 partibus,

1106 2957 1202 3003 nunc
1222 2932 1408 3025 praecipue
1429 2953 1568 3001 necesse
1591 2945 1642 3001 est
1663 2928 1798 3021 inquiri
1813 2926 2010 2998 doctrinam
2033 2925 2093 2995 in-

1106 3048 1322 3126 corruptam,
1346 3057 1437 3126 quae
1452 3057 1532 3103 curn
1546 3031 1732 3102 adduxerit
1747 3053 1812 3099 nos
1827 3029 1872 3098 ad
1887 3050 2005 3098 veram
2020 3022 2093 3097 Ec-
2209 3046 2215 3053 ·

1106 3135 1266 3222 clesiam,
1290 3135 1487 3204 videndum
1502 3149 1555 3204 est
1569 3133 1676 3204 etiam
1689 3132 1728 3200 in
1743 3139 1818 3215 hac,
1841 3153 1931 3224 quae
1948 3128 2021 3200 sint
2034 3143 2089 3211 te·

1105 3238 1272 3309 stimonia
1288 3236 1506 3337 praesentiae
1520 3232 1599 3318 Dei,
1623 3256 1712 3326 quae
1726 3233 1783 3324 pia
1800 3232 1970 3322 exempla.
2006 3227 2089 3299 Non

1105 3350 1156 3408 est
1177 3335 1334 3408 Ecclesia
1358 3332 1619 3407 Centaurorum
1642 3345 1702 3402 aut
1726 3329 1921 3426 Cyclopum
1952 3351 2091 3418 agmen,

1104 3451 1166 3510 aut
1179 3434 1311 3508 Bacchi
1328 3437 1517 3519 exercitus,
1542 3437 1603 3506 sed
1625 3448 1694 3519 est,
1719 3449 1760 3505 ut
1775 3434 1812 3501 in
1829 3428 2013 3524 Sophonia
2032 3431 2090 3499 di-

1104 3541 1217 3625 citur,
1242 3537 1395 3632 populus
1416 3532 1563 3608 humilis
1585 3550 1619 3606 et
1636 3559 1784 3627 pauper,
1808 3534 1989 3604 confidens
2001 3530 2091 3616 Deo,

1104 3658 1140 3715 et
1154 3666 1235 3712 enm
1250 3642 1430 3710 invocans.
1482 3636 1608 3728 Fulget
1630 3638 1668 3705 in
1682 3633 1839 3706 Ecclesia
1862 3634 1995 3725 agnitio
2008 3631 2091 3717 Dei,

1105 3759 1139 3816 et
1152 3757 1203 3814 est
1216 3744 1256 3811 in
1272 3767 1311 3812 ea
1326 3741 1559 3811 consideratio
1574 3738 1767 3831 sapientiae
1780 3735 1860 3823 Dei,
1879 3735 2041 3807 doctrina
2055 3747 2091 3804 et

1104 3845 1303 3915 intellectus
1314 3867 1354 3913 ac
1369 3866 1471 3911 amor
1484 3842 1656 3912 virtutum
1677 3853 1710 3910 et
1726 3833 1894 3910 honestae
1910 3836 2091 3907 consocia·

1105 3947 1232 4030 tionis,
1260 3946 1342 4014 ideo
1372 3938 1539 4012 historiae
1572 3941 1708 4033 aliquot
1729 3942 1893 4011 recitatae
1921 3952 2023 4024 sunt,
2056 3949 2092 4006 et

1105 4046 1313 4138 Principum
1331 4057 1365 4114 et
1380 4044 1554 4130 aliorum,
1577 4056 1617 4113 ut
1632 4042 1742 4110 sciant
1758 4043 1868 4111 exteri
1888 4054 1923 4110 et
1946 4037 2092 4131 posteri,

1104 4149 1238 4220 multos
1265 4147 1438 4239 sapientes
1469 4161 1503 4218 et
1526 4146 1657 4214 virtute
1686 4142 1893 4214 excellentes
1926 4136 2090 4211 homines

1104 4250 1285 4343 amplexos
1300 4271 1375 4318 esse
1389 4247 1598 4328 doctrinam,
1623 4268 1728 4338 quarn
1745 4245 1955 4337 profitentur
1967 4239 2091 4312 Eccle-

1105 4353 1176 4423 siae
1202 4365 1360 4433 nostrae,
1391 4361 1430 4418 ut
1462 4347 1583 4438 plures
1615 4347 1730 4437 ipsum
1764 4346 1946 4415 doctrinae
1980 4364 2090 4433 genus

1105 4464 1329 4543 cognoscant,
1351 4462 1385 4520 et
1397 4449 1546 4537 cognitis
1563 4448 1721 4518 lontibus
1737 4447 1990 4517 confirmentur
2004 4467 2091 4515 con·

1103 4576 1210 4626 sensu
1242 4555 1365 4623 talium
1392 4545 1600 4634 hominum,
1633 4549 1823 4641 inquibus
1846 4571 1920 4617 non
1953 4547 2091 4617 laliacia

1353 4676 1456 4722 verae
1488 4652 1645 4742 pietatis,
1674 4663 1707 4720 et
1739 4650 1936 4719 invitentur
1966 4671 2090 4719 eorum

1104 4757 1274 4848 exemplis
1289 4755 1334 4825 ad
1349 4753 1541 4824 multarum
1555 4753 1726 4823 virtutum
1744 4751 1916 4821 exercitia.

1214 4886 1320 4959 Nunc
1352 4887 1461 4976 igitur
1490 4908 1601 4977 pauca
1632 4885 1747 4954 dicam
1779 4886 1823 4953 de
1856 4883 2094 4956 illustrissima

61 4986 208 5057 mortali
230 5009 342 5056 massa
368 4985 578 5057 'collecturus
603 4987 660 5063 sit.
711 4986 814 5058 Hanc
841 4989 1051 5080 sapientiam
1105 4991 1270 5082 Principe
1290 4989 1446 5083 Sibylla,
1470 4987 1618 5076 coniuge
1645 4985 1875 5054 illustrissimi
1898 4980 2008 5057 Ducis
2027 4985 2092 5056 Sa-

62 5088 286 5172 universam‚
319 5099 355 5157 et
376 5081 463 5155 haee
481 5088 639 5170 decreta,
671 5114 751 5160 curn
772 5090 883 5172 filius,
918 5091 982 5183 qui
1002 5103 1053 5162 est
1104 5093 1233 5162 aoniae
1261 5085 1433 5160 Iohannis
1457 5087 1649 5171 Friderici‚
1680 5083 1876 5177 dilectoris,
1909 5111 2023 5178 nuper
2050 5111 2092 5158 er

64 5191 210 5280 angelus
232 5188 351 5279 magni
374 5186 512 5258 consilii
533 5213 574 5259 ex
597 5192 679 5261 sinu
701 5191 834 5261 aeterni
856 5191 966 5283 patris
982 5208 1053 5265 sta·
1105 5190 1172 5266 bac
1193 5192 1337 5262 mortali
1355 5192 1427 5261 vita
1452 5190 1496 5259 ad
1517 5190 1701 5259 coelestem
1725 5184 1919 5259 Ecclesiam
1944 5190 2092 5274 evocati,

65 5292 128 5364 tim
152 5290 259 5362 initio
290 5288 497 5381 pmtulerit‚
535 5285 643 5390 λόγος
667 5293 891 5374 nominatur,
925 5294 986 5386 qui
1020 5307 1053 5364 et
1105 5295 1207 5366 cuius
1224 5287 1420 5363 historiaet
1437 5304 1581 5383 propter
1595 5286 1742 5361 honesta
1758 5291 1914 5382 exempla
1939 5293 2092 5384 prodest,

65 5393 216 5464 affirmat
236 5390 287 5463 sic
311 5415 353 5461 er
375 5385 542 5463 horribili
563 5393 769 5468 confusione
789 5393 1001 5489 opinionum
1019 5408 1054 5469 et
1106 5409 1141 5468 et
1168 5395 1251 5490 quia
1274 5393 1500 5467 manifestum
1527 5391 1768 5466 testimonium
1797 5404 1848 5463 est
1875 5393 2093 5483 praesentiae
