4680 6038
154 240 253 321 102⁵
720 240 749 319 1.
795 236 1091 319 cunourcou
1121 194 1370 317 canrours.
1399 234 1619 348 *ransu
1924 222 1927 226 ’
2079 245 2177 320 soso

151 417 298 488 doniam
322 429 355 487 et
386 413 569 510 lllyricum
605 414 812 486 nominatur
836 411 988 489 Cethim.
1041 410 1143 503 Quae
1190 410 1269 506 pari
1287 412 1418 504 coepit,
1446 410 1680 507 compositum
1698 437 1738 484 ex
1751 411 1896 487 Hunnis
1910 426 1943 489 et
1959 409 2058 502 lura,
2082 419 2171 493 sicut

152 530 319 589 autemet
337 519 459 588 ubisit
476 516 709 604 Macedonia,
734 530 859 589 uotum
878 531 941 588 est.
980 513 1141 587 Fuerunt
1190 517 1283 607 apud
1303 513 1512 603 lornandem
1531 517 1698 588 scribitur
1712 515 1922 607 Hunnivar,
1947 522 2042 614 quod
2064 518 2171 592 llun·
2303 542 2316 557 ‘

151 635 268 691 autem
304 620 412 691 vicini
448 619 687 691 Macedonum
723 616 945 714 Thucydidis
981 632 1139 709 tempore
1191 619 1229 687 ni
1246 631 1280 689 et
1295 618 1546 688 Avaresmixti
1564 621 1719 691 fuerunt.

151 721 312 793 Poeones
327 725 373 793 ad
391 719 638 818 Stryrdonem,
663 736 696 793 et
721 722 929 812 significatio
947 721 1138 792 vocabulo·
1290 715 1367 793 Etsi
1386 734 1502 792 autem
1528 735 1612 793 tunc
1632 721 1859 813 Longobarrli
1876 721 2045 794 Noricum
2068 737 2102 796 et
2115 725 2170 793 vi-

153 848 235 895 rum
259 828 382 895 eadem
403 839 467 900 est.
527 823 618 895 Nam
639 823 759 895 Poeon
785 823 931 896 Graecis
954 825 1048 893 idem
1075 836 1139 908 est,
1189 823 1267 895 cina
1284 823 1360 894 loca
1376 837 1585 895 tenuerunt:
1608 839 1724 897 tamen
1739 826 1823 895 inde
1838 826 1907 895 cito
1926 827 2178 912 discesserunt,

151 929 251 1021 quod
266 925 438 999 Hebraeis
451 922 614 1013 Cethim,
641 930 738 1020 quod
765 928 937 1017 significat
954 946 1139 1020 percusso-
1188 940 1222 997 et
1260 923 1395 1016 Ungari
1431 928 1686 1019 possessionem
1721 928 1821 1016 regni
1857 941 2047 1000 tenuerunt
2086 928 2169 997 inde

152 1051 218 1100 res.
270 1030 345 1099 Alii
367 1053 497 1100 nomen
524 1027 822 1102 Poeonsecerunt
844 1027 1015 1115 aPaean,
1041 1029 1137 1123 quod
1188 1026 1550 1122 usquealustiniano
1566 1032 1610 1100 ad
1629 1052 1745 1117 regem
1761 1024 1950 1099 Matthiam
1969 1052 2082 1100 annos
2099 1028 2170 1098 cir-

152 1133 299 1202 vetustis
325 1147 376 1205 est
397 1156 538 1203 carmen
564 1128 798 1224 triumphale,
829 1147 891 1203 aut
922 1145 973 1203 est
1006 1154 1137 1201 nomen
1187 1131 1275 1202 citer
1289 1131 1520 1221 octingentos.
1572 1132 1710 1203 Interea
1733 1155 1855 1222 magna
1875 1132 2063 1202 bellacum
2079 1128 2169 1200 Bul-

151 1233 262 1324 patris
275 1231 509 1316 Philoctetae,
538 1235 600 1329 qui
618 1235 685 1306 snit
702 1232 865 1306 Herculis
882 1257 1009 1308 comes.
1053 1232 1137 1305 Sive
1187 1233 1296 1323 garis,
1322 1246 1440 1325 postea
1463 1257 1541 1304 cum
1566 1234 1812 1325 Langobardis
1837 1233 2012 1318 inltalia‚
2038 1233 2168 1303 deinde

150 1335 261 1425 igitur
282 1359 302 1408 a
326 1337 503 1423 victoriis,
529 1339 602 1408 sive
627 1338 673 1406 ab
695 1334 859 1409 Herculis
878 1337 1006 1408 comite
1020 1336 1138 1407 nomi·
1187 1360 1265 1406 cum
1276 1332 1464 1404 Germanis
1480 1350 1558 1427 post
1573 1333 1800 1429 Arnolphum
1815 1336 2061 1428 imperatorem
2078 1347 2169 1404 tem-

151 1438 226 1508 nati
243 1454 327 1512 sunt
342 1438 511 1522 Poeonii‚
537 1463 669 1510 nomen
687 1463 759 1509 esse
777 1440 1063 1535 antiquissimum
1084 1451 1137 1508 te-
1186 1461 1272 1530 pore
1286 1435 1433 1508 Henrici
1448 1434 1626 1530 Aucupis‚
1653 1452 1686 1510 et
1700 1440 1866 1530 deinceps
1882 1448 2080 1527 gesserunt,
2105 1435 2166 1504 sed

153 1553 291 1611 stantur
307 1539 505 1628 Homerus,
529 1538 721 1633 Euripides
742 1557 776 1614 st
798 1539 1038 1637 Thucydides
1088 1536 1137 1610 Et
1186 1554 1303 1611 tamen
1322 1540 1492 1632 possessio
1511 1539 1718 1612 Pannoniae
1739 1562 1846 1633 penes
1861 1537 2051 1628 Hungaros
2064 1542 2168 1606 man·

150 1641 235 1734 quia
257 1668 325 1714 vox
341 1643 477 1715 Graeca
503 1658 573 1730 est,
598 1643 774 1715 coloniam
797 1668 870 1717 esse
888 1644 1059 1715 Graecam
1073 1666 1136 1735 ap·
1186 1643 1251 1729 sit,
1275 1642 1337 1737 qui
1351 1664 1470 1714 recens
1486 1642 1624 1715 circiter
1639 1656 1780 1715 eentum
1803 1664 1916 1713 annos
1934 1639 2010 1712 Deo
2025 1639 2168 1710 iuvante

150 1758 260 1835 paret.
309 1744 401 1817 Cum
426 1771 511 1817 vero
531 1746 701 1837 paulatim
724 1745 947 1842 aStrymone
961 1744 1137 1837 progressi
1186 1745 1579 1836 sortiterrepresserunt
1595 1744 1749 1830 Turcos,
1776 1769 1815 1815 ac
1832 1738 2167 1815 velutmurusreli·

150 1846 297 1917 suntad
325 1845 473 1932 Istrum,
508 1849 636 1918 deinde
665 1850 849 1922 nominata
876 1863 928 1919 est
950 1847 1135 1918 Pannonia
1186 1846 1277 1940 qdae
1290 1844 1456 1940 Europae
1480 1849 1648 1920 adversos
1671 1871 1730 1919 eos
1750 1846 1907 1919 fuerunt.
1959 1842 2066 1932 Quod
2085 1863 2167 1910 varo

150 1972 236 2017 voce
257 1949 519 2043 aliquantulum
544 1951 678 2021 deflexa
705 1949 918 2023 aPoeonia.
975 1947 1136 2044 Cumque
1186 1950 1330 2044 quidam
1346 1963 1512 2031 narrant,
1535 1948 1703 2021 Carolum
1720 1950 1871 2039 potitum
1888 1941 2169 2020 essePannonia,

152 2050 259 2142 stirps
274 2051 379 2123 luerit
395 2049 544 2139 Graeca,
569 2053 676 2124 urbes
693 2053 821 2125 veteris
834 2052 1043 2125 Pannoniae
1059 2077 1136 2123 ma·
1185 2067 1220 2122 et
1235 2052 1410 2122 coloniam
1426 2077 1467 2122 co
1479 2053 1683 2135 deduxisse,
1709 2051 1825 2141 inanis
1847 2049 1967 2116 fabula
1984 2059 2046 2120 est.
2096 2041 2169 2114 Sed

148 2150 202 2241 gis
218 2167 363 2224 ornatae
378 2154 524 2228 luerunt
544 2155 699 2245 legibus,
723 2155 925 2247 aediliciis,.
938 2154 1136 2247 disciplina,
1186 2153 1420 2225 Teutonicam
1436 2153 1594 2244 linguam
1610 2152 1801 2224 retinentes
1816 2153 1861 2220 ad
1874 2146 2067 2240 Carpatum
2080 2156 2114 2214 et
2129 2142 2170 2212 iu

151 2278 259 2346 quarn
275 2255 365 2326 aliae
381 2255 529 2332 vicinae.
578 2256 662 2328 Post
676 2258 1136 2350 praedicationemllposto-
1186 2256 1315 2326 vicinia
1332 2256 1503 2350 reliquiae
1519 2269 1602 2326 sunt
1620 2252 1813 2325 Gottorum
1828 2263 1997 2323 veterum.

148 2355 266 2425 lorum
283 2357 354 2427 cito
373 2357 477 2428 etiam
492 2354 670 2429 Ecclesiae
686 2359 737 2429 ibi
754 2362 964 2432 constitutae
980 2374 1075 2440 sunt,
1101 2371 1136 2429 et
1285 2373 1381 2446 Haec
1404 2375 1558 2445 breviter
1581 2370 1640 2444 hic
1663 2373 1826 2452 recitavi,
1859 2383 1900 2442 ut
1924 2368 2031 2445 series
2050 2386 2170 2436 rerum

150 2455 266 2525 ⁸¹⁰dl³
286 2455 443 2530 Gfflffl‘?
458 2460 599 2550 linguae
623 2459 675 2531 lbi
691 2462 900 2535 fl0¹¹¹ffl¹ssb
952 2462 1042 2533 Nam
1061 2459 1136 2532 1¹⁸·
1185 2476 1472 2549 Pannonicarum
1492 2478 1613 2571 aliquo
1629 2477 1736 2547 modo
1752 2474 1789 2543 in
1807 2484 1995 2564 conspectu
2010 2480 2111 2539 esset.

149 2580 258 2675 naeus
275 2555 470 2654 Episcopus
493 2566 532 2631 in
555 2562 697 2657 Syrmio
721 2564 895 2657 supplicio
912 2565 1057 2634 affectus
1074 2576 1134 2638 est.
1290 2594 1337 2668 Ut
1351 2609 1467 2666 „mem
1479 2595 1674 2664 Afdfflcu,
1687 2593 1773 2666 νῑςῑῑ
1787 2592 1900 2661 filium
1911 2588 2042 2659 Attilae
2053 2580 2168 2656 Ellac:

150 2655 273 2729 Fossae
296 2677 413 2734 autem
438 2660 664 2759 Thucydidis
687 2679 844 2757 tempore
868 2665 976 2737 Getas
999 2667 1135 2735 vicinos
1186 2699 1234 2768 ipa
1267 2697 1358 2767 cim
1389 2694 1528 2767 gudam
1559 2694 1759 2765 wanemir
1788 2716 1849 2762 m
1880 2689 2044 2762 nomeu,
2085 2684 2171 2754 vicit

148 2756 316 2832 Poeoniis
334 2766 558 2837 manifestum
575 2779 646 2853 est,
671 2779 707 2886 et
720 2767 921 2886 Alexander
935 2792 1015 2838 cum
1032 2765 1135 2839 Geti-
1185 2799 1424 2870 ayiumfflium
1440 2794 1573 2869 Attilae
1592 2794 1821 2868 Dpncponem,
1872 2789 2171 2886 Reliquirautem

148 2885 190 2930 ⁰⁰
214 2887 295 2952 “8⁸
312 2864 441 2961 symm
465 2867 599 2938 bellum
620 2882 745 2957 ΜΒ
771 2872 856 2940 “¹⁴¹²
873 2869 1055 2965 syrmium
1071 2871 1134 2940 de·
1186 2898 1351 2972 heredem
1380 2901 1523 2970 fratrem
1545 2893 1788 2980 Theodorou,
1819 2918 1900 2964 cum
1931 2917 2002 2985 quo
2033 2909 2171 2960 summa

149 2964 372 3086 ⁰⁰¹¹¹l¹¹²f¹¹¹¹¹
391 2991 464 3039 ‘⁸⁸²
479 2995 499 3039 ³
515 2967 929 3088 syfm⁰f⁰¹¹⁵⁰¹¹¹³¹¹⁰¹¹¹¹¹
946 2985 1008 3046 ⁰⁵¹·
1186 3001 1374 3073 concordia
1393 3000 1539 3072 vixerat.
1581 2997 1614 3068 ls
1629 2993 1855 3068 Theudomir
1869 3009 1968 3088 pater
1983 3004 2034 3062 est
2048 2985 2172 3081 Theog

251 3065 326 3139 Dru
348 3083 466 3141 autem
492 3068 650 3143 Romans
673 3070 880 3142 Pannonios
900 3072 1136 3142 defenderunt
1186 3103 1297 3175 defici
1317 3100 1550 3187 veronensis,
1572 3113 1612 3171 up
1628 3123 1694 3170 ΠΟ,
1711 3097 1957 3178 nominamus,
1983 3092 2047 3188 qui
2068 3084 2172 3160 aze.

150 3183 273 3241 contra
288 3170 424 3245 ricinos
437 3169 546 3243 Getas
568 3187 603 3243 et
616 3170 749 3257 Dacos,
771 3175 885 3245 donec
899 3175 1044 3245 tandem
1061 3168 1136 3241 Va·
1185 3228 1281 3276 none
1309 3206 1348 3273 in
1370 3201 1510 3274 ltaliam
1533 3203 1662 3272 mim,
1687 3196 1895 3273 odoacrum
1921 3191 2112 3289 oppressit,
2135 3201 2172 3260 at

149 3270 256 3342 lentis
275 3273 499 3366 imperatoris
520 3286 676 3367 tempore
694 3272 805 3346 Getae
829 3276 977 3347 victores
991 3272 1136 3346 Panno-
1190 3307 1328 3378 ltaliam
1343 3304 1433 3377 mit
1450 3325 1564 3376 anno,
1578 3303 1722 3396 „igin”
1737 3315 1819 3375 ms,

148 3373 247 3443 niam
263 3391 499 3468 occuparunt,
523 3390 558 3447 et
574 3381 715 3447 eosdem
738 3402 812 3448 esse
828 3376 938 3450 Getas
957 3392 991 3449 et
1006 3374 1136 3447 Gottos

148 3499 225 3545 non
243 3477 393 3547 dubium
409 3493 472 3550 est.
516 3477 698 3550 Vetustior
713 3494 830 3552 autem
846 3482 945 3550 sedes
962 3478 1135 3551 Getarum
1215 3496 1218 3500 ’

1187 3536 1276 3622 (tuo
1301 3541 1511 3622 tempore
1538 3523 1825 3599 conditorii
1854 3517 1964 3594 urba*
1987 3521 2169 3594 Veneto
2216 3610 2219 3618 1

149 3577 190 3648 in
205 3574 290 3650 Asia
306 3603 395 3673 quae
410 3581 535 3662 luerit,
558 3605 601 3651 ex
615 3580 799 3654 Herodoto
814 3583 964 3672 intelligi
979 3595 1103 3676 potest.
1367 3637 1416 3707 yn
1440 3635 1549 3704 ,m
1573 3631 1719 3702 man-3
1740 3625 1995 3698 Adryasin,

253 3679 495 3752 Valentiniani
513 3680 575 3753 lll.
599 3697 758 3777 tempore
783 3682 896 3756 Attila
917 3683 1072 3755 Hunnoa
1096 3681 1136 3751 in

146 3780 372 3854 Pannoniam
389 3786 547 3871 adduxit,
573 3799 606 3856 et
622 3786 692 3859 late
707 3787 884 3878 regnavit,
909 3788 967 3858 cui
984 3799 1017 3857 et
1033 3783 1134 3856 Gotti
1289 3783 1443 3856 Gentem
1472 3780 1649 3853 Henetam
1681 3777 1835 3850 vicinam
1862 3774 1972 3845 fuisse
1996 3767 2173 3867 Phrygiae

150 3908 275 3976 parere
290 3910 363 3956 non
379 3900 598 3960 recusarunt
639 3886 711 3960 Ubi
724 3902 842 3960 autem
860 3902 994 3960 veteres
1008 3885 1135 3959 Hunni
1187 3890 1410 3960 manifestum
1433 3898 1485 3957 est
1499 3909 1541 3955 ex
1555 3882 1715 3955 Homero
1736 3893 1771 3952 et
1787 3875 1994 3969 Apollonio.
2045 3870 2175 3987 Eece:

147 3986 302 4072 fuerint,
335 4013 376 4058 ex
401 3988 520 4059 Plinio
546 3989 696 4082 intelligi
728 4005 862 4083 potest,
895 3992 957 4085 qui
988 3991 1137 4061 collocat
1187 3993 1245 4083 gio
1262 4003 1379 4083 postea
1398 3989 1491 4059 dicta
1516 4002 1566 4057 est
1586 3978 1827 4076 Paphlagonia
1848 4001 1868 4047 a
1888 3969 2068 4066 Paphlago
2084 3967 2175 4043 Phi-

149 4108 212 4160 eos
239 4091 333 4182 apud
364 4087 564 4176 Tocharos‚
596 4093 659 4185 qui
687 4089 887 4165 Bactrianis
924 4092 1035 4164 vicini
1059 4093 1138 4162 sue·
1188 4097 1248 4164 nei
1262 4091 1352 4165 filio.
1401 4086 1542 4161 Deinde
1558 4084 1695 4157 Galatia
1718 4076 1974 4167 inearegione
1994 4077 2094 4144 sedes
2108 4074 2174 4144 da-

148 4204 247 4264 runt.
299 4188 417 4264 Sonus
444 4193 608 4266 vocabuli
632 4208 725 4267 certe
755 4196 919 4288 congruit
946 4217 1027 4266 cum
1056 4217 1138 4264 ver·
1188 4209 1245 4268 tae
1260 4210 1361 4279 sunt,
1387 4214 1477 4285 quos
1493 4189 1532 4259 in
1548 4187 1670 4260 Asiam
1693 4182 1835 4255 attraxit
1858 4169 2064 4249 Antiochus
2085 4173 2175 4295 11123

147 4294 198 4364 bo
218 4286 363 4375 Chaos,
396 4294 492 4391 quod
515 4312 566 4369 est
590 4309 702 4369 castra
724 4299 853 4391 posuit.
911 4295 1000 4368 lnde
1024 4307 1140 4391 potest
1188 4321 1251 4370 rax
1276 4296 1368 4369 inter
1391 4289 1584 4388 Phrygiam
1606 4302 1641 4361 et
1661 4282 1857 4382 Chalybes,
1882 4282 1948 4375 qui
1968 4278 2176 4350 venasierrr

149 4416 224 4464 esse
244 4390 389 4482 Hunni,
424 4399 523 4492 quasi
554 4411 666 4469 castra
694 4414 876 4490 ponentes.
934 4397 1004 4470 Sed
1033 4399 1138 4470 tertio
1191 4414 1226 4472 et
1241 4397 1378 4489 argenti
1400 4391 1622 4478 habuerunt,
1649 4390 1747 4460 unde
1769 4407 1902 4457 nomen
1917 4381 1985 4454 luit
2000 4377 2115 4476 Alybe
2129 4378 2176 4450 ab

149 4518 248 4568 anno
260 4511 340 4587 post
356 4499 653 4572 Attilsemortem
671 4499 773 4573 Gotti
799 4527 921 4574 rursus
938 4502 1041 4595 potiti
1057 4513 1140 4571 sunt
1189 4500 1352 4572 Hebraea
1374 4522 1460 4568 voce
1480 4493 1598 4575 tobel,
1631 4491 1728 4587 q¹¹0d
1749 4482 2079 4583 PfflPfl⁸⁸lE¹¹ffi⁰⁸l
2093 4477 2178 4551 ΜΕ·

149 4618 261 4690 regno
277 4593 497 4674 Pannoniae.
548 4599 639 4674 Nam
657 4600 837 4695 Gepidae,
862 4605 925 4699 qui
940 4627 1037 4675 nunc
1056 4617 1139 4674 sunt
1189 4603 1326 4676 talium.
1376 4593 1432 4671 Ex
1448 4607 1666 4671 voceautem
1684 4591 1800 4687 Alybe
1820 4591 1953 4661 iactum
1976 4595 2176 4657 estuornen

149 4698 314 4794 Sepusii,
338 4718 420 4792 pars
436 4698 793 4778 lueruntGottorum.
843 4704 928 4779 Fuit
942 4718 1057 4776 autem
1069 4702 1139 4776 Ar·
1189 4698 1392 4800 Chalybes.

149 4799 305 4887 darieus,
329 4804 391 4897 qui
407 4805 520 4876 tilium
536 4801 670 4878 Attilae
683 4808 782 4894 vicit,
806 4831 867 4878 rex
881 4806 1113 4901 Gepidarum.
1290 4802 1512 4876 Mentionem
1538 4797 1621 4870 lacit
1644 4793 1866 4868 Henetorurn
1897 4801 1933 4861 et
1958 4784 2176 4906 Herodotps,

165 4940 169 4947 ·
252 4900 340 4976 Post
370 4928 499 4978 annos'
515 4920 658 4977 centnm
680 4923 839 5001 tempore
862 4907 1053 4982 Iustiniani
1080 4932 1138 4980 re·
1189 4911 1250 4980 sed
1277 4923 1360 4980 tunc
1391 4927 1472 4976 curn
1501 4909 1696 4973 tenuerunt
1724 4895 1825 4968 littus
1855 4892 1964 4963 maris
1989 4886 2178 5006 Adnatrrr.

150 5005 299 5076 dierunt
326 5004 473 5095 Hunni,
505 5023 540 5079 et
566 5007 726 5082 adiuncti
749 5011 800 5081 eis
821 5012 966 5084 fuerunt
990 5013 1137 5098 Avares,
1188 5008 1476 5085 Consentaneum
1491 5015 1543 5076 est
1558 5016 1675 5073 autem
1690 4995 1918 5069 vetustiorem
1934 4993 2054 5063 sedam
2067 4989 2177 5059 forse

149 5107 214 5201 qui
238 5125 458 5200 occuparunt
480 5106 672 5183 Thraciam
694 5125 731 5185 et
755 5112 890 5184 vicinas
916 5115 1078 5206 regiones
1104 5129 1139 5188 et
1189 5137 1296 5208 quam
1314 5120 1507 5184 tenuerunt
1516 5105 1602 5178 belli
1612 5099 1762 5173 Troiani
1772 5111 1930 5188 tempore
1941 5082 2178 5209 propePhryf

148 5207 404 5286 Pannoniam..
438 5210 600 5285 Fuerunt
620 5226 738 5283 autem
763 5209 899 5286 Avares
918 5213 1137 5287 Hunnorum
1190 5214 1294 5306 giam.
1347 5214 1400 5284 Ac
1414 5221 1561 5280 narrant
1578 5216 1657 5300 post
1671 5197 2022 5274 bellum'l'roianum
2036 5193 2084 5264 ab
2098 5189 2186 5303 Aug·

148 5309 279 5396 ricini,
305 5336 347 5382 cx
368 5335 408 5382 ea
438 5314 583 5404 regione
610 5336 703 5407 qnae
725 5310 833 5386 hodie
853 5318 982 5388 retinet
1004 5340 1137 5388 nomen
1189 5329 1313 5387 tenore
1336 5318 1379 5385 ad
1407 5312 1526 5384 sinum
1550 5305 1657 5378 maris
1681 5301 1856 5375 Adriatici
1877 5298 2035 5370 Henetus
2052 5295 2178 5415 ductos

148 5408 237 5484 lura
255 5413 350 5485 oltra
370 5412 604 5490 Moseorism·
651 5410 703 5489 Et
723 5439 856 5490 nomen
874 5417 1011 5514 Ungari
1035 5443 1139 5492 usur·
1188 5441 1277 5508 esse,
1299 5415 1458 5491 fortassis
1474 5414 1568 5485 idem
1586 5406 1765 5482 aarum
1776 5402 1820 5476 in
1833 5401 1989 5476 vicinam
2004 5395 2178 5494 tttynan.
