4680 6038
163 198 245 325 aaa
797 235 1059 319 pulsarer
1089 233 1540 359 mananrnours.
2111 226 2186 305 ora

162 420 286 495 ritiun
300 427 335 488 et
349 412 629 503 invocationem,
653 410 704 485 it'a
720 427 754 487 et
767 413 933 510 deinceps
951 427 1068 486 servat
1083 410 1153 488 Ec·
1200 413 1289 488 toria
1310 413 1420 485 aimus
1446 411 1553 498 iusti,
1585 410 1625 480 id
1647 422 1718 496 ειι,
1748 405 1919 481 habentes
1939 403 2183 479 remissionem

166 520 330 604 alesiam,
361 519 461 589 adest
482 518 535 603 ei,
564 529 601 588 et
622 528 675 587 εει
704 517 825 588 efficax
851 541 939 589 voce
956 512 1153 609 Evangelii.
1201 528 1237 588 ει
1264 514 1537 607 imputationem
1566 510 1744 598 iusticiae,
1773 511 1862 598 lide,
1892 509 1932 581 id
1956 521 2025 593 εει,
2055 504 2184 581 seducit

167 620 401 695 Execrandus
432 632 485 690 εει
514 630 634 689 autem
662 640 763 690 error
784 617 1054 705 Stenclreleldii,
1090 617 1154 713 qui
1200 616 1463 689 misericordiae
1493 614 1685 709 promissae
1715 627 1861 706 propter
1890 610 2028 695 lilium,
2065 606 2184 696 gratis,

165 721 314 795 abducit
336 714 500 791 homines
515 720 567 790 'ab
588 732 732 792 externa
755 728 860 808 voce,
895 721 1152 819 'etcontcndit
1201 719 1292 792 sicut
1319 715 1465 789 Paulus·
1479 717 1615 810 inquit:
1647 713 1832 787 laetificati
1856 710 2030 804 sanguine
2059 705 2200 800 ipsius.'

163 820 284 897 Deum
299 821 376 892 sine
389 835 532 893 caterua
548 844 634 891 voca
647 820 865 899 sanctificare
876 815 1051 898 homines.
1202 818 1307 892 ltem:
1339 816 1410 891 Per
1431 818 1668 890 obedientiam
1688 816 1797 889 unius
1815 813 1901 888 iusti
1923 810 2185 887 constituentur

269 919 331 995 26.
363 919 541 993 Dominus
562 921 663 995 iubet
681 922 877 1015 praedicari
896 919 1152 1016 poenitentiam
1200 920 1316 995 motti.
1424 1006 1428 1014 Ι

164 1022 458 1101 etremissionem
477 1036 699 1116 peccatorum
714 1022 915 1095 innomine
934 1047 1011 1100 auo.
1059 1021 1152 1097 Cum
1199 1050 1205 1059 ’
1302 1024 1365 1100 83.
1398 1020 1574 1097 Αειειιιιιι
1595 1034 1695 1116 pater
1713 1044 1778 1116 per
1793 1019 1907 1093 lilium
1923 1042 2009 1091 voce
2023 1011 2187 1103 Evange:

163 1127 278 1218 igitur
294 1127 401 1197 corda
417 1125 664 1218 perterrefacta
684 1126 948 1217 praedicatione
966 1124 1154 1218 poeniten·
1200 1124 1243 1199 lii
1264 1126 1505 1199 consolantem
1523 1127 1631 1197 corda
1645 1127 1705 1196 dat
1721 1122 1894 1217 Spiritum
1911 1134 2083 1193 sanctum.
2132 1114 2187 1187 lta

164 1230 258 1314 tiae,
283 1228 435 1298 audiunt
454 1225 745 1320 premissionem,
778 1228 867 1299 etei
889 1230 1155 1315 verecredunt,
1202 1251 1285 1300 vere
1315 1223 1451 1301 habitat
1473 1227 1640 1300 divinitae
1664 1228 1702 1295 in
1727 1223 1970 1308 credentibus,
2003 1234 2040 1292 et
2060 1239 2187 1290 aceen-

164 1324 237 1401 ltac
256 1329 327 1399 fide
347 1326 455 1418 gratia
469 1340 615 1421 propter
632 1327 746 1397 lilium
761 1323 831 1400 Dei
850 1331 1080 1404 mediatorem
1097 1332 1155 1402 iu·
1203 1332 1257 1402 dit
1281 1353 1392 1401 novas
1411 1328 1583 1401 actiones.'
1641 1323 1692 1399 Et
1709 1341 1828 1398 tamen
1850 1319 1908 1394 hia
1925 1321 2125 1396 actionibus
2148 1319 2188 1387 iu

165 1431 384 1515 atilicantur,
408 1429 448 1499 id
469 1442 542 1514 est,
564 1429 744 1521 accipiunt
761 1431 1008 1505 remissionem
1029 1426 1154 1526 pedra-
1203 1432 1382 1503 infinitum
1403 1432 1630 1502 anteferenda
1647 1440 1698 1499 εει
1713 1425 1918 1499 obedientia
1934 1438 1970 1495 et
1984 1419 2188 1493 intercessio

166 1546 307 1615 turum,
331 1544 366 1603 et
380 1529 649 1624 imputationem
665 1531 825 1604 iusticiae
839 1558 880 1606 ac
896 1535 1156 1606 reconciliatio·
1203 1533 1269 1605 filii
1281 1531 1361 1609 Dei.
1409 1529 1513 1603 Hauc
1535 1553 1673 1621 semper
1693 1528 1896 1599 immediate
1917 1528 2077 1598 intuetur
2091 1522 2190 1604 fides,

164 1655 270 1718 nem,
303 1644 339 1702 et
361 1632 586 1705 vivificantur
605 1656 670 1726 per
688 1632 803 1705 lilium
817 1633 903 1722 Dei,
934 1636 999 1730 qui
1018 1650 1053 1708 ει
1071 1659 1156 1706 voce
1203 1650 1239 1707 et
1256 1633 1414 1724 agnoscit
1427 1633 1749 1711 mediatoremfesse
1765 1628 2012 1707 umbraculum
2028 1640 2062 1697 ει
2076 1624 2188 1694 inter·

163 1730 355 1822 Evangelii
367 1733 454 1805 dicit
468 1735 506 1806 in
523 1735 691 1808 cordibua
706 1737 925 1810 credentium
941 1736 1156 1809 consolatio·
1204 1758 1375 1808 cessorem
1398 1735 1492 1804 inter
1505 1747 1641 1828 patrem
1657 1746 1693 1805 et
1706 1753 1792 1823 nos,
1817 1743 1853 1802 et
1866 1730 1994 1830 accipit
2009 1723 2189 1797 remissio·

166 1858 269 1916 nem,
295 1847 330 1906 ει
345 1835 501 1909 effundit
516 1837 555 1907 in
571 1860 611 1907 ea
626 1836 801 1931 Spiritum
815 1853 994 1923 sanctum,
1017 1839 1155 1933 etlacit
1205 1860 1286 1911 nem
1304 1848 1527 1927 peccatorum
1550 1848 1586 1906 et
1599 1833 1869 1928 imputationem
1884 1830 2053 1901 iusticias.
2094 1822 2191 1895 Vera

166 1958 229 2007 eoa
243 1930 413 2008 haeredes
426 1939 520 2009 vitae
533 1951 707 2014 aeternae.
1206 1953 1257 2011 est
1287 1938 1397 2029 igitur
1426 1935 1640 2028 propositio:
1683 1931 1833 2027 Propter
1858 1929 2096 2003 obedientiam
2124 1923 2191 1994 lilii

269 2038 332 2109 26.
369 2038 534 2130 Papistae
556 2053 790 2131 corrumpunt
816 2042 1015 2113 doctrinam
1038 2038 1156 2126 Pauli,
1205 2039 1295 2124 Dei,
1325 2038 1633 2108 sulafidesumua
1655 2034 1761 2120 iusti,
1787 2034 1916 2116 idest,
1940 2028 2109 2102 habentes
2132 2049 2190 2094 re-

168 2161 249 2210 cum
264 2141 328 2211 ait:
370 2138 459 2211 Fide
474 2137 723 2223 iustificamur,
749 2141 831 2233 quia
847 2143 971 2213 dicunt
986 2143 1157 2237 synecdo-
1204 2136 1410 2212 missionem
1438 2151 1661 2230 peccatorum
1682 2149 1717 2207 et
1737 2135 2007 2227 imputationem
2032 2128 2191 2204 iusticias

164 2235 260 2311 chen
279 2263 368 2325 esse,
393 2253 429 2310 et
443 2240 734 2332 interpretantur,
757 2243 828 2312 lide
841 2264 1095 2336 praeparamur
1110 2243 1154 2312 ad
1205 2254 1240 2312 et
1259 2238 1549 2328 vivificationem,
1579 2238 1670 2310 sicut
1691 2234 1861 2331 scriptum
1883 2248 1950 2307 est:
1974 2230 2099 2332 ‚iustus
2122 2228 2191 2297 fide

162 2340 364 2411 iusticiam:
405 2337 455 2411 Et
475 2341 560 2411 iusti
583 2361 723 2426 sumus,
755 2342 794 2412 id
817 2356 887 2429 εει,
924 2344 1058 2436 accepti
1078 2341 1156 2414 Deo
1205 2366 1269 2417 aua
1283 2343 1390 2417 vivet.

125 2468 129 2475 ·
161 2453 315 2530 propter
333 2439 502 2513 noticiam
518 2434 687 2513 historiae
707 2454 743 2514 et
764 2443 990 2516 dilectionem
1012 2457 1048 2515 et
1068 2444 1157 2516 alias
1275 2484 1283 2501 ·
1307 2443 1373 2515 st.
1405 2440 1450 2513 ln
1470 2438 1538 2514 hac
1556 2442 1632 2536 ipsa
1652 2442 1894 2514 consolatione
1916 2464 1995 2512 cum
2013 2437 2193 2529 erigimur,

161 2540 331 2610 virtutes.
1205 2545 1300 2617 filius
1318 2541 1388 2615 Dei
1408 2560 1491 2614 ¹vere
1511 2556 1564 2615 εει
1584 2544 1706 2615 elficaa
1729 2544 1769 2613 in
1792 2545 1975 2631 credente,
2008 2554 2043 2612 ει
2065 2539 2194 2609 liberat

269 2641 332 2713 27.
368 2637 520 2714 Addunt
544 2654 578 2713 ει
599 2635 688 2727 hoc,
720 2636 905 2713 hominem
929 2648 1155 2740 aemper'de-
1205 2643 1750 2726 eumadoloribusinlcrornm,
1772 2643 2009 2737 sicutinquit:
2036 2635 2194 2721 Omors,

164 2740 249 2812 bere
265 2741 447 2828 dubitare,
470 2767 517 2813 an
533 2743 632 2815 sitin
647 2744 779 2833 gratia,
804 2740 1155 2823 ethancdubitatio-
1205 2772 1267 2821 cro
1282 2769 1379 2817 mura
1395 2759 1476 2826 tua,
1499 2745 1696 2833 oinlerne,
1722 2768 1783 2817 ero
1798 2746 1906 2838 pestis
1923 2757 1997 2818 tua.
2047 2736 2096 2811 Et
2110 2762 2194 2809 san·

164 2865 248 2913 nem
267 2864 343 2911 non
358 2864 433 2912 esse
448 2858 640 2935 peecatum.
1205 2848 1368 2923 ctificatio
1384 2840 1590 2934 inchoatur,
1612 2871 1683 2941 qua
1698 2845 1813 2937 imago
1828 2846 1898 2919 Dei
1914 2846 1953 2916 in
1968 2841 2194 2917 credentibus

265 2943 327 3016 28.
358 2941 455 3014 Haec
471 2945 582 3036 impia
597 2944 829 3018 deliramenta
843 2960 928 3022 sunt
949 2953 1154 3024 execranda.
1204 2964 1413 3037 renovatur,
1447 2961 1483 3022 et
1509 2948 1723 3019 adsimilatio
1747 2949 1793 3019 sit
1813 2948 1859 3019 ad
1881 2946 2016 3031 lilium,
2045 2958 2086 3016 ut
2105 2964 2194 3013 con-

163 3044 222 3115 Ac
234 3043 417 3116 sciendum
433 3061 485 3117 εει
503 3047 609 3117 fidem
629 3069 704 3116 non
724 3060 862 3121 tantum
884 3074 958 3122 esse
984 3055 1155 3126 ndticiam
1204 3064 1333 3145 gruunt
1350 3074 1451 3123 mens
1468 3064 1504 3121 et
1519 3050 1685 3124 voluntas
1699 3071 1845 3121 accensa
1859 3047 1997 3143 Spiritu
2011 3058 2131 3117 sancto
2146 3042 2193 3115 ad

163 3139 352 3231 historiae,
375 3169 456 3216 cum
470 3145 603 3219 Paulus
624 3147 762 3241 inquit:
794 3147 975 3224 iustificati
996 3154 1066 3223 lide
1088 3177 1154 3246 pa-
1203 3144 1358 3224 verbum
1366 3164 1401 3221 ει
1412 3150 1528 3221 filium
1543 3147 1625 3225 Dei.

151 3250 240 3315 'cem
261 3238 443 3322 babemus.
1305 3247 1368 3328 85.
1400 3249 1525 3322 Manet
1546 3252 1636 3322 ordo
1650 3250 1690 3321 in
1704 3264 1776 3325 tota
1791 3250 2013 3332 aeternitate,
2039 3262 2080 3323 ιιι
2094 3267 2194 3318 crea·

268 3345 336 3421 29.
373 3347 445 3418 Sed
459 3344 564 3430 fides,
595 3346 642 3417 de
656 3373 727 3444 qua
742 3347 876 3423 Paulae
891 3353 1070 3449 loquitur,
1101 3369 1156 3428 εει
1203 3369 1283 3428 tura
1302 3350 1380 3425 Deo
1406 3351 1566 3439 obediat,
1599 3352 1752 3448 ideoque
1774 3354 1868 3425 filius
1889 3351 1958 3426 Dei
1979 3351 2106 3422 missus
2129 3358 2196 3436 est,

161 3446 336 3519 adsentiri
352 3449 452 3518 omni
468 3446 577 3516 verbo
591 3443 661 3521 Dei
679 3452 784 3523 nobie
806 3454 958 3542 madito,
971 3469 1088 3551 ¹atque
1104 3456 1153 3528 ita
1202 3469 1243 3528 ut
1265 3452 1466 3526 obedientia
1487 3454 1528 3523 in
1548 3453 1652 3525 nobis
1668 3455 1889 3540 restituatur,
1914 3476 1988 3523 nun
2004 3467 2044 3526 ut
2060 3450 2191 3521 confir·

160 3550 393 3641 promissioni
409 3548 560 3639 gratiae,
585 3561 620 3620 et
640 3567 692 3625 cst
714 3553 841 3625 fiducia
864 3557 1089 3650 acquiescens
1114 3559 1152 3628 in
1202 3571 1320 3631 tuctur
1347 3567 1539 3649 peccatum.
1607 3553 1690 3625 Nou
1719 3555 1799 3628 ideo
1830 3557 1925 3626 lilius
1953 3552 2022 3627 Ilei
2052 3550 2192 3624 sudavit

160 3645 240 3721 Deo
257 3665 402 3742 propter
418 3649 667 3739 mediatorem,
691 3667 726 3726 et
739 3656 895 3727 clamans
909 3656 1013 3730 Abba
1027 3674 1138 3753 pater.
1202 3657 1429 3750 sanguinem,
1456 3669 1490 3728 et
1510 3656 1698 3727 crucifixua
1720 3671 1791 3743 εει,
1816 3670 1858 3729 ιιι
1878 3652 2067 3727 horrendis
2089 3654 2191 3724 luro-

266 3753 328 3825 30.
361 3748 424 3824 Ait
438 3765 473 3823 ct
488 3744 668 3825 Osiander
690 3755 794 3827 fidem
817 3780 892 3829 esse
911 3764 1153 3851 praeparatio·
1202 3762 1303 3832 ribus
1324 3757 1466 3829 licentia
1485 3759 1709 3829 concedatur.
1759 3758 1830 3832 Sed
1849 3770 1890 3830 ut
1907 3754 2064 3830 Ecclesia
2085 3752 2193 3824 colli-

160 3874 247 3923 nem
272 3854 317 3924 ad
342 3852 538 3933 iusticiam,
578 3855 663 3946 quia
687 3855 757 3926 lide
777 3859 950 3951 accipitur
971 3863 1153 3951 divinitas,
1201 3875 1304 3953 gatur
1325 3861 1365 3929 in
1385 3880 1512 3948 genere
1533 3853 1710 3941 humano,
1735 3861 1793 3931 cui
1807 3857 1906 3930 Deus
1925 3882 2025 3930 suam
2049 3856 2192 3948 sapien·

158 3976 253 4048 quac
269 3968 390 4045 postca
404 3964 523 4024 movet
537 3954 583 4023 ad
605 3955 698 4026 iusta
719 3959 889 4031 facienda.
943 3960 997 4034 lta
1020 3965 1151 4057 reipsa
1201 3964 1305 4048 tiam,
1329 3961 1505 4031 iusticiam
1519 3972 1554 4030 ει
1568 3958 1736 4031 laetitiam
1751 3961 1790 4028 in
1805 3975 1878 4032 tota
1890 3959 2097 4030 aeternitate
2111 3957 2192 4026 vult

156 4048 229 4127 buc
245 4055 353 4135 dicit,
378 4049 562 4126 hominem
576 4058 734 4130 novitate
747 4059 880 4131 iustum
898 4084 993 4150 esse,
1018 4066 1152 4140 scilicet
1200 4061 1480 4142 communicare,
1503 4061 1544 4129 in
1566 4084 1636 4155 qua
1657 4061 1726 4132 erit
1747 4057 1845 4132 Deus
1866 4062 1986 4132 omnia
2007 4061 2047 4128 in
2070 4056 2191 4127 omni·

155 4155 245 4251 quia
267 4156 438 4227 divinitas
463 4154 502 4225 in
522 4178 701 4255 canovas
722 4160 879 4233 actiones
900 4165 1015 4239 eflicit
1067 4166 1150 4241 Non
1199 4167 1280 4240 bus.
1327 4161 1419 4234 Cum
1441 4161 1551 4251 igitur
1571 4162 1717 4232 dicitur:
1742 4158 1825 4232 Non
1848 4160 1931 4233 estis
1952 4160 2126 4248 sublege,
2150 4157 2190 4227 id
2329 4208 2336 4215 .

155 4256 256 4329 euim
269 4257 423 4327 iamalia
438 4257 647 4330 absurdiora
662 4260 868 4345 recitamus,
890 4290 981 4359 quae
996 4269 1130 4345 scribit.
1199 4267 1285 4339 solis
1313 4264 1492 4336 conversis
1522 4264 1566 4333 ad
1589 4259 1704 4333 Deum
1729 4274 1764 4334 et
1784 4263 1855 4333 fide
1879 4261 2076 4333 liberatior
2099 4281 2189 4331 con-

261 4358 324 4432 at.
357 4356 536 4430 Ecclesiae
550 4373 693 4432 nostrae
708 4384 788 4432 cum
800 4361 988 4458 Prophetis
1000 4383 1035 4441 ει
1050 4366 1150 4465 Apo-
1200 4368 1428 4440 demnatione
1449 4363 1594 4439 dicitur.
1644 4360 1717 4434 Nee
1739 4363 1878 4437 deletur
1899 4365 1956 4435 lex
1978 4364 2072 4455 ipsa,
2096 4382 2188 4456 qnae

138 4460 262 4533 -ssolts
285 4460 427 4544 dicunt,
451 4482 527 4529 non
551 4482 625 4532 esse
647 4456 831 4534 bominem
856 4466 1009 4557 iustum,
1033 4471 1072 4541 id
1086 4487 1151 4560 est,
1200 4481 1253 4540 εει
1272 4482 1414 4539 aeterna
1434 4465 1605 4557 sapientia
1626 4462 1712 4552 Dei,
1742 4466 1804 4538 aed
1827 4466 1894 4539 sub
1915 4466 1992 4557 lege
2012 4485 2103 4555 εεεε,
2135 4476 2187 4533 ειι

155 4556 624 4647 h⁸b²¹¹lem1⁰ml⁸⁸l⁰¹¹0m2
648 4576 684 4635 tl
697 4579 877 4658 acceptum
884 4564 961 4641 Deo
978 4574 1023 4642 ad
1040 4573 1150 4645 vitam
1199 4572 1473 4642 condemnatum
1488 4588 1562 4637 esse
1578 4566 1663 4657 lege.

155 4677 341 4736 ”limam
355 4674 503 4755 P²⁰P¹²r
519 4664 702 4755 imprium
716 4665 963 4758 dilectionem,
987 4688 1049 4745 aot
1063 4699 1149 4767 pro·
1301 4670 1364 4745 86.
1394 4664 1444 4739 Ει
1463 4681 1582 4740 tamen
1606 4692 1687 4740 curu
1710 4691 1848 4763 semper
1870 4669 1908 4740 in
1930 4665 1997 4741 hac
2014 4669 2086 4737 vita
2100 4667 2187 4737 reli-

152 4778 238 4857 l’stl'
252 4764 450 4836 ¹¹⁰Vi¹³¹0¹¹¹
465 4763 659 4855 imprime
684 4766 769 4860 qula
785 4770 956 4863 seriptum
972 4786 1040 4846 est:
1067 4775 1150 4848 Non
1199 4796 1311 4868 quum
1339 4771 1386 4842 sit
1409 4784 1589 4861 peccmum
1610 4771 1649 4839 in
1671 4772 1821 4854 renatis,
1851 4771 1921 4840 fide
1942 4782 2026 4840 aunt
2047 4767 2132 4837 iusti
2152 4782 2188 4840 ει

152 4865 406 4943 iustificabitur
420 4864 460 4934 in
476 4880 666 4954 conspectu
689 4880 752 4939 tuo
775 4872 894 4944 omnis
916 4874 1050 4951 vivens.
1101 4876 1150 4950 Et
1199 4873 1342 4947 liberati
1364 4894 1384 4942 a
1404 4871 1499 4961 lege,
1524 4869 1562 4939 id
1582 4886 1651 4952 εει,
1677 4896 1697 4943 a
1719 4871 2014 4942 condemnatione
2032 4883 2068 4940 et
2082 4869 2188 4939 dolo-

151 4964 224 5049 Iolr
237 4965 297 5041 902
322 4965 416 5039 Vere
429 4964 521 5049 acio,
545 4968 645 5062 quod
660 4961 770 5041 borno
787 4993 863 5045 non
882 4988 936 5047 εει
955 4975 1071 5051 ἰιιειιιι
1089 5002 1151 5051 co·
1199 4978 1299 5048 ribos
1315 4975 1531 5058 inferorum,
1555 4984 1700 5065 propter
1714 4972 1920 5042 mediatoris
1933 4970 2185 5042 obedientiam.

150 5092 233 5143 Μ
249 5065 340 5140 ⁰²⁰·
1199 5075 1277 5148 Hac
1297 5076 1367 5146 lide
1390 5073 1561 5145 accedunt
1575 5069 1773 5164 Proplretac
1794 5074 1840 5143 ad
1855 5073 1995 5154 Deum,
2022 5071 2112 5141 sicut
2128 5071 2186 5138 in-

256 5173 322 5245 dii
356 5165 428 5242 Sed
443 5191 649 5262 quanquam
676 5169 715 5239 in
736 5171 871 5244 renatis
894 5167 1031 5249 habitat
1054 5181 1148 5252 divi·
1200 5179 1280 5274 quit
1300 5174 1446 5248 Daniel:
1479 5171 1562 5245 Non
1580 5173 1619 5243 in
1641 5174 1779 5245 iusticia
1801 5188 1943 5260 nostra,
1965 5174 2026 5244 sed
2047 5171 2186 5242 miseri·

149 5272 269 5356 nitas,
305 5284 423 5343 tomen
455 5292 593 5361 semper
619 5285 761 5362 oportet
786 5296 853 5343 nos
883 5278 1036 5349 retinere
1056 5278 1150 5356 liano
1200 5280 1319 5350 cordia
1338 5291 1419 5362 tua,
1443 5289 1588 5366 propter
1602 5273 1799 5346 Dominum
1819 5275 2035 5347 exaudinos.
2086 5269 2134 5343 Et
2146 5273 2186 5342 in

149 5372 452 5457 t⁰ss⁸⁰l³li⁰⁰0me
475 5373 572 5467 quod
588 5385 735 5466 propter
750 5375 995 5453 obedientiam
1014 5386 1151 5459 media·
1200 5377 1267 5453 hoc
1284 5382 1360 5475 ipso
1375 5375 1477 5450 Pauli
1495 5377 1602 5461 dicto,
1628 5373 1725 5451 Eatis
1738 5378 1804 5452 sub
1817 5377 1940 5469 gratia,
1966 5377 2060 5448 idem
2075 5374 2186 5465 sigui·
