<?xml version="1.0" encoding="UTF-8"?>
<!DOCTYPE html PUBLIC "-//W3C//DTD XHTML 1.0 Transitional//EN"
    "http://www.w3.org/TR/xhtml1/DTD/xhtml1-transitional.dtd">
<html xmlns="http://www.w3.org/1999/xhtml" xml:lang="en" lang="en">
 <head>
  <title>
</title>
<meta http-equiv="Content-Type" content="text/html;charset=utf-8" />
  <meta name='ocr-system' content='tesseract 3.04.00' />
  <meta name='ocr-capabilities' content='ocr_page ocr_carea ocr_par ocr_line ocrx_word'/>
</head>
<body>
  <div class='ocr_page' id='page_1' title='image "./corpusreformato00bretgoog_0403.png"; bbox 0 0 4680 6038; ppageno 0'>
   <div class='ocr_carea' id='block_1_1' title="bbox 149 120 2173 269">
    <p class='ocr_par' dir='ltr' id='par_1_1' title="bbox 149 120 2173 269">
     <span class='ocr_line' id='line_1_1' title="bbox 149 120 2173 269; baseline -0.006 0"><span class='ocrx_word' id='word_1_1' title='bbox 149 194 223 269; x_wconf 75' lang='lat' dir='ltr'>roo</span> <span class='ocrx_word' id='word_1_2' title='bbox 391 120 603 263; x_wconf 67' lang='lat' dir='ltr'>scarras</span> <span class='ocrx_word' id='word_1_3' title='bbox 629 176 707 256; x_wconf 82' lang='lat' dir='ltr'>en.</span> <span class='ocrx_word' id='word_1_4' title='bbox 732 174 942 255; x_wconf 72' lang='lat' dir='ltr'>trauan</span> <span class='ocrx_word' id='word_1_5' title='bbox 968 175 1096 253; x_wconf 80' lang='lat' dir='ltr'>ntsr.</span> <span class='ocrx_word' id='word_1_6' title='bbox 1122 171 1270 252; x_wconf 80' lang='lat' dir='ltr'>eaor.</span> <span class='ocrx_word' id='word_1_7' title='bbox 1292 173 1362 251; x_wconf 82' lang='lat' dir='ltr'>nr</span> <span class='ocrx_word' id='word_1_8' title='bbox 1386 169 1577 251; x_wconf 76' lang='lat' dir='ltr'>raucos.</span> <span class='ocrx_word' id='word_1_9' title='bbox 1604 172 1929 255; x_wconf 73' lang='lat' dir='ltr'>secernunt.</span> <span class='ocrx_word' id='word_1_10' title='bbox 2099 178 2173 257; x_wconf 88' lang='lat' dir='ltr'>too</span> 
     </span>
    </p>
   </div>
   <div class='ocr_carea' id='block_1_2' title="bbox 151 343 2209 4643">
    <p class='ocr_par' dir='ltr' id='par_1_2' title="bbox 151 343 2209 4643">
     <span class='ocr_line' id='line_1_2' title="bbox 151 343 2180 441; baseline -0.008 -1"><span class='ocrx_word' id='word_1_11' title='bbox 151 367 257 441; x_wconf 88' lang='lat' dir='ltr'>melia</span> <span class='ocrx_word' id='word_1_12' title='bbox 280 361 490 435; x_wconf 81' lang='lat' dir='ltr'>affectorum</span> <span class='ocrx_word' id='word_1_13' title='bbox 511 377 606 435; x_wconf 87' lang='lat' dir='ltr'>esse,</span> <span class='ocrx_word' id='word_1_14' title='bbox 628 375 671 425; x_wconf 86' lang='lat' dir='ltr'>ac</span> <span class='ocrx_word' id='word_1_15' title='bbox 692 351 776 422; x_wconf 87' lang='lat' dir='ltr'>satis</span> <span class='ocrx_word' id='word_1_16' title='bbox 794 351 866 423; x_wconf 81' lang='lat' dir='ltr'>sibi</span> <span class='ocrx_word' id='word_1_17' title='bbox 881 373 974 433; x_wconf 91' lang='lat' dir='ltr'>esse,</span> <span class='ocrx_word' id='word_1_18' title='bbox 999 351 1030 421; x_wconf 88' lang='lat' dir='ltr'>si</span> <span class='ocrx_word' id='word_1_19' title='bbox 1046 352 1138 423; x_wconf 87' lang='lat' dir='ltr'>iusta</span> <span class='ocrx_word' id='word_1_20' title='bbox 1189 346 1306 434; x_wconf 90' lang='lat' dir='ltr'>niam,</span> <span class='ocrx_word' id='word_1_21' title='bbox 1334 359 1377 419; x_wconf 92' lang='lat' dir='ltr'>ut</span> <span class='ocrx_word' id='word_1_22' title='bbox 1396 343 1572 419; x_wconf 75' lang='lat' dir='ltr'>Graeciae</span> <span class='ocrx_word' id='word_1_23' title='bbox 1594 346 1732 419; x_wconf 92' lang='lat' dir='ltr'>bellum</span> <span class='ocrx_word' id='word_1_24' title='bbox 1760 348 1929 437; x_wconf 81' lang='lat' dir='ltr'>interret,</span> <span class='ocrx_word' id='word_1_25' title='bbox 1961 350 2180 436; x_wconf 68' lang='lat' dir='ltr'>(terruisset,</span> 
     </span>
     <span class='ocr_line' id='line_1_3' title="bbox 153 448 2182 551; baseline -0.008 -7"><span class='ocrx_word' id='word_1_26' title='bbox 153 470 287 544; x_wconf 83' lang='lat' dir='ltr'>iaciens</span> <span class='ocrx_word' id='word_1_27' title='bbox 300 477 336 539; x_wconf 87' lang='lat' dir='ltr'>et</span> <span class='ocrx_word' id='word_1_28' title='bbox 352 463 474 537; x_wconf 85' lang='lat' dir='ltr'>diceus</span> <span class='ocrx_word' id='word_1_29' title='bbox 486 453 673 551; x_wconf 81' lang='lat' dir='ltr'>Spartanis</span> <span class='ocrx_word' id='word_1_30' title='bbox 695 454 769 526; x_wconf 87' lang='lat' dir='ltr'>suis</span> <span class='ocrx_word' id='word_1_31' title='bbox 788 455 933 547; x_wconf 87' lang='lat' dir='ltr'>placeat.</span> <span class='ocrx_word' id='word_1_32' title='bbox 986 452 1086 527; x_wconf 80' lang='lat' dir='ltr'>Fecit</span> <span class='ocrx_word' id='word_1_33' title='bbox 1106 467 1143 525; x_wconf 92' lang='lat' dir='ltr'>et</span> <span class='ocrx_word' id='word_1_34' title='bbox 1191 448 1437 543; x_wconf 67' lang='lat' dir='ltr'>desperatione</span> <span class='ocrx_word' id='word_1_35' title='bbox 1451 448 1504 521; x_wconf 89' lang='lat' dir='ltr'>rei</span> <span class='ocrx_word' id='word_1_36' title='bbox 1520 462 1659 535; x_wconf 89' lang='lat' dir='ltr'>tantae,</span> <span class='ocrx_word' id='word_1_37' title='bbox 1685 474 1727 523; x_wconf 93' lang='lat' dir='ltr'>ac</span> <span class='ocrx_word' id='word_1_38' title='bbox 1741 453 1931 546; x_wconf 78' lang='lat' dir='ltr'>praecipue</span> <span class='ocrx_word' id='word_1_39' title='bbox 1946 467 2054 526; x_wconf 88' lang='lat' dir='ltr'>metu</span> <span class='ocrx_word' id='word_1_40' title='bbox 2067 450 2182 527; x_wconf 81' lang='lat' dir='ltr'>Circo·</span> 
     </span>
     <span class='ocr_line' id='line_1_4' title="bbox 154 552 2185 650; baseline -0.005 -9"><span class='ocrx_word' id='word_1_41' title='bbox 154 574 225 645; x_wconf 85' lang='lat' dir='ltr'>alia</span> <span class='ocrx_word' id='word_1_42' title='bbox 239 570 409 641; x_wconf 83' lang='lat' dir='ltr'>modeste.</span> <span class='ocrx_word' id='word_1_43' title='bbox 456 559 613 635; x_wconf 82' lang='lat' dir='ltr'>Remisit</span> <span class='ocrx_word' id='word_1_44' title='bbox 625 556 799 650; x_wconf 85' lang='lat' dir='ltr'>captivam</span> <span class='ocrx_word' id='word_1_45' title='bbox 813 558 972 629; x_wconf 90' lang='lat' dir='ltr'>nobilem</span> <span class='ocrx_word' id='word_1_46' title='bbox 989 559 1033 627; x_wconf 91' lang='lat' dir='ltr'>ad</span> <span class='ocrx_word' id='word_1_47' title='bbox 1050 580 1144 627; x_wconf 91' lang='lat' dir='ltr'>suos.</span> <span class='ocrx_word' id='word_1_48' title='bbox 1193 554 1270 639; x_wconf 89' lang='lat' dir='ltr'>nis,</span> <span class='ocrx_word' id='word_1_49' title='bbox 1295 553 1414 623; x_wconf 86' lang='lat' dir='ltr'>omisit</span> <span class='ocrx_word' id='word_1_50' title='bbox 1427 552 1708 645; x_wconf 88' lang='lat' dir='ltr'>expeditionem,</span> <span class='ocrx_word' id='word_1_51' title='bbox 1734 567 1769 625; x_wconf 91' lang='lat' dir='ltr'>et</span> <span class='ocrx_word' id='word_1_52' title='bbox 1785 570 1938 627; x_wconf 89' lang='lat' dir='ltr'>mortem</span> <span class='ocrx_word' id='word_1_53' title='bbox 1963 557 2038 629; x_wconf 88' lang='lat' dir='ltr'>sibi</span> <span class='ocrx_word' id='word_1_54' title='bbox 2054 558 2185 631; x_wconf 71' lang='lat' dir='ltr'>could·</span> 
     </span>
     <span class='ocr_line' id='line_1_5' title="bbox 156 651 2187 754; baseline -0.007 -10"><span class='ocrx_word' id='word_1_55' title='bbox 156 673 230 749; x_wconf 82' lang='lat' dir='ltr'>Sed</span> <span class='ocrx_word' id='word_1_56' title='bbox 245 673 341 744; x_wconf 89' lang='lat' dir='ltr'>idem</span> <span class='ocrx_word' id='word_1_57' title='bbox 354 664 547 742; x_wconf 71' lang='lat' dir='ltr'>Pausanias</span> <span class='ocrx_word' id='word_1_58' title='bbox 563 685 643 734; x_wconf 90' lang='lat' dir='ltr'>cum</span> <span class='ocrx_word' id='word_1_59' title='bbox 659 672 778 751; x_wconf 89' lang='lat' dir='ltr'>postea</span> <span class='ocrx_word' id='word_1_60' title='bbox 789 658 1001 754; x_wconf 86' lang='lat' dir='ltr'>Byzantium</span> <span class='ocrx_word' id='word_1_61' title='bbox 1016 659 1145 731; x_wconf 87' lang='lat' dir='ltr'>Graeci</span> <span class='ocrx_word' id='word_1_62' title='bbox 1196 656 1266 741; x_wconf 88' lang='lat' dir='ltr'>vit,</span> <span class='ocrx_word' id='word_1_63' title='bbox 1297 651 1424 727; x_wconf 89' lang='lat' dir='ltr'>hausto</span> <span class='ocrx_word' id='word_1_64' title='bbox 1451 680 1514 727; x_wconf 88' lang='lat' dir='ltr'>seu</span> <span class='ocrx_word' id='word_1_65' title='bbox 1542 655 1685 727; x_wconf 91' lang='lat' dir='ltr'>taurino</span> <span class='ocrx_word' id='word_1_66' title='bbox 1717 658 1907 748; x_wconf 89' lang='lat' dir='ltr'>sanguiue,</span> <span class='ocrx_word' id='word_1_67' title='bbox 1939 682 2007 730; x_wconf 90' lang='lat' dir='ltr'>seu</span> <span class='ocrx_word' id='word_1_68' title='bbox 2034 682 2187 746; x_wconf 81' lang='lat' dir='ltr'>venem,</span> 
     </span>
     <span class='ocr_line' id='line_1_6' title="bbox 157 758 2187 869; baseline -0.009 -19"><span class='ocrx_word' id='word_1_69' title='bbox 157 783 403 869; x_wconf 85' lang='lat' dir='ltr'>occupassent,</span> <span class='ocrx_word' id='word_1_70' title='bbox 436 769 551 838; x_wconf 84' lang='lat' dir='ltr'>factus</span> <span class='ocrx_word' id='word_1_71' title='bbox 580 763 754 852; x_wconf 91' lang='lat' dir='ltr'>superbus</span> <span class='ocrx_word' id='word_1_72' title='bbox 784 777 819 833; x_wconf 89' lang='lat' dir='ltr'>et</span> <span class='ocrx_word' id='word_1_73' title='bbox 844 762 999 833; x_wconf 87' lang='lat' dir='ltr'>crudelis</span> <span class='ocrx_word' id='word_1_74' title='bbox 1028 761 1147 854; x_wconf 79' lang='lat' dir='ltr'>rapuit</span> <span class='ocrx_word' id='word_1_75' title='bbox 1197 781 1277 830; x_wconf 90' lang='lat' dir='ltr'>cum</span> <span class='ocrx_word' id='word_1_76' title='bbox 1300 758 1446 851; x_wconf 87' lang='lat' dir='ltr'>quidem</span> <span class='ocrx_word' id='word_1_77' title='bbox 1469 758 1613 831; x_wconf 85' lang='lat' dir='ltr'>vixisset</span> <span class='ocrx_word' id='word_1_78' title='bbox 1634 781 1749 830; x_wconf 91' lang='lat' dir='ltr'>annos</span> <span class='ocrx_word' id='word_1_79' title='bbox 1765 761 1927 855; x_wconf 86' lang='lat' dir='ltr'>quinque</span> <span class='ocrx_word' id='word_1_80' title='bbox 1949 776 1987 833; x_wconf 91' lang='lat' dir='ltr'>et</span> <span class='ocrx_word' id='word_1_81' title='bbox 2001 761 2187 851; x_wconf 78' lang='lat' dir='ltr'>sexaginta.</span> 
     </span>
     <span class='ocr_line' id='line_1_7' title="bbox 158 860 2185 968; baseline -0.006 -19"><span class='ocrx_word' id='word_1_82' title='bbox 158 879 270 949; x_wconf 83' lang='lat' dir='ltr'>liliam</span> <span class='ocrx_word' id='word_1_83' title='bbox 292 871 474 968; x_wconf 83' lang='lat' dir='ltr'>praecipui</span> <span class='ocrx_word' id='word_1_84' title='bbox 497 867 585 939; x_wconf 81' lang='lat' dir='ltr'>civis</span> <span class='ocrx_word' id='word_1_85' title='bbox 606 864 787 958; x_wconf 81' lang='lat' dir='ltr'>Byzantii,</span> <span class='ocrx_word' id='word_1_86' title='bbox 813 876 848 935; x_wconf 91' lang='lat' dir='ltr'>et</span> <span class='ocrx_word' id='word_1_87' title='bbox 871 860 963 935; x_wconf 90' lang='lat' dir='ltr'>hanc</span> <span class='ocrx_word' id='word_1_88' title='bbox 984 879 1093 935; x_wconf 91' lang='lat' dir='ltr'>noctu</span> <span class='ocrx_word' id='word_1_89' title='bbox 1108 866 1148 933; x_wconf 94' lang='lat' dir='ltr'>in</span> <span class='ocrx_word' id='word_1_90' title='bbox 1198 860 1268 931; x_wconf 89' lang='lat' dir='ltr'>Hic</span> <span class='ocrx_word' id='word_1_91' title='bbox 1287 860 1357 931; x_wconf 86' lang='lat' dir='ltr'>suit</span> <span class='ocrx_word' id='word_1_92' title='bbox 1378 860 1491 931; x_wconf 89' lang='lat' dir='ltr'>exitus</span> <span class='ocrx_word' id='word_1_93' title='bbox 1513 861 1604 932; x_wconf 93' lang='lat' dir='ltr'>tanti</span> <span class='ocrx_word' id='word_1_94' title='bbox 1621 861 1708 945; x_wconf 86' lang='lat' dir='ltr'>viri,</span> <span class='ocrx_word' id='word_1_95' title='bbox 1731 864 1892 956; x_wconf 88' lang='lat' dir='ltr'>quicum</span> <span class='ocrx_word' id='word_1_96' title='bbox 1910 864 2185 937; x_wconf 81' lang='lat' dir='ltr'>excellueritsa-</span> 
     </span>
     <span class='ocr_line' id='line_1_8' title="bbox 161 958 2188 1056; baseline -0.007 -5"><span class='ocrx_word' id='word_1_97' title='bbox 161 980 278 1053; x_wconf 89' lang='lat' dir='ltr'>subita</span> <span class='ocrx_word' id='word_1_98' title='bbox 303 971 588 1048; x_wconf 83' lang='lat' dir='ltr'>consternatione</span> <span class='ocrx_word' id='word_1_99' title='bbox 605 967 794 1043; x_wconf 86' lang='lat' dir='ltr'>interfecit,</span> <span class='ocrx_word' id='word_1_100' title='bbox 847 964 887 1037; x_wconf 91' lang='lat' dir='ltr'>ld</span> <span class='ocrx_word' id='word_1_101' title='bbox 906 992 986 1038; x_wconf 93' lang='lat' dir='ltr'>cum</span> <span class='ocrx_word' id='word_1_102' title='bbox 995 958 1151 1051; x_wconf 79' lang='lat' dir='ltr'>iecisset,</span> <span class='ocrx_word' id='word_1_103' title='bbox 1199 963 1355 1056; x_wconf 90' lang='lat' dir='ltr'>pientia,</span> <span class='ocrx_word' id='word_1_104' title='bbox 1379 964 1486 1034; x_wconf 88' lang='lat' dir='ltr'>stulte</span> <span class='ocrx_word' id='word_1_105' title='bbox 1505 977 1625 1035; x_wconf 89' lang='lat' dir='ltr'>tamen</span> <span class='ocrx_word' id='word_1_106' title='bbox 1647 987 1684 1033; x_wconf 88' lang='lat' dir='ltr'>se</span> <span class='ocrx_word' id='word_1_107' title='bbox 1700 965 1864 1037; x_wconf 88' lang='lat' dir='ltr'>adiunxit</span> <span class='ocrx_word' id='word_1_108' title='bbox 1875 966 2003 1038; x_wconf 87' lang='lat' dir='ltr'>inlidis</span> <span class='ocrx_word' id='word_1_109' title='bbox 2023 962 2188 1052; x_wconf 80' lang='lat' dir='ltr'>hostibus,</span> 
     </span>
     <span class='ocr_line' id='line_1_9' title="bbox 162 1065 2187 1162; baseline -0.007 -8"><span class='ocrx_word' id='word_1_110' title='bbox 162 1107 205 1155; x_wconf 84' lang='lat' dir='ltr'>ex</span> <span class='ocrx_word' id='word_1_111' title='bbox 225 1095 339 1152; x_wconf 89' lang='lat' dir='ltr'>statua</span> <span class='ocrx_word' id='word_1_112' title='bbox 363 1077 479 1148; x_wconf 87' lang='lat' dir='ltr'>editus</span> <span class='ocrx_word' id='word_1_113' title='bbox 505 1085 556 1144; x_wconf 89' lang='lat' dir='ltr'>est</span> <span class='ocrx_word' id='word_1_114' title='bbox 577 1065 636 1141; x_wconf 91' lang='lat' dir='ltr'>bic</span> <span class='ocrx_word' id='word_1_115' title='bbox 661 1090 801 1152; x_wconf 85' lang='lat' dir='ltr'>versus,</span> <span class='ocrx_word' id='word_1_116' title='bbox 836 1093 987 1161; x_wconf 88' lang='lat' dir='ltr'>poenam</span> <span class='ocrx_word' id='word_1_117' title='bbox 1008 1073 1150 1139; x_wconf 90' lang='lat' dir='ltr'>denuu-</span> <span class='ocrx_word' id='word_1_118' title='bbox 1201 1079 1236 1138; x_wconf 92' lang='lat' dir='ltr'>et</span> <span class='ocrx_word' id='word_1_119' title='bbox 1259 1067 1364 1156; x_wconf 91' lang='lat' dir='ltr'>longe</span> <span class='ocrx_word' id='word_1_120' title='bbox 1389 1066 1525 1136; x_wconf 89' lang='lat' dir='ltr'>maiora</span> <span class='ocrx_word' id='word_1_121' title='bbox 1544 1065 1681 1136; x_wconf 89' lang='lat' dir='ltr'>viribus</span> <span class='ocrx_word' id='word_1_122' title='bbox 1704 1068 1779 1137; x_wconf 89' lang='lat' dir='ltr'>suis</span> <span class='ocrx_word' id='word_1_123' title='bbox 1803 1070 1991 1162; x_wconf 87' lang='lat' dir='ltr'>promisit,</span> <span class='ocrx_word' id='word_1_124' title='bbox 2016 1083 2056 1141; x_wconf 89' lang='lat' dir='ltr'>et</span> <span class='ocrx_word' id='word_1_125' title='bbox 2071 1070 2187 1140; x_wconf 86' lang='lat' dir='ltr'>sesein</span> 
     </span>
     <span class='ocr_line' id='line_1_10' title="bbox 162 1164 2189 1272; baseline -0.004 -19"><span class='ocrx_word' id='word_1_126' title='bbox 162 1185 275 1254; x_wconf 90' lang='lat' dir='ltr'>cians:</span> <span class='ocrx_word' id='word_1_127' title='bbox 311 1181 430 1272; x_wconf 76' lang='grc' dir='ltr'><em>στεῖχε</em></span> <span class='ocrx_word' id='word_1_128' title='bbox 449 1170 554 1268; x_wconf 81' lang='grc' dir='ltr'><strong><em>δίκης</em></strong></span> <span class='ocrx_word' id='word_1_129' title='bbox 576 1165 696 1245; x_wconf 82' lang='grc' dir='ltr'><em>ἆσσον</em></span> <span class='ocrx_word' id='word_1_130' title='bbox 701 1225 718 1261; x_wconf 87' lang='lat'>,</span> <span class='ocrx_word' id='word_1_131' title='bbox 742 1164 846 1265; x_wconf 82' lang='grc' dir='ltr'><strong><em>μάλα</em></strong></span> <span class='ocrx_word' id='word_1_132' title='bbox 865 1197 924 1245; x_wconf 86' lang='grc' dir='ltr'>τοι</span> <span class='ocrx_word' id='word_1_133' title='bbox 942 1167 1062 1246; x_wconf 79' lang='grc' dir='ltr'><em>κακὸν</em></span> <span class='ocrx_word' id='word_1_134' title='bbox 1084 1171 1152 1246; x_wconf 75' lang='grc' dir='ltr'>ἄν·</span> <span class='ocrx_word' id='word_1_135' title='bbox 1202 1182 1341 1241; x_wconf 84' lang='lat' dir='ltr'>tantum</span> <span class='ocrx_word' id='word_1_136' title='bbox 1364 1169 1563 1260; x_wconf 88' lang='lat' dir='ltr'>periculum</span> <span class='ocrx_word' id='word_1_137' title='bbox 1584 1169 1750 1255; x_wconf 86' lang='lat' dir='ltr'>adduxit,</span> <span class='ocrx_word' id='word_1_138' title='bbox 1781 1187 1821 1242; x_wconf 89' lang='lat' dir='ltr'>ut</span> <span class='ocrx_word' id='word_1_139' title='bbox 1840 1185 2000 1243; x_wconf 86' lang='lat' dir='ltr'>mortem</span> <span class='ocrx_word' id='word_1_140' title='bbox 2027 1172 2189 1244; x_wconf 84' lang='lat' dir='ltr'>sibicott·</span> 
     </span>
     <span class='ocr_line' id='line_1_11' title="bbox 162 1268 2190 1382; baseline 0.001 -40"><span class='ocrx_word' id='word_1_141' title='bbox 162 1281 299 1382; x_wconf 67' lang='grc' dir='ltr'><em>ὅρασιν</em></span> <span class='ocrx_word' id='word_1_142' title='bbox 319 1278 441 1376; x_wconf 72' lang='grc' dir='ltr'><strong><em>ὕβρις,</em></strong></span> <span class='ocrx_word' id='word_1_143' title='bbox 1203 1273 1349 1342; x_wconf 88' lang='lat' dir='ltr'>sciscere</span> <span class='ocrx_word' id='word_1_144' title='bbox 1364 1272 1497 1356; x_wconf 90' lang='lat' dir='ltr'>mallet,</span> <span class='ocrx_word' id='word_1_145' title='bbox 1521 1296 1627 1365; x_wconf 90' lang='lat' dir='ltr'>quam</span> <span class='ocrx_word' id='word_1_146' title='bbox 1644 1287 1824 1362; x_wconf 89' lang='lat' dir='ltr'>expectare</span> <span class='ocrx_word' id='word_1_147' title='bbox 1840 1268 2044 1347; x_wconf 81' lang='lat' dir='ltr'>tristiorem</span> <span class='ocrx_word' id='word_1_148' title='bbox 2058 1277 2190 1362; x_wconf 84' lang='lat' dir='ltr'>exitum,</span> 
     </span>
     <span class='ocr_line' id='line_1_12' title="bbox 268 1373 2191 1463; baseline -0.004 -8"><span class='ocrx_word' id='word_1_149' title='bbox 268 1384 407 1457; x_wconf 89' lang='lat' dir='ltr'>Deinde</span> <span class='ocrx_word' id='word_1_150' title='bbox 422 1405 502 1453; x_wconf 90' lang='lat' dir='ltr'>cum</span> <span class='ocrx_word' id='word_1_151' title='bbox 512 1378 630 1449; x_wconf 89' lang='lat' dir='ltr'>Persis</span> <span class='ocrx_word' id='word_1_152' title='bbox 644 1378 786 1447; x_wconf 78' lang='lat' dir='ltr'>foedera</span> <span class='ocrx_word' id='word_1_153' title='bbox 800 1379 914 1448; x_wconf 84' lang='lat' dir='ltr'>facere</span> <span class='ocrx_word' id='word_1_154' title='bbox 929 1392 1078 1449; x_wconf 88' lang='lat' dir='ltr'>conatus</span> <span class='ocrx_word' id='word_1_155' title='bbox 1093 1392 1156 1463; x_wconf 90' lang='lat' dir='ltr'>est,</span> <span class='ocrx_word' id='word_1_156' title='bbox 1180 1446 1183 1453; x_wconf 84' lang='grc'>,</span> <span class='ocrx_word' id='word_1_157' title='bbox 1205 1400 1285 1445; x_wconf 90' lang='lat' dir='ltr'>cum</span> <span class='ocrx_word' id='word_1_158' title='bbox 1309 1390 1480 1446; x_wconf 85' lang='lat' dir='ltr'>metueret</span> <span class='ocrx_word' id='word_1_159' title='bbox 1503 1376 1600 1459; x_wconf 84' lang='lat' dir='ltr'>iore,</span> <span class='ocrx_word' id='word_1_160' title='bbox 1626 1389 1667 1445; x_wconf 93' lang='lat' dir='ltr'>ut</span> <span class='ocrx_word' id='word_1_161' title='bbox 1687 1375 1743 1444; x_wconf 89' lang='lat' dir='ltr'>vel</span> <span class='ocrx_word' id='word_1_162' title='bbox 1764 1373 1951 1447; x_wconf 92' lang='lat' dir='ltr'>aGraecis</span> <span class='ocrx_word' id='word_1_163' title='bbox 1968 1378 2030 1448; x_wconf 84' lang='lat' dir='ltr'>vel</span> <span class='ocrx_word' id='word_1_164' title='bbox 2048 1402 2070 1448; x_wconf 90' lang='lat' dir='ltr'>a</span> <span class='ocrx_word' id='word_1_165' title='bbox 2085 1377 2191 1448; x_wconf 83' lang='lat' dir='ltr'>Persis</span> 
     </span>
     <span class='ocr_line' id='line_1_13' title="bbox 167 1460 2190 1571; baseline -0.008 -8"><span class='ocrx_word' id='word_1_166' title='bbox 167 1485 236 1563; x_wconf 80' lang='lat' dir='ltr'>hac</span> <span class='ocrx_word' id='word_1_167' title='bbox 249 1485 475 1566; x_wconf 89' lang='lat' dir='ltr'>conditione,</span> <span class='ocrx_word' id='word_1_168' title='bbox 501 1495 541 1553; x_wconf 94' lang='lat' dir='ltr'>ut</span> <span class='ocrx_word' id='word_1_169' title='bbox 556 1483 703 1551; x_wconf 89' lang='lat' dir='ltr'>daretur</span> <span class='ocrx_word' id='word_1_170' title='bbox 715 1481 783 1549; x_wconf 90' lang='lat' dir='ltr'>sibi</span> <span class='ocrx_word' id='word_1_171' title='bbox 799 1503 905 1560; x_wconf 91' lang='lat' dir='ltr'>uxor,</span> <span class='ocrx_word' id='word_1_172' title='bbox 931 1480 1003 1549; x_wconf 80' lang='lat' dir='ltr'>filia</span> <span class='ocrx_word' id='word_1_173' title='bbox 1019 1479 1157 1566; x_wconf 82' lang='lat' dir='ltr'>Xerxis,</span> <span class='ocrx_word' id='word_1_174' title='bbox 1180 1460 1184 1519; x_wconf 71' lang='grc' dir='ltr'>Ι</span> <span class='ocrx_word' id='word_1_175' title='bbox 1207 1476 1472 1548; x_wconf 85' lang='lat' dir='ltr'>interficeretur.</span> <span class='ocrx_word' id='word_1_176' title='bbox 1523 1474 1626 1546; x_wconf 89' lang='lat' dir='ltr'>Adeo</span> <span class='ocrx_word' id='word_1_177' title='bbox 1643 1476 1790 1547; x_wconf 82' lang='lat' dir='ltr'>iuioelix</span> <span class='ocrx_word' id='word_1_178' title='bbox 1805 1493 1858 1548; x_wconf 89' lang='lat' dir='ltr'>est</span> <span class='ocrx_word' id='word_1_179' title='bbox 1872 1481 2058 1571; x_wconf 85' lang='lat' dir='ltr'>sapientia</span> <span class='ocrx_word' id='word_1_180' title='bbox 2076 1475 2190 1548; x_wconf 80' lang='lat' dir='ltr'>bunta-</span> 
     </span>
     <span class='ocr_line' id='line_1_14' title="bbox 167 1545 2191 1667; baseline -0.006 -4"><span class='ocrx_word' id='word_1_181' title='bbox 167 1606 203 1663; x_wconf 89' lang='lat' dir='ltr'>et</span> <span class='ocrx_word' id='word_1_182' title='bbox 224 1601 265 1662; x_wconf 94' lang='lat' dir='ltr'>ut</span> <span class='ocrx_word' id='word_1_183' title='bbox 279 1589 424 1660; x_wconf 91' lang='lat' dir='ltr'>adiutus</span> <span class='ocrx_word' id='word_1_184' title='bbox 439 1582 591 1655; x_wconf 86' lang='lat' dir='ltr'>Persicis</span> <span class='ocrx_word' id='word_1_185' title='bbox 615 1581 756 1651; x_wconf 86' lang='lat' dir='ltr'>auxiliis</span> <span class='ocrx_word' id='word_1_186' title='bbox 777 1605 837 1651; x_wconf 84' lang='lat' dir='ltr'>rex</span> <span class='ocrx_word' id='word_1_187' title='bbox 852 1579 1024 1652; x_wconf 85' lang='lat' dir='ltr'>Graeciae</span> <span class='ocrx_word' id='word_1_188' title='bbox 1047 1584 1157 1667; x_wconf 85' lang='lat' dir='ltr'>tieret,</span> <span class='ocrx_word' id='word_1_189' title='bbox 1180 1545 1185 1625; x_wconf 60' lang='lat' dir='ltr'>i</span> <span class='ocrx_word' id='word_1_190' title='bbox 1206 1604 1273 1664; x_wconf 91' lang='lat' dir='ltr'>ua,</span> <span class='ocrx_word' id='word_1_191' title='bbox 1298 1605 1378 1650; x_wconf 92' lang='lat' dir='ltr'>cum</span> <span class='ocrx_word' id='word_1_192' title='bbox 1402 1607 1422 1649; x_wconf 85' lang='lat' dir='ltr'>a</span> <span class='ocrx_word' id='word_1_193' title='bbox 1443 1578 1519 1649; x_wconf 83' lang='lat' dir='ltr'>Deo</span> <span class='ocrx_word' id='word_1_194' title='bbox 1540 1576 1734 1664; x_wconf 89' lang='lat' dir='ltr'>deseritur,</span> <span class='ocrx_word' id='word_1_195' title='bbox 1760 1580 1856 1650; x_wconf 92' lang='lat' dir='ltr'>iuxta</span> <span class='ocrx_word' id='word_1_196' title='bbox 1872 1576 1965 1651; x_wconf 89' lang='lat' dir='ltr'>haec</span> <span class='ocrx_word' id='word_1_197' title='bbox 1979 1584 2096 1652; x_wconf 90' lang='lat' dir='ltr'>dicta:</span> <span class='ocrx_word' id='word_1_198' title='bbox 2119 1581 2191 1652; x_wconf 80' lang='lat' dir='ltr'>Non</span> 
     </span>
     <span class='ocr_line' id='line_1_15' title="bbox 168 1677 2191 1786; baseline -0.005 -22"><span class='ocrx_word' id='word_1_199' title='bbox 168 1714 317 1786; x_wconf 87' lang='lat' dir='ltr'>eamque</span> <span class='ocrx_word' id='word_1_200' title='bbox 338 1688 483 1761; x_wconf 87' lang='lat' dir='ltr'>Persico</span> <span class='ocrx_word' id='word_1_201' title='bbox 515 1684 666 1775; x_wconf 90' lang='lat' dir='ltr'>imperio</span> <span class='ocrx_word' id='word_1_202' title='bbox 697 1683 899 1758; x_wconf 84' lang='lat' dir='ltr'>subiiceret.</span> <span class='ocrx_word' id='word_1_203' title='bbox 957 1683 1158 1756; x_wconf 85' lang='lat' dir='ltr'>Revocatus</span> <span class='ocrx_word' id='word_1_204' title='bbox 1207 1695 1322 1775; x_wconf 90' lang='lat' dir='ltr'>potest</span> <span class='ocrx_word' id='word_1_205' title='bbox 1335 1683 1406 1753; x_wconf 90' lang='lat' dir='ltr'>sibi</span> <span class='ocrx_word' id='word_1_206' title='bbox 1421 1677 1529 1752; x_wconf 88' lang='lat' dir='ltr'>bomo</span> <span class='ocrx_word' id='word_1_207' title='bbox 1544 1706 1683 1753; x_wconf 88' lang='lat' dir='ltr'>sumere</span> <span class='ocrx_word' id='word_1_208' title='bbox 1699 1683 1912 1776; x_wconf 89' lang='lat' dir='ltr'>quicquam,</span> <span class='ocrx_word' id='word_1_209' title='bbox 1941 1685 2018 1753; x_wconf 90' lang='lat' dir='ltr'>uisi</span> <span class='ocrx_word' id='word_1_210' title='bbox 2033 1685 2191 1755; x_wconf 85' lang='lat' dir='ltr'>siteids-</span> 
     </span>
     <span class='ocr_line' id='line_1_16' title="bbox 169 1781 2193 1887; baseline -0.004 -23"><span class='ocrx_word' id='word_1_211' title='bbox 169 1796 337 1887; x_wconf 83' lang='lat' dir='ltr'>igiturex</span> <span class='ocrx_word' id='word_1_212' title='bbox 354 1789 526 1885; x_wconf 90' lang='lat' dir='ltr'>Byzantio</span> <span class='ocrx_word' id='word_1_213' title='bbox 542 1811 623 1858; x_wconf 92' lang='lat' dir='ltr'>cum</span> <span class='ocrx_word' id='word_1_214' title='bbox 636 1781 774 1877; x_wconf 88' lang='lat' dir='ltr'>Ephori</span> <span class='ocrx_word' id='word_1_215' title='bbox 797 1809 878 1855; x_wconf 89' lang='lat' dir='ltr'>eum</span> <span class='ocrx_word' id='word_1_216' title='bbox 901 1783 1159 1879; x_wconf 89' lang='lat' dir='ltr'>deprehensuri</span> <span class='ocrx_word' id='word_1_217' title='bbox 1208 1799 1285 1857; x_wconf 92' lang='lat' dir='ltr'>tum</span> <span class='ocrx_word' id='word_1_218' title='bbox 1308 1808 1328 1854; x_wconf 98' lang='lat' dir='ltr'>a</span> <span class='ocrx_word' id='word_1_219' title='bbox 1348 1781 1436 1856; x_wconf 89' lang='lat' dir='ltr'>Deo.</span> <span class='ocrx_word' id='word_1_220' title='bbox 1487 1783 1595 1855; x_wconf 85' lang='lat' dir='ltr'>Item:</span> <span class='ocrx_word' id='word_1_221' title='bbox 1624 1783 1707 1857; x_wconf 85' lang='lat' dir='ltr'>Scio</span> <span class='ocrx_word' id='word_1_222' title='bbox 1727 1782 1906 1872; x_wconf 88' lang='lat' dir='ltr'>Domine,</span> <span class='ocrx_word' id='word_1_223' title='bbox 1933 1789 2041 1880; x_wconf 87' lang='lat' dir='ltr'>quod</span> <span class='ocrx_word' id='word_1_224' title='bbox 2063 1810 2130 1857; x_wconf 91' lang='lat' dir='ltr'>nou</span> <span class='ocrx_word' id='word_1_225' title='bbox 2145 1799 2193 1856; x_wconf 86' lang='lat' dir='ltr'>cst</span> 
     </span>
     <span class='ocr_line' id='line_1_17' title="bbox 171 1883 2190 1984; baseline -0.006 -17"><span class='ocrx_word' id='word_1_226' title='bbox 171 1912 209 1967; x_wconf 88' lang='lat' dir='ltr'>et</span> <span class='ocrx_word' id='word_1_227' title='bbox 228 1897 269 1965; x_wconf 91' lang='lat' dir='ltr'>in</span> <span class='ocrx_word' id='word_1_228' title='bbox 291 1915 465 1965; x_wconf 89' lang='lat' dir='ltr'>carcerem</span> <span class='ocrx_word' id='word_1_229' title='bbox 488 1889 631 1960; x_wconf 89' lang='lat' dir='ltr'>ducturi</span> <span class='ocrx_word' id='word_1_230' title='bbox 654 1900 786 1972; x_wconf 89' lang='lat' dir='ltr'>essent,</span> <span class='ocrx_word' id='word_1_231' title='bbox 810 1887 955 1978; x_wconf 85' lang='lat' dir='ltr'>fugitin</span> <span class='ocrx_word' id='word_1_232' title='bbox 974 1892 1159 1984; x_wconf 88' lang='lat' dir='ltr'>templum,</span> <span class='ocrx_word' id='word_1_233' title='bbox 1210 1883 1368 1959; x_wconf 88' lang='lat' dir='ltr'>hominis</span> <span class='ocrx_word' id='word_1_234' title='bbox 1391 1888 1448 1957; x_wconf 88' lang='lat' dir='ltr'>via</span> <span class='ocrx_word' id='word_1_235' title='bbox 1469 1887 1557 1962; x_wconf 89' lang='lat' dir='ltr'>eius.</span> <span class='ocrx_word' id='word_1_236' title='bbox 1613 1887 1701 1957; x_wconf 89' lang='lat' dir='ltr'>Item</span> <span class='ocrx_word' id='word_1_237' title='bbox 1729 1888 1770 1956; x_wconf 93' lang='lat' dir='ltr'>in</span> <span class='ocrx_word' id='word_1_238' title='bbox 1794 1884 1962 1979; x_wconf 88' lang='lat' dir='ltr'>Epistola</span> <span class='ocrx_word' id='word_1_239' title='bbox 1992 1886 2119 1960; x_wconf 86' lang='lat' dir='ltr'>iacobi:</span> <span class='ocrx_word' id='word_1_240' title='bbox 2150 1886 2190 1960; x_wconf 85' lang='lat' dir='ltr'>Si</span> 
     </span>
     <span class='ocr_line' id='line_1_18' title="bbox 171 1985 1988 2085; baseline -0.003 -17"><span class='ocrx_word' id='word_1_241' title='bbox 171 1997 227 2071; x_wconf 93' lang='lat' dir='ltr'>lbi</span> <span class='ocrx_word' id='word_1_242' title='bbox 248 2020 328 2067; x_wconf 89' lang='lat' dir='ltr'>cum</span> <span class='ocrx_word' id='word_1_243' title='bbox 342 1994 525 2065; x_wconf 86' lang='lat' dir='ltr'>audissent</span> <span class='ocrx_word' id='word_1_244' title='bbox 536 1985 675 2082; x_wconf 84' lang='lat' dir='ltr'>Ephori</span> <span class='ocrx_word' id='word_1_245' title='bbox 694 1990 812 2081; x_wconf 89' lang='lat' dir='ltr'>ipsum</span> <span class='ocrx_word' id='word_1_246' title='bbox 826 1992 996 2062; x_wconf 83' lang='lat' dir='ltr'>fatentem</span> <span class='ocrx_word' id='word_1_247' title='bbox 1015 1994 1162 2080; x_wconf 89' lang='lat' dir='ltr'>crimen,</span> <span class='ocrx_word' id='word_1_248' title='bbox 1211 1991 1290 2085; x_wconf 91' lang='lat' dir='ltr'>quis</span> <span class='ocrx_word' id='word_1_249' title='bbox 1307 1990 1443 2081; x_wconf 78' lang='lat' dir='ltr'>indiget</span> <span class='ocrx_word' id='word_1_250' title='bbox 1457 1989 1650 2083; x_wconf 86' lang='lat' dir='ltr'>sapientia,</span> <span class='ocrx_word' id='word_1_251' title='bbox 1677 2002 1806 2081; x_wconf 83' lang='lat' dir='ltr'>potata</span> <span class='ocrx_word' id='word_1_252' title='bbox 1822 1989 1901 2061; x_wconf 91' lang='lat' dir='ltr'>Deo</span> <span class='ocrx_word' id='word_1_253' title='bbox 1918 2005 1988 2063; x_wconf 88' lang='lat' dir='ltr'>etc.</span> 
     </span>
     <span class='ocr_line' id='line_1_19' title="bbox 172 2087 2195 2184; baseline -0.003 -15"><span class='ocrx_word' id='word_1_254' title='bbox 172 2100 333 2171; x_wconf 86' lang='lat' dir='ltr'>inclusus</span> <span class='ocrx_word' id='word_1_255' title='bbox 362 2097 454 2165; x_wconf 86' lang='lat' dir='ltr'>fame</span> <span class='ocrx_word' id='word_1_256' title='bbox 478 2092 594 2184; x_wconf 84' lang='lat' dir='ltr'>periit.</span> <span class='ocrx_word' id='word_1_257' title='bbox 653 2087 701 2163; x_wconf 87' lang='lat' dir='ltr'>Et</span> <span class='ocrx_word' id='word_1_258' title='bbox 725 2105 839 2162; x_wconf 89' lang='lat' dir='ltr'>mater</span> <span class='ocrx_word' id='word_1_259' title='bbox 861 2089 1045 2182; x_wconf 83' lang='lat' dir='ltr'>Alcithea,</span> <span class='ocrx_word' id='word_1_260' title='bbox 1077 2121 1159 2167; x_wconf 90' lang='lat' dir='ltr'>cum</span> <span class='ocrx_word' id='word_1_261' title='bbox 1311 2091 1404 2164; x_wconf 89' lang='lat' dir='ltr'>Cum</span> <span class='ocrx_word' id='word_1_262' title='bbox 1419 2092 1691 2164; x_wconf 80' lang='lat' dir='ltr'>Lacedaemonii</span> <span class='ocrx_word' id='word_1_263' title='bbox 1707 2092 1902 2181; x_wconf 75' lang='lat' dir='ltr'>fugientem</span> <span class='ocrx_word' id='word_1_264' title='bbox 1919 2117 1967 2163; x_wconf 83' lang='lat' dir='ltr'>ex</span> <span class='ocrx_word' id='word_1_265' title='bbox 1983 2089 2134 2165; x_wconf 87' lang='lat' dir='ltr'>Graecia</span> <span class='ocrx_word' id='word_1_266' title='bbox 2147 2114 2195 2162; x_wconf 89' lang='lat' dir='ltr'>se-</span> 
     </span>
     <span class='ocr_line' id='line_1_20' title="bbox 172 2194 2197 2291; baseline -0.004 -20"><span class='ocrx_word' id='word_1_267' title='bbox 172 2224 276 2272; x_wconf 90' lang='lat' dir='ltr'>muro</span> <span class='ocrx_word' id='word_1_268' title='bbox 292 2199 386 2269; x_wconf 81' lang='lat' dir='ltr'>iores</span> <span class='ocrx_word' id='word_1_269' title='bbox 401 2197 689 2280; x_wconf 86' lang='lat' dir='ltr'>obstruerentur,</span> <span class='ocrx_word' id='word_1_270' title='bbox 714 2195 871 2284; x_wconf 89' lang='lat' dir='ltr'>primum</span> <span class='ocrx_word' id='word_1_271' title='bbox 894 2196 1048 2287; x_wconf 88' lang='lat' dir='ltr'>lapidem</span> <span class='ocrx_word' id='word_1_272' title='bbox 1063 2199 1102 2267; x_wconf 93' lang='lat' dir='ltr'>in</span> <span class='ocrx_word' id='word_1_273' title='bbox 1120 2223 1161 2269; x_wconf 91' lang='lat' dir='ltr'>ea</span> <span class='ocrx_word' id='word_1_274' title='bbox 1212 2208 1425 2291; x_wconf 85' lang='lat' dir='ltr'>querentur,</span> <span class='ocrx_word' id='word_1_275' title='bbox 1448 2208 1490 2266; x_wconf 93' lang='lat' dir='ltr'>ut</span> <span class='ocrx_word' id='word_1_276' title='bbox 1509 2196 1625 2288; x_wconf 87' lang='lat' dir='ltr'>ipsum</span> <span class='ocrx_word' id='word_1_277' title='bbox 1651 2195 1913 2282; x_wconf 84' lang='lat' dir='ltr'>interficerent,</span> <span class='ocrx_word' id='word_1_278' title='bbox 1937 2196 2038 2285; x_wconf 81' lang='lat' dir='ltr'>fugit</span> <span class='ocrx_word' id='word_1_279' title='bbox 2050 2194 2197 2288; x_wconf 88' lang='lat' dir='ltr'>primum</span> 
     </span>
     <span class='ocr_line' id='line_1_21' title="bbox 172 2295 2198 2393; baseline -0.005 -18"><span class='ocrx_word' id='word_1_280' title='bbox 172 2300 419 2375; x_wconf 86' lang='lat' dir='ltr'>obstructione</span> <span class='ocrx_word' id='word_1_281' title='bbox 445 2298 585 2369; x_wconf 86' lang='lat' dir='ltr'>locavit.</span> <span class='ocrx_word' id='word_1_282' title='bbox 645 2295 715 2367; x_wconf 89' lang='lat' dir='ltr'>Hic</span> <span class='ocrx_word' id='word_1_283' title='bbox 737 2297 852 2367; x_wconf 90' lang='lat' dir='ltr'>exitus</span> <span class='ocrx_word' id='word_1_284' title='bbox 877 2296 1074 2370; x_wconf 87' lang='lat' dir='ltr'>Pausaniae</span> <span class='ocrx_word' id='word_1_285' title='bbox 1094 2301 1164 2372; x_wconf 84' lang='lat' dir='ltr'>fuit</span> <span class='ocrx_word' id='word_1_286' title='bbox 1205 2302 1258 2369; x_wconf 89' lang='lat' dir='ltr'>&#39;ad</span> <span class='ocrx_word' id='word_1_287' title='bbox 1287 2298 1481 2369; x_wconf 86' lang='lat' dir='ltr'>Admetum</span> <span class='ocrx_word' id='word_1_288' title='bbox 1511 2320 1629 2387; x_wconf 91' lang='lat' dir='ltr'>regem</span> <span class='ocrx_word' id='word_1_289' title='bbox 1657 2296 1921 2383; x_wconf 89' lang='lat' dir='ltr'>Molossorum,</span> <span class='ocrx_word' id='word_1_290' title='bbox 1966 2299 2035 2393; x_wconf 86' lang='lat' dir='ltr'>qui</span> <span class='ocrx_word' id='word_1_291' title='bbox 2066 2321 2146 2369; x_wconf 86' lang='lat' dir='ltr'>cum</span> <span class='ocrx_word' id='word_1_292' title='bbox 2167 2297 2198 2366; x_wconf 88' lang='lat' dir='ltr'>ei</span> 
     </span>
     <span class='ocr_line' id='line_1_22' title="bbox 173 2398 2199 2494; baseline -0.003 -18"><span class='ocrx_word' id='word_1_293' title='bbox 173 2429 214 2475; x_wconf 89' lang='lat' dir='ltr'>eo</span> <span class='ocrx_word' id='word_1_294' title='bbox 230 2403 385 2489; x_wconf 87' lang='lat' dir='ltr'>tristior,</span> <span class='ocrx_word' id='word_1_295' title='bbox 409 2401 506 2494; x_wconf 88' lang='lat' dir='ltr'>quod</span> <span class='ocrx_word' id='word_1_296' title='bbox 528 2399 702 2485; x_wconf 87' lang='lat' dir='ltr'>ostendit,</span> <span class='ocrx_word' id='word_1_297' title='bbox 726 2410 861 2470; x_wconf 88' lang='lat' dir='ltr'>tantam</span> <span class='ocrx_word' id='word_1_298' title='bbox 881 2423 954 2470; x_wconf 89' lang='lat' dir='ltr'>esse</span> <span class='ocrx_word' id='word_1_299' title='bbox 972 2401 1162 2473; x_wconf 88' lang='lat' dir='ltr'>imbecilli·</span> <span class='ocrx_word' id='word_1_300' title='bbox 1213 2400 1382 2471; x_wconf 90' lang='lat' dir='ltr'>iuimicus</span> <span class='ocrx_word' id='word_1_301' title='bbox 1398 2415 1505 2485; x_wconf 89' lang='lat' dir='ltr'>esset,</span> <span class='ocrx_word' id='word_1_302' title='bbox 1528 2401 1687 2470; x_wconf 89' lang='lat' dir='ltr'>monitus</span> <span class='ocrx_word' id='word_1_303' title='bbox 1708 2402 1753 2470; x_wconf 90' lang='lat' dir='ltr'>ab</span> <span class='ocrx_word' id='word_1_304' title='bbox 1769 2424 1881 2470; x_wconf 85' lang='lat' dir='ltr'>uxore</span> <span class='ocrx_word' id='word_1_305' title='bbox 1896 2398 2072 2483; x_wconf 84' lang='lat' dir='ltr'>Admeti,</span> <span class='ocrx_word' id='word_1_306' title='bbox 2095 2402 2199 2472; x_wconf 85' lang='lat' dir='ltr'>iaetus</span> 
     </span>
     <span class='ocr_line' id='line_1_23' title="bbox 172 2497 2199 2597; baseline -0.003 -17"><span class='ocrx_word' id='word_1_307' title='bbox 172 2520 280 2580; x_wconf 88' lang='lat' dir='ltr'>tatem</span> <span class='ocrx_word' id='word_1_308' title='bbox 296 2518 444 2576; x_wconf 90' lang='lat' dir='ltr'>naturae</span> <span class='ocrx_word' id='word_1_309' title='bbox 459 2497 659 2582; x_wconf 89' lang='lat' dir='ltr'>hominum,</span> <span class='ocrx_word' id='word_1_310' title='bbox 685 2515 813 2574; x_wconf 90' lang='lat' dir='ltr'>utnon</span> <span class='ocrx_word' id='word_1_311' title='bbox 828 2503 944 2572; x_wconf 91' lang='lat' dir='ltr'>solum</span> <span class='ocrx_word' id='word_1_312' title='bbox 960 2504 1104 2577; x_wconf 77' lang='lat' dir='ltr'>fortuna</span> <span class='ocrx_word' id='word_1_313' title='bbox 1118 2507 1164 2576; x_wconf 90' lang='lat' dir='ltr'>sit</span> <span class='ocrx_word' id='word_1_314' title='bbox 1214 2517 1266 2574; x_wconf 89' lang='lat' dir='ltr'>est</span> <span class='ocrx_word' id='word_1_315' title='bbox 1284 2503 1316 2571; x_wconf 92' lang='lat' dir='ltr'>ei</span> <span class='ocrx_word' id='word_1_316' title='bbox 1332 2504 1496 2596; x_wconf 80' lang='lat' dir='ltr'>supplex,</span> <span class='ocrx_word' id='word_1_317' title='bbox 1517 2498 1585 2573; x_wconf 91' lang='lat' dir='ltr'>hoc</span> <span class='ocrx_word' id='word_1_318' title='bbox 1600 2502 1772 2592; x_wconf 81' lang='lat' dir='ltr'>singulari</span> <span class='ocrx_word' id='word_1_319' title='bbox 1789 2503 1880 2588; x_wconf 90' lang='lat' dir='ltr'>ritu,</span> <span class='ocrx_word' id='word_1_320' title='bbox 1906 2528 2021 2597; x_wconf 89' lang='lat' dir='ltr'>quem</span> <span class='ocrx_word' id='word_1_321' title='bbox 2043 2505 2199 2575; x_wconf 66' lang='lat' dir='ltr'>ducunt</span> 
     </span>
     <span class='ocr_line' id='line_1_24' title="bbox 173 2603 2201 2697; baseline -0.002 -19"><span class='ocrx_word' id='word_1_322' title='bbox 173 2605 373 2693; x_wconf 90' lang='lat' dir='ltr'>instabilis,</span> <span class='ocrx_word' id='word_1_323' title='bbox 402 2608 463 2676; x_wconf 90' lang='lat' dir='ltr'>sed</span> <span class='ocrx_word' id='word_1_324' title='bbox 494 2604 606 2676; x_wconf 86' lang='lat' dir='ltr'>virtus</span> <span class='ocrx_word' id='word_1_325' title='bbox 636 2604 764 2689; x_wconf 88' lang='lat' dir='ltr'>etiam,</span> <span class='ocrx_word' id='word_1_326' title='bbox 795 2628 885 2697; x_wconf 85' lang='lat' dir='ltr'>qtrae</span> <span class='ocrx_word' id='word_1_327' title='bbox 907 2606 1107 2679; x_wconf 88' lang='lat' dir='ltr'>durabilior</span> <span class='ocrx_word' id='word_1_328' title='bbox 1130 2622 1166 2679; x_wconf 90' lang='lat' dir='ltr'>et</span> <span class='ocrx_word' id='word_1_329' title='bbox 1215 2628 1296 2676; x_wconf 84' lang='lat' dir='ltr'>eutn</span> <span class='ocrx_word' id='word_1_330' title='bbox 1312 2607 1407 2695; x_wconf 89' lang='lat' dir='ltr'>regia</span> <span class='ocrx_word' id='word_1_331' title='bbox 1427 2606 1595 2675; x_wconf 88' lang='lat' dir='ltr'>coniunx.</span> <span class='ocrx_word' id='word_1_332' title='bbox 1642 2603 1734 2674; x_wconf 86' lang='lat' dir='ltr'>Cum</span> <span class='ocrx_word' id='word_1_333' title='bbox 1750 2607 1899 2674; x_wconf 89' lang='lat' dir='ltr'>domum</span> <span class='ocrx_word' id='word_1_334' title='bbox 1916 2608 2062 2678; x_wconf 84' lang='lat' dir='ltr'>veniret</span> <span class='ocrx_word' id='word_1_335' title='bbox 2078 2606 2201 2678; x_wconf 71' lang='lat' dir='ltr'>Adme-</span> 
     </span>
     <span class='ocr_line' id='line_1_25' title="bbox 175 2701 2200 2802; baseline 0 -22"><span class='ocrx_word' id='word_1_336' title='bbox 175 2709 314 2781; x_wconf 79' lang='lat' dir='ltr'>brmior</span> <span class='ocrx_word' id='word_1_337' title='bbox 336 2706 630 2793; x_wconf 80' lang='lat' dir='ltr'>essedebebatin</span> <span class='ocrx_word' id='word_1_338' title='bbox 649 2706 916 2799; x_wconf 81' lang='lat' dir='ltr'>praestantibus</span> <span class='ocrx_word' id='word_1_339' title='bbox 932 2709 1036 2794; x_wconf 88' lang='lat' dir='ltr'>viris,</span> <span class='ocrx_word' id='word_1_340' title='bbox 1063 2735 1165 2802; x_wconf 82' lang='lat' dir='ltr'>saepe</span> <span class='ocrx_word' id='word_1_341' title='bbox 1216 2723 1291 2793; x_wconf 88' lang='lat' dir='ltr'>tus,</span> <span class='ocrx_word' id='word_1_342' title='bbox 1325 2709 1364 2777; x_wconf 89' lang='lat' dir='ltr'>in</span> <span class='ocrx_word' id='word_1_343' title='bbox 1389 2709 1564 2778; x_wconf 89' lang='lat' dir='ltr'>vestibulo</span> <span class='ocrx_word' id='word_1_344' title='bbox 1592 2709 1637 2776; x_wconf 87' lang='lat' dir='ltr'>ad</span> <span class='ocrx_word' id='word_1_345' title='bbox 1666 2731 1766 2776; x_wconf 89' lang='lat' dir='ltr'>aram</span> <span class='ocrx_word' id='word_1_346' title='bbox 1794 2701 2065 2780; x_wconf 86' lang='lat' dir='ltr'>Themistocles</span> <span class='ocrx_word' id='word_1_347' title='bbox 2089 2723 2200 2781; x_wconf 87' lang='lat' dir='ltr'>tenent</span> 
     </span>
     <span class='ocr_line' id='line_1_26' title="bbox 177 2804 2200 2904; baseline -0.002 -20"><span class='ocrx_word' id='word_1_348' title='bbox 177 2812 416 2900; x_wconf 79' lang='lat' dir='ltr'>extinguatur.</span> <span class='ocrx_word' id='word_1_349' title='bbox 466 2811 712 2900; x_wconf 84' lang='lat' dir='ltr'>Agnoscamus</span> <span class='ocrx_word' id='word_1_350' title='bbox 726 2809 836 2897; x_wconf 89' lang='lat' dir='ltr'>igitur</span> <span class='ocrx_word' id='word_1_351' title='bbox 850 2818 887 2879; x_wconf 70' lang='lat' dir='ltr'>‘et</span> <span class='ocrx_word' id='word_1_352' title='bbox 902 2824 1050 2882; x_wconf 89' lang='lat' dir='ltr'>naturae</span> <span class='ocrx_word' id='word_1_353' title='bbox 1064 2814 1166 2882; x_wconf 88' lang='lat' dir='ltr'>infir·</span> <span class='ocrx_word' id='word_1_354' title='bbox 1216 2811 1382 2883; x_wconf 91' lang='lat' dir='ltr'>manibus</span> <span class='ocrx_word' id='word_1_355' title='bbox 1396 2810 1549 2880; x_wconf 86' lang='lat' dir='ltr'>filiolum</span> <span class='ocrx_word' id='word_1_356' title='bbox 1564 2804 1733 2891; x_wconf 83' lang='lat' dir='ltr'>Admeti,</span> <span class='ocrx_word' id='word_1_357' title='bbox 1756 2823 1791 2880; x_wconf 93' lang='lat' dir='ltr'>et</span> <span class='ocrx_word' id='word_1_358' title='bbox 1805 2809 1903 2901; x_wconf 91' lang='lat' dir='ltr'>patri</span> <span class='ocrx_word' id='word_1_359' title='bbox 1918 2814 2113 2883; x_wconf 86' lang='lat' dir='ltr'>osteudens</span> <span class='ocrx_word' id='word_1_360' title='bbox 2123 2835 2200 2904; x_wconf 86' lang='lat' dir='ltr'>pro·</span> 
     </span>
     <span class='ocr_line' id='line_1_27' title="bbox 177 2911 2198 3007; baseline 0 -25"><span class='ocrx_word' id='word_1_361' title='bbox 177 2914 336 2985; x_wconf 84' lang='lat' dir='ltr'>mitatem</span> <span class='ocrx_word' id='word_1_362' title='bbox 355 2927 391 2984; x_wconf 92' lang='lat' dir='ltr'>et</span> <span class='ocrx_word' id='word_1_363' title='bbox 415 2913 550 2984; x_wconf 88' lang='lat' dir='ltr'>diaboli</span> <span class='ocrx_word' id='word_1_364' title='bbox 566 2911 811 3007; x_wconf 89' lang='lat' dir='ltr'>tyrannidem,</span> <span class='ocrx_word' id='word_1_365' title='bbox 834 2925 869 2981; x_wconf 90' lang='lat' dir='ltr'>et</span> <span class='ocrx_word' id='word_1_366' title='bbox 891 2925 1051 3003; x_wconf 90' lang='lat' dir='ltr'>petamus</span> <span class='ocrx_word' id='word_1_367' title='bbox 1067 2917 1163 2985; x_wconf 89' lang='lat' dir='ltr'>auxi·</span> <span class='ocrx_word' id='word_1_368' title='bbox 1218 2928 1296 3006; x_wconf 91' lang='lat' dir='ltr'>pter</span> <span class='ocrx_word' id='word_1_369' title='bbox 1309 2937 1391 2984; x_wconf 91' lang='lat' dir='ltr'>eum</span> <span class='ocrx_word' id='word_1_370' title='bbox 1407 2927 1486 2984; x_wconf 89' lang='lat' dir='ltr'>orat</span> <span class='ocrx_word' id='word_1_371' title='bbox 1500 2936 1538 2981; x_wconf 92' lang='lat' dir='ltr'>se</span> <span class='ocrx_word' id='word_1_372' title='bbox 1553 2912 1747 3003; x_wconf 89' lang='lat' dir='ltr'>supplicem</span> <span class='ocrx_word' id='word_1_373' title='bbox 1763 2912 1892 3004; x_wconf 90' lang='lat' dir='ltr'>recipi,</span> <span class='ocrx_word' id='word_1_374' title='bbox 1917 2914 1996 2985; x_wconf 88' lang='lat' dir='ltr'>sibi</span> <span class='ocrx_word' id='word_1_375' title='bbox 2010 2914 2116 3006; x_wconf 85' lang='lat' dir='ltr'>parci,</span> <span class='ocrx_word' id='word_1_376' title='bbox 2137 2936 2198 2982; x_wconf 89' lang='lat' dir='ltr'>uec</span> 
     </span>
     <span class='ocr_line' id='line_1_28' title="bbox 179 3006 2200 3110; baseline 0.001 -26"><span class='ocrx_word' id='word_1_377' title='bbox 179 3015 268 3086; x_wconf 90' lang='lat' dir='ltr'>lium</span> <span class='ocrx_word' id='word_1_378' title='bbox 292 3039 313 3086; x_wconf 89' lang='lat' dir='ltr'>a</span> <span class='ocrx_word' id='word_1_379' title='bbox 336 3015 410 3084; x_wconf 84' lang='lat' dir='ltr'>filio</span> <span class='ocrx_word' id='word_1_380' title='bbox 433 3013 519 3100; x_wconf 94' lang='lat' dir='ltr'>Dei,</span> <span class='ocrx_word' id='word_1_381' title='bbox 546 3014 643 3084; x_wconf 93' lang='lat' dir='ltr'>iuxta</span> <span class='ocrx_word' id='word_1_382' title='bbox 665 3015 815 3085; x_wconf 89' lang='lat' dir='ltr'>dictum:</span> <span class='ocrx_word' id='word_1_383' title='bbox 843 3011 923 3085; x_wconf 86' lang='lat' dir='ltr'>Tua</span> <span class='ocrx_word' id='word_1_384' title='bbox 946 3029 999 3086; x_wconf 90' lang='lat' dir='ltr'>est</span> <span class='ocrx_word' id='word_1_385' title='bbox 1013 3019 1166 3110; x_wconf 89' lang='lat' dir='ltr'>perditio</span> <span class='ocrx_word' id='word_1_386' title='bbox 1219 3015 1304 3086; x_wconf 89' lang='lat' dir='ltr'>dedi</span> <span class='ocrx_word' id='word_1_387' title='bbox 1325 3038 1399 3085; x_wconf 89' lang='lat' dir='ltr'>sese</span> <span class='ocrx_word' id='word_1_388' title='bbox 1419 3010 1593 3088; x_wconf 83' lang='lat' dir='ltr'>hostibus.</span> <span class='ocrx_word' id='word_1_389' title='bbox 1625 3015 1628 3019; x_wconf 79' lang='grc'><strong>’</strong></span> <span class='ocrx_word' id='word_1_390' title='bbox 1645 3011 1714 3084; x_wconf 92' lang='lat' dir='ltr'>Hic</span> <span class='ocrx_word' id='word_1_391' title='bbox 1739 3015 1830 3084; x_wconf 89' lang='lat' dir='ltr'>ritus</span> <span class='ocrx_word' id='word_1_392' title='bbox 1843 3006 2003 3108; x_wconf 81' lang='lat' dir='ltr'>propter</span> <span class='ocrx_word' id='word_1_393' title='bbox 2017 3017 2126 3087; x_wconf 79' lang='lat' dir='ltr'>bliuso</span> <span class='ocrx_word' id='word_1_394' title='bbox 2141 3038 2200 3106; x_wconf 82' lang='lat' dir='ltr'>pe-</span> 
     </span>
     <span class='ocr_line' id='line_1_29' title="bbox 179 3111 2203 3208; baseline -0.001 -17"><span class='ocrx_word' id='word_1_395' title='bbox 179 3131 335 3204; x_wconf 86' lang='lat' dir='ltr'>tantum,</span> <span class='ocrx_word' id='word_1_396' title='bbox 361 3117 399 3186; x_wconf 90' lang='lat' dir='ltr'>in</span> <span class='ocrx_word' id='word_1_397' title='bbox 410 3111 483 3186; x_wconf 88' lang='lat' dir='ltr'>Me</span> <span class='ocrx_word' id='word_1_398' title='bbox 496 3117 669 3186; x_wconf 86' lang='lat' dir='ltr'>auxilium</span> <span class='ocrx_word' id='word_1_399' title='bbox 686 3114 806 3188; x_wconf 77' lang='lat' dir='ltr'>lsrael.</span> <span class='ocrx_word' id='word_1_400' title='bbox 1219 3119 1318 3189; x_wconf 91' lang='lat' dir='ltr'>tendi</span> <span class='ocrx_word' id='word_1_401' title='bbox 1336 3118 1559 3189; x_wconf 88' lang='lat' dir='ltr'>indicabatur</span> <span class='ocrx_word' id='word_1_402' title='bbox 1575 3139 1647 3186; x_wconf 89' lang='lat' dir='ltr'>esse</span> <span class='ocrx_word' id='word_1_403' title='bbox 1660 3117 1914 3208; x_wconf 79' lang='lat' dir='ltr'>sanctissimus.</span> <span class='ocrx_word' id='word_1_404' title='bbox 1975 3117 2088 3191; x_wconf 85' lang='lat' dir='ltr'>Dedit</span> <span class='ocrx_word' id='word_1_405' title='bbox 2106 3119 2203 3208; x_wconf 82' lang='lat' dir='ltr'>igitur</span> 
     </span>
     <span class='ocr_line' id='line_1_30' title="bbox 283 3213 2204 3313; baseline 0.001 -23"><span class='ocrx_word' id='word_1_406' title='bbox 283 3215 385 3290; x_wconf 83' lang='lat' dir='ltr'>Adeo</span> <span class='ocrx_word' id='word_1_407' title='bbox 415 3218 579 3290; x_wconf 89' lang='lat' dir='ltr'>excelluit</span> <span class='ocrx_word' id='word_1_408' title='bbox 610 3219 780 3310; x_wconf 88' lang='lat' dir='ltr'>sapientia</span> <span class='ocrx_word' id='word_1_409' title='bbox 813 3213 1091 3306; x_wconf 87' lang='lat' dir='ltr'>Themistocles,</span> <span class='ocrx_word' id='word_1_410' title='bbox 1129 3236 1169 3293; x_wconf 90' lang='lat' dir='ltr'>ut</span> <span class='ocrx_word' id='word_1_411' title='bbox 1220 3223 1252 3291; x_wconf 88' lang='lat' dir='ltr'>ei</span> <span class='ocrx_word' id='word_1_412' title='bbox 1266 3217 1440 3291; x_wconf 89' lang='lat' dir='ltr'>Admetus</span> <span class='ocrx_word' id='word_1_413' title='bbox 1458 3221 1714 3313; x_wconf 89' lang='lat' dir='ltr'>aliquantisper</span> <span class='ocrx_word' id='word_1_414' title='bbox 1734 3232 1851 3291; x_wconf 89' lang='lat' dir='ltr'>tutum</span> <span class='ocrx_word' id='word_1_415' title='bbox 1876 3215 2097 3313; x_wconf 86' lang='lat' dir='ltr'>hospitium.</span> <span class='ocrx_word' id='word_1_416' title='bbox 2143 3220 2204 3291; x_wconf 72' lang='lat' dir='ltr'>set</span> 
     </span>
     <span class='ocr_line' id='line_1_31' title="bbox 181 3318 2204 3415; baseline 0 -22"><span class='ocrx_word' id='word_1_417' title='bbox 181 3322 369 3415; x_wconf 88' lang='lat' dir='ltr'>praecipue</span> <span class='ocrx_word' id='word_1_418' title='bbox 381 3321 491 3412; x_wconf 90' lang='lat' dir='ltr'>ipsius</span> <span class='ocrx_word' id='word_1_419' title='bbox 500 3321 660 3391; x_wconf 89' lang='lat' dir='ltr'>consiliis</span> <span class='ocrx_word' id='word_1_420' title='bbox 672 3318 820 3390; x_wconf 89' lang='lat' dir='ltr'>Graecia</span> <span class='ocrx_word' id='word_1_421' title='bbox 833 3321 938 3394; x_wconf 83' lang='lat' dir='ltr'>luerit</span> <span class='ocrx_word' id='word_1_422' title='bbox 947 3325 1072 3394; x_wconf 85' lang='lat' dir='ltr'>victrix</span> <span class='ocrx_word' id='word_1_423' title='bbox 1084 3323 1170 3394; x_wconf 88' lang='lat' dir='ltr'>Per-</span> <span class='ocrx_word' id='word_1_424' title='bbox 1221 3348 1301 3393; x_wconf 91' lang='lat' dir='ltr'>cum</span> <span class='ocrx_word' id='word_1_425' title='bbox 1317 3324 1456 3394; x_wconf 88' lang='lat' dir='ltr'>timeret</span> <span class='ocrx_word' id='word_1_426' title='bbox 1470 3320 1643 3411; x_wconf 91' lang='lat' dir='ltr'>Graecos,</span> <span class='ocrx_word' id='word_1_427' title='bbox 1670 3322 1732 3415; x_wconf 86' lang='lat' dir='ltr'>qui</span> <span class='ocrx_word' id='word_1_428' title='bbox 1749 3323 1945 3414; x_wconf 89' lang='lat' dir='ltr'>poscebant</span> <span class='ocrx_word' id='word_1_429' title='bbox 1964 3349 2053 3396; x_wconf 90' lang='lat' dir='ltr'>eum</span> <span class='ocrx_word' id='word_1_430' title='bbox 2073 3325 2140 3395; x_wconf 89' lang='lat' dir='ltr'>sibi</span> <span class='ocrx_word' id='word_1_431' title='bbox 2152 3325 2204 3392; x_wconf 88' lang='lat' dir='ltr'>de·</span> 
     </span>
     <span class='ocr_line' id='line_1_32' title="bbox 182 3418 1950 3521; baseline 0.003 -27"><span class='ocrx_word' id='word_1_432' title='bbox 182 3448 313 3497; x_wconf 85' lang='lat' dir='ltr'>sarum.</span> <span class='ocrx_word' id='word_1_433' title='bbox 367 3420 490 3510; x_wconf 88' lang='lat' dir='ltr'>Quare</span> <span class='ocrx_word' id='word_1_434' title='bbox 512 3418 568 3492; x_wconf 87' lang='lat' dir='ltr'>his</span> <span class='ocrx_word' id='word_1_435' title='bbox 588 3423 706 3492; x_wconf 90' lang='lat' dir='ltr'>verbis</span> <span class='ocrx_word' id='word_1_436' title='bbox 729 3424 893 3492; x_wconf 89' lang='lat' dir='ltr'>laudatus</span> <span class='ocrx_word' id='word_1_437' title='bbox 918 3438 970 3495; x_wconf 91' lang='lat' dir='ltr'>est</span> <span class='ocrx_word' id='word_1_438' title='bbox 986 3449 1007 3494; x_wconf 90' lang='lat' dir='ltr'>a</span> <span class='ocrx_word' id='word_1_439' title='bbox 1023 3421 1165 3521; x_wconf 85' lang='lat' dir='ltr'>Thucy·</span> <span class='ocrx_word' id='word_1_440' title='bbox 1221 3427 1276 3511; x_wconf 89' lang='lat' dir='ltr'>di,</span> <span class='ocrx_word' id='word_1_441' title='bbox 1302 3426 1439 3496; x_wconf 82' lang='lat' dir='ltr'>curarit</span> <span class='ocrx_word' id='word_1_442' title='bbox 1456 3425 1591 3494; x_wconf 91' lang='lat' dir='ltr'>eumin</span> <span class='ocrx_word' id='word_1_443' title='bbox 1608 3425 1731 3494; x_wconf 87' lang='lat' dir='ltr'>Asiam</span> <span class='ocrx_word' id='word_1_444' title='bbox 1749 3421 1950 3500; x_wconf 85' lang='lat' dir='ltr'>transvehi.</span> 
     </span>
     <span class='ocr_line' id='line_1_33' title="bbox 182 3521 2204 3622; baseline 0.002 -26"><span class='ocrx_word' id='word_1_445' title='bbox 182 3528 284 3597; x_wconf 85' lang='lat' dir='ltr'>dide:</span> <span class='ocrx_word' id='word_1_446' title='bbox 309 3523 399 3596; x_wconf 89' lang='lat' dir='ltr'>Erat</span> <span class='ocrx_word' id='word_1_447' title='bbox 417 3521 677 3597; x_wconf 85' lang='lat' dir='ltr'>Themistocles</span> <span class='ocrx_word' id='word_1_448' title='bbox 698 3525 883 3615; x_wconf 89' lang='lat' dir='ltr'>praecipue</span> <span class='ocrx_word' id='word_1_449' title='bbox 906 3527 1036 3615; x_wconf 91' lang='lat' dir='ltr'>dignus</span> <span class='ocrx_word' id='word_1_450' title='bbox 1055 3531 1189 3598; x_wconf 66' lang='lat' dir='ltr'>admi.</span> <span class='ocrx_word' id='word_1_451' title='bbox 1323 3526 1406 3597; x_wconf 92' lang='lat' dir='ltr'>Duo</span> <span class='ocrx_word' id='word_1_452' title='bbox 1428 3541 1545 3597; x_wconf 90' lang='lat' dir='ltr'>autem</span> <span class='ocrx_word' id='word_1_453' title='bbox 1569 3527 1638 3596; x_wconf 85' lang='lat' dir='ltr'>viri</span> <span class='ocrx_word' id='word_1_454' title='bbox 1654 3528 1879 3598; x_wconf 87' lang='lat' dir='ltr'>celebrantur</span> <span class='ocrx_word' id='word_1_455' title='bbox 1894 3529 1937 3598; x_wconf 90' lang='lat' dir='ltr'>in</span> <span class='ocrx_word' id='word_1_456' title='bbox 1955 3555 2001 3600; x_wconf 90' lang='lat' dir='ltr'>eo</span> <span class='ocrx_word' id='word_1_457' title='bbox 2018 3530 2133 3616; x_wconf 86' lang='lat' dir='ltr'>bello,</span> <span class='ocrx_word' id='word_1_458' title='bbox 2153 3529 2204 3622; x_wconf 80' lang='lat' dir='ltr'>qui</span> 
     </span>
     <span class='ocr_line' id='line_1_34' title="bbox 184 3626 2200 3721; baseline 0.002 -25"><span class='ocrx_word' id='word_1_459' title='bbox 184 3627 528 3718; x_wconf 89' lang='lat' dir='ltr'>rationepraealiis,</span> <span class='ocrx_word' id='word_1_460' title='bbox 555 3626 638 3718; x_wconf 88' lang='lat' dir='ltr'>quia</span> <span class='ocrx_word' id='word_1_461' title='bbox 654 3627 728 3695; x_wconf 87' lang='lat' dir='ltr'>acie</span> <span class='ocrx_word' id='word_1_462' title='bbox 741 3626 868 3697; x_wconf 91' lang='lat' dir='ltr'>mentis</span> <span class='ocrx_word' id='word_1_463' title='bbox 882 3650 966 3698; x_wconf 92' lang='lat' dir='ltr'>suae</span> <span class='ocrx_word' id='word_1_464' title='bbox 981 3653 1055 3699; x_wconf 90' lang='lat' dir='ltr'>non</span> <span class='ocrx_word' id='word_1_465' title='bbox 1070 3655 1169 3721; x_wconf 88' lang='lat' dir='ltr'>prae·</span> <span class='ocrx_word' id='word_1_466' title='bbox 1223 3631 1268 3699; x_wconf 89' lang='lat' dir='ltr'>ad</span> <span class='ocrx_word' id='word_1_467' title='bbox 1289 3644 1442 3700; x_wconf 82' lang='lat' dir='ltr'>caeteras</span> <span class='ocrx_word' id='word_1_468' title='bbox 1465 3632 1630 3712; x_wconf 89' lang='lat' dir='ltr'>virtutes,</span> <span class='ocrx_word' id='word_1_469' title='bbox 1663 3631 1870 3700; x_wconf 89' lang='lat' dir='ltr'>modestiam</span> <span class='ocrx_word' id='word_1_470' title='bbox 1892 3646 1932 3702; x_wconf 93' lang='lat' dir='ltr'>et</span> <span class='ocrx_word' id='word_1_471' title='bbox 1951 3633 2200 3705; x_wconf 83' lang='lat' dir='ltr'>iusticiauad-</span> 
     </span>
     <span class='ocr_line' id='line_1_35' title="bbox 184 3720 2205 3827; baseline 0.004 -28"><span class='ocrx_word' id='word_1_472' title='bbox 184 3729 365 3813; x_wconf 90' lang='lat' dir='ltr'>monitus,</span> <span class='ocrx_word' id='word_1_473' title='bbox 395 3752 460 3797; x_wconf 91' lang='lat' dir='ltr'>nec</span> <span class='ocrx_word' id='word_1_474' title='bbox 483 3729 545 3797; x_wconf 89' lang='lat' dir='ltr'>diu</span> <span class='ocrx_word' id='word_1_475' title='bbox 569 3727 817 3811; x_wconf 89' lang='lat' dir='ltr'>considerans,</span> <span class='ocrx_word' id='word_1_476' title='bbox 846 3729 885 3796; x_wconf 91' lang='lat' dir='ltr'>in</span> <span class='ocrx_word' id='word_1_477' title='bbox 910 3732 1016 3800; x_wconf 91' lang='lat' dir='ltr'>rebus</span> <span class='ocrx_word' id='word_1_478' title='bbox 1046 3734 1173 3815; x_wconf 82' lang='lat' dir='ltr'>subitis</span> <span class='ocrx_word' id='word_1_479' title='bbox 1225 3733 1429 3817; x_wconf 89' lang='lat' dir='ltr'>iunxerunt,</span> <span class='ocrx_word' id='word_1_480' title='bbox 1455 3726 1639 3800; x_wconf 78' lang='lat' dir='ltr'>Aristides</span> <span class='ocrx_word' id='word_1_481' title='bbox 1651 3746 1687 3803; x_wconf 88' lang='lat' dir='ltr'>et</span> <span class='ocrx_word' id='word_1_482' title='bbox 1697 3720 1843 3813; x_wconf 86' lang='lat' dir='ltr'>Cimon,</span> <span class='ocrx_word' id='word_1_483' title='bbox 1869 3734 1936 3827; x_wconf 93' lang='lat' dir='ltr'>qui</span> <span class='ocrx_word' id='word_1_484' title='bbox 1953 3750 1991 3806; x_wconf 89' lang='lat' dir='ltr'>et</span> <span class='ocrx_word' id='word_1_485' title='bbox 2006 3752 2205 3825; x_wconf 76' lang='lat' dir='ltr'>resuegnet</span> 
     </span>
     <span class='ocr_line' id='line_1_36' title="bbox 186 3826 2206 3927; baseline 0.001 -27"><span class='ocrx_word' id='word_1_486' title='bbox 186 3830 320 3919; x_wconf 89' lang='lat' dir='ltr'>optima</span> <span class='ocrx_word' id='word_1_487' title='bbox 336 3830 484 3899; x_wconf 90' lang='lat' dir='ltr'>consilia</span> <span class='ocrx_word' id='word_1_488' title='bbox 501 3826 666 3913; x_wconf 90' lang='lat' dir='ltr'>habebat,</span> <span class='ocrx_word' id='word_1_489' title='bbox 692 3832 784 3899; x_wconf 91' lang='lat' dir='ltr'>etde</span> <span class='ocrx_word' id='word_1_490' title='bbox 798 3830 938 3918; x_wconf 83' lang='lat' dir='ltr'>suturis,</span> <span class='ocrx_word' id='word_1_491' title='bbox 961 3833 1048 3925; x_wconf 89' lang='lat' dir='ltr'>qnid</span> <span class='ocrx_word' id='word_1_492' title='bbox 1064 3859 1171 3905; x_wconf 90' lang='lat' dir='ltr'>even·</span> <span class='ocrx_word' id='word_1_493' title='bbox 1224 3850 1258 3907; x_wconf 94' lang='lat' dir='ltr'>et</span> <span class='ocrx_word' id='word_1_494' title='bbox 1274 3835 1379 3906; x_wconf 89' lang='lat' dir='ltr'>utiles</span> <span class='ocrx_word' id='word_1_495' title='bbox 1396 3836 1531 3927; x_wconf 89' lang='lat' dir='ltr'>patriae</span> <span class='ocrx_word' id='word_1_496' title='bbox 1545 3851 1745 3924; x_wconf 87' lang='lat' dir='ltr'>gesserunt,</span> <span class='ocrx_word' id='word_1_497' title='bbox 1772 3849 1807 3906; x_wconf 95' lang='lat' dir='ltr'>et</span> <span class='ocrx_word' id='word_1_498' title='bbox 1822 3860 1903 3905; x_wconf 89' lang='lat' dir='ltr'>cum</span> <span class='ocrx_word' id='word_1_499' title='bbox 1926 3852 2057 3910; x_wconf 85' lang='lat' dir='ltr'>essent</span> <span class='ocrx_word' id='word_1_500' title='bbox 2073 3839 2110 3907; x_wconf 91' lang='lat' dir='ltr'>in</span> <span class='ocrx_word' id='word_1_501' title='bbox 2124 3833 2206 3907; x_wconf 84' lang='lat' dir='ltr'>omri</span> 
     </span>
     <span class='ocr_line' id='line_1_37' title="bbox 187 3931 2209 4030; baseline 0.004 -28"><span class='ocrx_word' id='word_1_502' title='bbox 187 3946 307 4004; x_wconf 87' lang='lat' dir='ltr'>turum</span> <span class='ocrx_word' id='word_1_503' title='bbox 326 3945 437 4014; x_wconf 89' lang='lat' dir='ltr'>esset,</span> <span class='ocrx_word' id='word_1_504' title='bbox 465 3931 658 4003; x_wconf 90' lang='lat' dir='ltr'>rectissime</span> <span class='ocrx_word' id='word_1_505' title='bbox 681 3931 905 4005; x_wconf 88' lang='lat' dir='ltr'>coniiciebat.</span> <span class='ocrx_word' id='word_1_506' title='bbox 954 3931 1003 4006; x_wconf 90' lang='lat' dir='ltr'>Et</span> <span class='ocrx_word' id='word_1_507' title='bbox 1024 3961 1114 4030; x_wconf 91' lang='lat' dir='ltr'>quae</span> <span class='ocrx_word' id='word_1_508' title='bbox 1134 3939 1171 4007; x_wconf 90' lang='lat' dir='ltr'>in</span> <span class='ocrx_word' id='word_1_509' title='bbox 1224 3939 1339 4008; x_wconf 84' lang='lat' dir='ltr'>officio</span> <span class='ocrx_word' id='word_1_510' title='bbox 1350 3938 1434 4011; x_wconf 92' lang='lat' dir='ltr'>iusti</span> <span class='ocrx_word' id='word_1_511' title='bbox 1450 3952 1484 4009; x_wconf 93' lang='lat' dir='ltr'>et</span> <span class='ocrx_word' id='word_1_512' title='bbox 1501 3939 1687 4023; x_wconf 79' lang='lat' dir='ltr'>moderati,</span> <span class='ocrx_word' id='word_1_513' title='bbox 1704 3939 1862 4030; x_wconf 89' lang='lat' dir='ltr'>placidos</span> <span class='ocrx_word' id='word_1_514' title='bbox 1878 3932 2209 4012; x_wconf 80' lang='lat' dir='ltr'>habueruntexitus·</span> 
     </span>
     <span class='ocr_line' id='line_1_38' title="bbox 185 4029 2209 4137; baseline 0.004 -34"><span class='ocrx_word' id='word_1_515' title='bbox 185 4035 382 4126; x_wconf 90' lang='lat' dir='ltr'>praesentia</span> <span class='ocrx_word' id='word_1_516' title='bbox 398 4034 437 4103; x_wconf 96' lang='lat' dir='ltr'>in</span> <span class='ocrx_word' id='word_1_517' title='bbox 453 4035 619 4105; x_wconf 88' lang='lat' dir='ltr'>manibus</span> <span class='ocrx_word' id='word_1_518' title='bbox 637 4029 805 4119; x_wconf 85' lang='lat' dir='ltr'>habebat,</span> <span class='ocrx_word' id='word_1_519' title='bbox 829 4036 1004 4128; x_wconf 90' lang='lat' dir='ltr'>explicare</span> <span class='ocrx_word' id='word_1_520' title='bbox 1026 4054 1175 4130; x_wconf 83' lang='lat' dir='ltr'>poterat,</span> <span class='ocrx_word' id='word_1_521' title='bbox 1325 4038 1410 4110; x_wconf 89' lang='lat' dir='ltr'>Fuit</span> <span class='ocrx_word' id='word_1_522' title='bbox 1431 4057 1464 4112; x_wconf 94' lang='lat' dir='ltr'>et</span> <span class='ocrx_word' id='word_1_523' title='bbox 1485 4039 1613 4110; x_wconf 89' lang='lat' dir='ltr'>Xerxis</span> <span class='ocrx_word' id='word_1_524' title='bbox 1635 4042 1749 4111; x_wconf 89' lang='lat' dir='ltr'>exitus</span> <span class='ocrx_word' id='word_1_525' title='bbox 1765 4041 1940 4131; x_wconf 90' lang='lat' dir='ltr'>tragicus,</span> <span class='ocrx_word' id='word_1_526' title='bbox 1967 4045 2040 4137; x_wconf 82' lang='lat' dir='ltr'>qui</span> <span class='ocrx_word' id='word_1_527' title='bbox 2056 4040 2209 4136; x_wconf 88' lang='lat' dir='ltr'>postbel·</span> 
     </span>
     <span class='ocr_line' id='line_1_39' title="bbox 186 4137 2209 4235; baseline 0.005 -30"><span class='ocrx_word' id='word_1_528' title='bbox 186 4150 222 4208; x_wconf 93' lang='lat' dir='ltr'>et</span> <span class='ocrx_word' id='word_1_529' title='bbox 246 4158 336 4230; x_wconf 88' lang='lat' dir='ltr'>quae</span> <span class='ocrx_word' id='word_1_530' title='bbox 359 4161 433 4207; x_wconf 86' lang='lat' dir='ltr'>nou</span> <span class='ocrx_word' id='word_1_531' title='bbox 460 4151 585 4219; x_wconf 87' lang='lat' dir='ltr'>norat,</span> <span class='ocrx_word' id='word_1_532' title='bbox 619 4160 694 4207; x_wconf 88' lang='lat' dir='ltr'>non</span> <span class='ocrx_word' id='word_1_533' title='bbox 718 4137 855 4209; x_wconf 91' lang='lat' dir='ltr'>destitit</span> <span class='ocrx_word' id='word_1_534' title='bbox 879 4139 1069 4235; x_wconf 85' lang='lat' dir='ltr'>inquirere.</span> <span class='ocrx_word' id='word_1_535' title='bbox 1131 4140 1173 4212; x_wconf 88' lang='lat' dir='ltr'>ln</span> <span class='ocrx_word' id='word_1_536' title='bbox 1226 4143 1301 4213; x_wconf 89' lang='lat' dir='ltr'>lum</span> <span class='ocrx_word' id='word_1_537' title='bbox 1331 4165 1493 4213; x_wconf 87' lang='lat' dir='ltr'>reversus</span> <span class='ocrx_word' id='word_1_538' title='bbox 1525 4144 1562 4211; x_wconf 92' lang='lat' dir='ltr'>in</span> <span class='ocrx_word' id='word_1_539' title='bbox 1585 4140 1728 4224; x_wconf 82' lang='lat' dir='ltr'>Asiam,</span> <span class='ocrx_word' id='word_1_540' title='bbox 1764 4167 1843 4213; x_wconf 91' lang='lat' dir='ltr'>cum</span> <span class='ocrx_word' id='word_1_541' title='bbox 1863 4144 1991 4217; x_wconf 79' lang='lat' dir='ltr'>fratris</span> <span class='ocrx_word' id='word_1_542' title='bbox 2022 4156 2209 4218; x_wconf 77' lang='lat' dir='ltr'>uxoremst</span> 
     </span>
     <span class='ocr_line' id='line_1_40' title="bbox 188 4239 2209 4344; baseline 0.004 -38"><span class='ocrx_word' id='word_1_543' title='bbox 188 4239 348 4308; x_wconf 90' lang='lat' dir='ltr'>obscuris</span> <span class='ocrx_word' id='word_1_544' title='bbox 373 4251 492 4308; x_wconf 86' lang='lat' dir='ltr'>autem</span> <span class='ocrx_word' id='word_1_545' title='bbox 514 4240 637 4323; x_wconf 88' lang='lat' dir='ltr'>rebus,</span> <span class='ocrx_word' id='word_1_546' title='bbox 669 4240 755 4333; x_wconf 91' lang='lat' dir='ltr'>quid</span> <span class='ocrx_word' id='word_1_547' title='bbox 782 4240 910 4311; x_wconf 89' lang='lat' dir='ltr'>melius</span> <span class='ocrx_word' id='word_1_548' title='bbox 932 4258 995 4314; x_wconf 90' lang='lat' dir='ltr'>aut</span> <span class='ocrx_word' id='word_1_549' title='bbox 1019 4246 1174 4315; x_wconf 91' lang='lat' dir='ltr'>deterius</span> <span class='ocrx_word' id='word_1_550' title='bbox 1226 4245 1332 4314; x_wconf 88' lang='lat' dir='ltr'>bliam</span> <span class='ocrx_word' id='word_1_551' title='bbox 1359 4260 1513 4329; x_wconf 90' lang='lat' dir='ltr'>amaret,</span> <span class='ocrx_word' id='word_1_552' title='bbox 1551 4247 1695 4317; x_wconf 85' lang='lat' dir='ltr'>fratrem</span> <span class='ocrx_word' id='word_1_553' title='bbox 1729 4245 1920 4318; x_wconf 85' lang='lat' dir='ltr'>interfecit.</span> <span class='ocrx_word' id='word_1_554' title='bbox 1983 4245 2150 4344; x_wconf 84' lang='lat' dir='ltr'>Sequuta</span> <span class='ocrx_word' id='word_1_555' title='bbox 2169 4256 2209 4315; x_wconf 78' lang='lat' dir='ltr'>et</span> 
     </span>
     <span class='ocr_line' id='line_1_41' title="bbox 189 4340 2208 4439; baseline 0.008 -32"><span class='ocrx_word' id='word_1_556' title='bbox 189 4352 296 4424; x_wconf 89' lang='lat' dir='ltr'>esset,</span> <span class='ocrx_word' id='word_1_557' title='bbox 335 4340 497 4413; x_wconf 89' lang='lat' dir='ltr'>omnium</span> <span class='ocrx_word' id='word_1_558' title='bbox 523 4341 675 4411; x_wconf 79' lang='lat' dir='ltr'>maxime</span> <span class='ocrx_word' id='word_1_559' title='bbox 697 4342 953 4433; x_wconf 90' lang='lat' dir='ltr'>prospiciebat,</span> <span class='ocrx_word' id='word_1_560' title='bbox 995 4359 1030 4416; x_wconf 90' lang='lat' dir='ltr'>et</span> <span class='ocrx_word' id='word_1_561' title='bbox 1062 4360 1103 4417; x_wconf 91' lang='lat' dir='ltr'>ut</span> <span class='ocrx_word' id='word_1_562' title='bbox 1135 4348 1173 4416; x_wconf 90' lang='lat' dir='ltr'>in</span> <span class='ocrx_word' id='word_1_563' title='bbox 1225 4347 1335 4438; x_wconf 90' lang='lat' dir='ltr'>igitur</span> <span class='ocrx_word' id='word_1_564' title='bbox 1362 4371 1476 4439; x_wconf 91' lang='lat' dir='ltr'>poena</span> <span class='ocrx_word' id='word_1_565' title='bbox 1508 4348 1658 4419; x_wconf 89' lang='lat' dir='ltr'>incestas</span> <span class='ocrx_word' id='word_1_566' title='bbox 1691 4348 1860 4418; x_wconf 88' lang='lat' dir='ltr'>libidines</span> <span class='ocrx_word' id='word_1_567' title='bbox 1891 4363 1929 4421; x_wconf 91' lang='lat' dir='ltr'>et</span> <span class='ocrx_word' id='word_1_568' title='bbox 1961 4353 2208 4429; x_wconf 68' lang='lat' dir='ltr'>crudelitato,</span> 
     </span>
     <span class='ocr_line' id='line_1_42' title="bbox 190 4439 2208 4550; baseline 0.007 -42"><span class='ocrx_word' id='word_1_569' title='bbox 190 4461 327 4509; x_wconf 90' lang='lat' dir='ltr'>summa</span> <span class='ocrx_word' id='word_1_570' title='bbox 343 4440 476 4525; x_wconf 88' lang='lat' dir='ltr'>dicam,</span> <span class='ocrx_word' id='word_1_571' title='bbox 501 4439 656 4514; x_wconf 90' lang='lat' dir='ltr'>Naturae</span> <span class='ocrx_word' id='word_1_572' title='bbox 672 4444 809 4537; x_wconf 80' lang='lat' dir='ltr'>viribus</span> <span class='ocrx_word' id='word_1_573' title='bbox 825 4457 859 4515; x_wconf 91' lang='lat' dir='ltr'>et</span> <span class='ocrx_word' id='word_1_574' title='bbox 883 4447 1067 4517; x_wconf 88' lang='lat' dir='ltr'>celerrima</span> <span class='ocrx_word' id='word_1_575' title='bbox 1084 4451 1176 4519; x_wconf 88' lang='lat' dir='ltr'>deli·</span> <span class='ocrx_word' id='word_1_576' title='bbox 1226 4451 1322 4520; x_wconf 91' lang='lat' dir='ltr'>iuxta</span> <span class='ocrx_word' id='word_1_577' title='bbox 1345 4451 1486 4520; x_wconf 88' lang='lat' dir='ltr'>divinas</span> <span class='ocrx_word' id='word_1_578' title='bbox 1508 4452 1665 4539; x_wconf 89' lang='lat' dir='ltr'>regulas:</span> <span class='ocrx_word' id='word_1_579' title='bbox 1700 4446 1833 4520; x_wconf 89' lang='lat' dir='ltr'>Omnis</span> <span class='ocrx_word' id='word_1_580' title='bbox 1850 4451 1996 4539; x_wconf 91' lang='lat' dir='ltr'>anima,</span> <span class='ocrx_word' id='word_1_581' title='bbox 2026 4477 2122 4550; x_wconf 82' lang='lat' dir='ltr'>qnae</span> <span class='ocrx_word' id='word_1_582' title='bbox 2136 4453 2208 4523; x_wconf 85' lang='lat' dir='ltr'>iect-</span> 
     </span>
     <span class='ocr_line' id='line_1_43' title="bbox 187 4540 2208 4643; baseline 0.006 -30"><span class='ocrx_word' id='word_1_583' title='bbox 187 4540 374 4615; x_wconf 86' lang='lat' dir='ltr'>beratione</span> <span class='ocrx_word' id='word_1_584' title='bbox 395 4543 528 4634; x_wconf 91' lang='lat' dir='ltr'>optima</span> <span class='ocrx_word' id='word_1_585' title='bbox 553 4545 589 4615; x_wconf 88' lang='lat' dir='ltr'>id</span> <span class='ocrx_word' id='word_1_586' title='bbox 613 4545 782 4634; x_wconf 89' lang='lat' dir='ltr'>eligebat,</span> <span class='ocrx_word' id='word_1_587' title='bbox 807 4548 905 4639; x_wconf 92' lang='lat' dir='ltr'>quod</span> <span class='ocrx_word' id='word_1_588' title='bbox 921 4551 1074 4621; x_wconf 86' lang='lat' dir='ltr'>maxime</span> <span class='ocrx_word' id='word_1_589' title='bbox 1090 4576 1174 4643; x_wconf 87' lang='lat' dir='ltr'>pro·</span> <span class='ocrx_word' id='word_1_590' title='bbox 1226 4553 1273 4623; x_wconf 90' lang='lat' dir='ltr'>rit</span> <span class='ocrx_word' id='word_1_591' title='bbox 1288 4546 1353 4623; x_wconf 90' lang='lat' dir='ltr'>has</span> <span class='ocrx_word' id='word_1_592' title='bbox 1367 4553 1671 4637; x_wconf 90' lang='lat' dir='ltr'>abominationes,</span> <span class='ocrx_word' id='word_1_593' title='bbox 1697 4552 1950 4630; x_wconf 86' lang='lat' dir='ltr'>eradicabitur,</span> <span class='ocrx_word' id='word_1_594' title='bbox 2010 4553 2122 4627; x_wconf 89' lang='lat' dir='ltr'>Item:</span> <span class='ocrx_word' id='word_1_595' title='bbox 2151 4551 2208 4642; x_wconf 69' lang='lat' dir='ltr'>Qo‘</span> 
     </span>
    </p>
   </div>
   <div class='ocr_carea' id='block_1_3' title="bbox 186 4643 2209 4753">
    <p class='ocr_par' dir='ltr' id='par_1_3' title="bbox 186 4643 2209 4753">
     <span class='ocr_line' id='line_1_44' title="bbox 186 4643 2209 4753; baseline 0.008 -42"><span class='ocrx_word' id='word_1_596' title='bbox 186 4643 348 4717; x_wconf 83' lang='lat' dir='ltr'>futurum</span> <span class='ocrx_word' id='word_1_597' title='bbox 363 4659 450 4720; x_wconf 87' lang='lat' dir='ltr'>erat.</span> <span class='ocrx_word' id='word_1_598' title='bbox 1225 4656 1385 4744; x_wconf 85' lang='lat' dir='ltr'>gladium</span> <span class='ocrx_word' id='word_1_599' title='bbox 1425 4656 1615 4745; x_wconf 88' lang='lat' dir='ltr'>acceperit,</span> <span class='ocrx_word' id='word_1_600' title='bbox 1654 4655 1774 4745; x_wconf 88' lang='lat' dir='ltr'>gladio</span> <span class='ocrx_word' id='word_1_601' title='bbox 1807 4655 1953 4746; x_wconf 83' lang='lat' dir='ltr'>peribit.</span> <span class='ocrx_word' id='word_1_602' title='bbox 2029 4655 2209 4753; x_wconf 64' lang='lat' dir='ltr'>Aliquam</span> 
     </span>
    </p>
   </div>
   <div class='ocr_carea' id='block_1_4' title="bbox 189 4745 2155 4946">
    <p class='ocr_par' dir='ltr' id='par_1_4' title="bbox 189 4745 2155 4946">
     <span class='ocr_line' id='line_1_45' title="bbox 289 4745 2155 4850; baseline 0.009 -34"><span class='ocrx_word' id='word_1_603' title='bbox 289 4745 407 4821; x_wconf 86' lang='lat' dir='ltr'>Tanta</span> <span class='ocrx_word' id='word_1_604' title='bbox 432 4771 512 4818; x_wconf 90' lang='lat' dir='ltr'>cum</span> <span class='ocrx_word' id='word_1_605' title='bbox 536 4747 645 4818; x_wconf 83' lang='lat' dir='ltr'>fuerit</span> <span class='ocrx_word' id='word_1_606' title='bbox 666 4747 857 4843; x_wconf 91' lang='lat' dir='ltr'>sapientia,</span> <span class='ocrx_word' id='word_1_607' title='bbox 883 4766 1017 4823; x_wconf 90' lang='lat' dir='ltr'>etcum</span> <span class='ocrx_word' id='word_1_608' title='bbox 1041 4753 1175 4847; x_wconf 89' lang='lat' dir='ltr'>optime</span> <span class='ocrx_word' id='word_1_609' title='bbox 1226 4758 1322 4827; x_wconf 91' lang='lat' dir='ltr'>enim</span> <span class='ocrx_word' id='word_1_610' title='bbox 1343 4771 1424 4850; x_wconf 89' lang='lat' dir='ltr'>post</span> <span class='ocrx_word' id='word_1_611' title='bbox 1443 4757 1576 4827; x_wconf 84' lang='lat' dir='ltr'>Xerxes</span> <span class='ocrx_word' id='word_1_612' title='bbox 1592 4760 1637 4828; x_wconf 88' lang='lat' dir='ltr'>ab</span> <span class='ocrx_word' id='word_1_613' title='bbox 1653 4758 1837 4830; x_wconf 89' lang='lat' dir='ltr'>Artabano</span> <span class='ocrx_word' id='word_1_614' title='bbox 1855 4758 2077 4833; x_wconf 78' lang='lat' dir='ltr'>interfectus</span> <span class='ocrx_word' id='word_1_615' title='bbox 2092 4774 2155 4832; x_wconf 86' lang='lat' dir='ltr'>est.</span> 
     </span>
     <span class='ocr_line' id='line_1_46' title="bbox 189 4846 1174 4946; baseline 0.013 -28"><span class='ocrx_word' id='word_1_616' title='bbox 189 4846 336 4919; x_wconf 89' lang='lat' dir='ltr'>meritus</span> <span class='ocrx_word' id='word_1_617' title='bbox 350 4862 460 4940; x_wconf 87' lang='lat' dir='ltr'>esset,</span> <span class='ocrx_word' id='word_1_618' title='bbox 486 4861 606 4920; x_wconf 90' lang='lat' dir='ltr'>tamen</span> <span class='ocrx_word' id='word_1_619' title='bbox 623 4873 665 4919; x_wconf 86' lang='lat' dir='ltr'>ex</span> <span class='ocrx_word' id='word_1_620' title='bbox 678 4861 752 4920; x_wconf 90' lang='lat' dir='ltr'>tota</span> <span class='ocrx_word' id='word_1_621' title='bbox 765 4847 916 4924; x_wconf 87' lang='lat' dir='ltr'>Graecia</span> <span class='ocrx_word' id='word_1_622' title='bbox 931 4856 1097 4946; x_wconf 89' lang='lat' dir='ltr'>expulsus</span> <span class='ocrx_word' id='word_1_623' title='bbox 1112 4871 1174 4930; x_wconf 89' lang='lat' dir='ltr'>est.</span> 
     </span>
    </p>
   </div>
   <div class='ocr_carea' id='block_1_5' title="bbox 190 4929 2185 5146">
    <p class='ocr_par' dir='ltr' id='par_1_5' title="bbox 190 4929 2185 5146">
     <span class='ocr_line' id='line_1_47' title="bbox 190 4929 2185 5040; baseline -0.002 -14"><span class='ocrx_word' id='word_1_624' title='bbox 190 4953 245 5026; x_wconf 82' lang='lat' dir='ltr'>Ae</span> <span class='ocrx_word' id='word_1_625' title='bbox 261 4950 414 5040; x_wconf 88' lang='lat' dir='ltr'>primum</span> <span class='ocrx_word' id='word_1_626' title='bbox 431 4951 463 5019; x_wconf 91' lang='lat' dir='ltr'>ei</span> <span class='ocrx_word' id='word_1_627' title='bbox 479 4951 708 5025; x_wconf 90' lang='lat' dir='ltr'>iniustaodia</span> <span class='ocrx_word' id='word_1_628' title='bbox 724 4950 1088 5028; x_wconf 87' lang='lat' dir='ltr'>Lacedaemoniorum</span> <span class='ocrx_word' id='word_1_629' title='bbox 1107 4984 1172 5028; x_wconf 89' lang='lat' dir='ltr'>no·</span> <span class='ocrx_word' id='word_1_630' title='bbox 1264 4929 1572 4999; x_wconf 60' lang='lat' dir='ltr'>Amww</span> <span class='ocrx_word' id='word_1_631' title='bbox 1599 4930 1947 5023; x_wconf 51' lang='lat' dir='ltr'>1⁴⁰”92‘m0&#39;W’52</span> <span class='ocrx_word' id='word_1_632' title='bbox 1984 4935 2185 5025; x_wconf 60' lang='lat' dir='ltr'>‘imm</span> 
     </span>
     <span class='ocr_line' id='line_1_48' title="bbox 191 5035 1908 5146; baseline 0 -25"><span class='ocrx_word' id='word_1_633' title='bbox 191 5066 352 5123; x_wconf 84' lang='lat' dir='ltr'>ruerunt.</span> <span class='ocrx_word' id='word_1_634' title='bbox 402 5049 528 5123; x_wconf 89' lang='lat' dir='ltr'>Postea</span> <span class='ocrx_word' id='word_1_635' title='bbox 557 5068 592 5125; x_wconf 90' lang='lat' dir='ltr'>et</span> <span class='ocrx_word' id='word_1_636' title='bbox 615 5057 711 5146; x_wconf 90' lang='lat' dir='ltr'>apud</span> <span class='ocrx_word' id='word_1_637' title='bbox 737 5052 831 5124; x_wconf 87' lang='lat' dir='ltr'>cives</span> <span class='ocrx_word' id='word_1_638' title='bbox 858 5060 1002 5131; x_wconf 65' lang='lat' dir='ltr'>acceuit</span> <span class='ocrx_word' id='word_1_639' title='bbox 1025 5060 1175 5143; x_wconf 88' lang='lat' dir='ltr'>invidia,</span> <span class='ocrx_word' id='word_1_640' title='bbox 1534 5050 1614 5103; x_wconf 57' lang='grc' dir='ltr'>*Μ’</span> <span class='ocrx_word' id='word_1_641' title='bbox 1635 5035 1908 5103; x_wconf 60' lang='lat' dir='ltr'>perimm-</span> 
     </span>
    </p>
   </div>
   <div class='ocr_carea' id='block_1_6' title="bbox 190 5150 2205 5463">
    <p class='ocr_par' dir='ltr' id='par_1_6' title="bbox 190 5150 2205 5463">
     <span class='ocr_line' id='line_1_49' title="bbox 190 5150 2205 5258; baseline 0.007 -37"><span class='ocrx_word' id='word_1_642' title='bbox 190 5151 274 5244; x_wconf 89' lang='lat' dir='ltr'>quia</span> <span class='ocrx_word' id='word_1_643' title='bbox 287 5152 407 5223; x_wconf 92' lang='lat' dir='ltr'>minus</span> <span class='ocrx_word' id='word_1_644' title='bbox 420 5155 577 5225; x_wconf 89' lang='lat' dir='ltr'>modeste</span> <span class='ocrx_word' id='word_1_645' title='bbox 590 5157 744 5229; x_wconf 80' lang='lat' dir='ltr'>vivebat.</span> <span class='ocrx_word' id='word_1_646' title='bbox 779 5150 881 5228; x_wconf 86' lang='lat' dir='ltr'>Exul</span> <span class='ocrx_word' id='word_1_647' title='bbox 894 5174 1012 5255; x_wconf 82' lang='lat' dir='ltr'>autem</span> <span class='ocrx_word' id='word_1_648' title='bbox 1026 5165 1072 5232; x_wconf 91' lang='lat' dir='ltr'>ad</span> <span class='ocrx_word' id='word_1_649' title='bbox 1087 5161 1176 5234; x_wconf 89' lang='lat' dir='ltr'>Per·</span> <span class='ocrx_word' id='word_1_650' title='bbox 1328 5158 1565 5234; x_wconf 73' lang='lat' dir='ltr'>Artaxerxen</span> <span class='ocrx_word' id='word_1_651' title='bbox 1588 5157 1864 5258; x_wconf 79' lang='lat' dir='ltr'>Longimauum</span> <span class='ocrx_word' id='word_1_652' title='bbox 1886 5187 2001 5256; x_wconf 88' lang='lat' dir='ltr'>supra</span> <span class='ocrx_word' id='word_1_653' title='bbox 2016 5167 2205 5241; x_wconf 83' lang='lat' dir='ltr'>diximusis</span> 
     </span>
     <span class='ocr_line' id='line_1_50' title="bbox 191 5254 2205 5356; baseline 0.011 -35"><span class='ocrx_word' id='word_1_654' title='bbox 191 5275 246 5322; x_wconf 85' lang='lat' dir='ltr'>aas</span> <span class='ocrx_word' id='word_1_655' title='bbox 270 5254 431 5337; x_wconf 88' lang='lat' dir='ltr'>accessit,</span> <span class='ocrx_word' id='word_1_656' title='bbox 472 5266 508 5326; x_wconf 89' lang='lat' dir='ltr'>et</span> <span class='ocrx_word' id='word_1_657' title='bbox 538 5257 703 5344; x_wconf 88' lang='lat' dir='ltr'>promisit</span> <span class='ocrx_word' id='word_1_658' title='bbox 728 5279 766 5327; x_wconf 91' lang='lat' dir='ltr'>se</span> <span class='ocrx_word' id='word_1_659' title='bbox 796 5259 923 5329; x_wconf 83' lang='lat' dir='ltr'>ducein</span> <span class='ocrx_word' id='word_1_660' title='bbox 949 5264 1026 5334; x_wconf 84' lang='lat' dir='ltr'>iore</span> <span class='ocrx_word' id='word_1_661' title='bbox 1050 5278 1175 5335; x_wconf 88' lang='lat' dir='ltr'>contra</span> <span class='ocrx_word' id='word_1_662' title='bbox 1225 5260 1378 5338; x_wconf 86' lang='lat' dir='ltr'>Oriente</span> <span class='ocrx_word' id='word_1_663' title='bbox 1393 5290 1541 5356; x_wconf 85' lang='lat' dir='ltr'>reguum</span> <span class='ocrx_word' id='word_1_664' title='bbox 1560 5268 1713 5338; x_wconf 87' lang='lat' dir='ltr'>tenuisse</span> <span class='ocrx_word' id='word_1_665' title='bbox 1735 5270 1882 5339; x_wconf 82' lang='lat' dir='ltr'>absente</span> <span class='ocrx_word' id='word_1_666' title='bbox 1906 5265 2045 5342; x_wconf 68' lang='lat' dir='ltr'>Xerxes</span> <span class='ocrx_word' id='word_1_667' title='bbox 2098 5267 2205 5344; x_wconf 70' lang='lat' dir='ltr'>Gneo</span> 
     </span>
     <span class='ocr_line' id='line_1_51' title="bbox 191 5348 2205 5463; baseline 0.013 -39"><span class='ocrx_word' id='word_1_668' title='bbox 191 5348 358 5430; x_wconf 85' lang='lat' dir='ltr'>Graecos.</span> <span class='ocrx_word' id='word_1_669' title='bbox 415 5352 507 5428; x_wconf 90' lang='lat' dir='ltr'>Cum</span> <span class='ocrx_word' id='word_1_670' title='bbox 529 5369 647 5429; x_wconf 89' lang='lat' dir='ltr'>autern</span> <span class='ocrx_word' id='word_1_671' title='bbox 667 5382 727 5431; x_wconf 88' lang='lat' dir='ltr'>rex</span> <span class='ocrx_word' id='word_1_672' title='bbox 749 5357 782 5428; x_wconf 92' lang='lat' dir='ltr'>ei</span> <span class='ocrx_word' id='word_1_673' title='bbox 799 5361 991 5436; x_wconf 87' lang='lat' dir='ltr'>exercitum</span> <span class='ocrx_word' id='word_1_674' title='bbox 1007 5378 1043 5437; x_wconf 92' lang='lat' dir='ltr'>et</span> <span class='ocrx_word' id='word_1_675' title='bbox 1065 5388 1173 5459; x_wconf 89' lang='lat' dir='ltr'>pecu·</span> <span class='ocrx_word' id='word_1_676' title='bbox 1224 5389 1307 5459; x_wconf 76' lang='lat' dir='ltr'>ergo</span> <span class='ocrx_word' id='word_1_677' title='bbox 1322 5382 1512 5443; x_wconf 91' lang='lat' dir='ltr'>numerant</span> <span class='ocrx_word' id='word_1_678' title='bbox 1527 5393 1608 5445; x_wconf 90' lang='lat' dir='ltr'>eum</span> <span class='ocrx_word' id='word_1_679' title='bbox 1619 5383 1698 5463; x_wconf 92' lang='lat' dir='ltr'>post</span> <span class='ocrx_word' id='word_1_680' title='bbox 1713 5367 1867 5446; x_wconf 85' lang='lat' dir='ltr'>Xerxen.</span> <span class='ocrx_word' id='word_1_681' title='bbox 1906 5364 2044 5447; x_wconf 83' lang='lat' dir='ltr'>Dictus</span> <span class='ocrx_word' id='word_1_682' title='bbox 2059 5373 2205 5449; x_wconf 68' lang='lat' dir='ltr'>ath·-</span> 
     </span>
    </p>
   </div>
   <div class='ocr_carea' id='block_1_7' title="bbox 0 0 2388 6036">
    <p class='ocr_par' dir='ltr' id='par_1_7' title="bbox 0 0 2388 6036">
     <span class='ocr_line' id='line_1_52' title="bbox 0 0 2388 6036; baseline 0 0"><span class='ocrx_word' id='word_1_683' title='bbox 0 0 2388 6036; x_wconf 95' lang='lat' dir='ltr'> </span> 
     </span>
    </p>
   </div>
  </div>
 </body>
</html>
