4680 6038
66 250 146 328 aas
550 193 1088 333 adunassemus
1121 253 1242 332 var.
1275 248 1627 334 entaosoau.
2032 253 2109 332 eso

67 426 250 520 aptissime
281 425 463 513 distincti,
492 441 528 499 et
555 444 736 503 menstrua
766 431 964 503 variatione
986 430 1061 503 Lu·
1113 454 1258 517 narum,
1283 443 1319 503 et
1334 444 1482 502 naturae
1498 429 1634 521 impetu
1651 441 1685 500 et
1700 424 1863 499 acumine
1877 427 2102 519 ingeniorum

66 554 153 615 nae,
179 531 294 624 deque
310 543 528 601 caeterarum
548 532 731 605 stellarum
752 548 834 606 ortu
856 537 985 626 cogitet
1006 549 1061 606 at·
1114 535 1351 627 penetrando,
1376 535 1479 627 plura
1499 533 1650 624 gignunt
1667 555 1708 602 ex
1725 553 1780 614 se,
1806 531 1960 624 plurima
1977 531 2046 602 alia
2060 555 2102 602 ex

64 655 138 727 que
154 655 302 714 occasu,
327 632 401 702 imo
421 650 463 705 ut
486 633 545 705 vix
566 637 726 707 attendat
741 632 813 733 ὅπη
833 631 967 735 ζόφος,
993 633 1061 733 ἥδε
1114 632 1170 706 his
1191 637 1375 708 elementis
1395 637 1598 729 procudunt
1616 660 1657 707 ac
1678 648 1882 709 contexunt.
1941 633 2101 705 Multum

65 731 141 830 ὅπη
159 726 255 831 ἠώς)
282 750 323 807 ut
345 737 440 827 apud
456 733 653 810 Homerum
672 739 823 824 dicitur,
849 744 946 836 quod
964 741 1060 813 mul·
1112 753 1231 810 tamen
1258 754 1299 811 ut
1328 739 1367 809 in
1390 739 1535 809 caeteris
1558 739 1692 810 artibus
1716 736 1899 827 diligentia
1923 750 1955 808 et
1980 736 2100 808 studio

65 837 113 911 tis
133 862 204 909 uso
227 839 336 911 venit.
386 834 465 909 Eut
489 864 609 911 causas
626 842 853 916 mediocriter
873 845 1057 934 intelligat,
1113 843 1218 914 etiam
1243 842 1436 914 mediocria
1465 841 1608 933 ingenia
1638 854 1772 911 navant
1800 854 1906 935 atque
1931 840 2100 925 efficiunt,

64 965 141 1011 nou
167 943 367 1012 consideret
393 954 512 1012 tamen
539 966 559 1013 e
584 947 716 1039 quibus
740 946 824 1017 illae
852 949 1058 1040 desumptae
1111 959 1146 1017 et
1159 947 1264 1038 louge
1276 946 1390 1016 maior
1405 958 1457 1016 est
1467 967 1636 1016 numerus
1647 956 1855 1014 naturarum
1864 943 2099 1014 mediocrium

64 1043 139 1117 siut
163 1044 343 1131 lontibus,
381 1044 554 1140 quibusve
576 1049 740 1120 nitantur
762 1064 868 1144 atque
893 1051 1058 1122 insistant
1110 1073 1218 1144 quam
1233 1048 1497 1130 excellentium,
1522 1071 1674 1142 quarum
1688 1069 1793 1140 opera
1810 1068 1928 1116 carere
1944 1070 2018 1117 uon
2035 1070 2101 1137 po·

63 1147 329 1233 fundamentis,
353 1161 389 1220 et
407 1171 454 1217 ιιι
471 1149 666 1238 ιιιιιιιίιιιι,
691 1177 781 1247 quse
803 1152 834 1223 si
856 1178 929 1225 non
950 1154 1057 1223 simul
1110 1165 1175 1225 test
1189 1154 1388 1224 com‘munis
1404 1152 1488 1224 vita.

63 1244 435 1342 comprehendantur,
467 1265 502 1322 et
523 1254 695 1324 mediocri
718 1248 782 1326 ceir
807 1258 1056 1329 communian·
1210 1255 1287 1327 lmo
1312 1256 1342 1326 si
1366 1255 1427 1349 qui
1449 1278 1523 1326 non
1545 1265 1641 1327 totos
1664 1275 1700 1322 se
1715 1247 1799 1322 huic
1817 1251 1936 1324 studio
1954 1252 2099 1337 dedeut,

64 1366 125 1424 tur
150 1352 455 1440 consideratione,
492 1355 672 1450 reliquum
696 1382 804 1428 omne
825 1359 1056 1455 quantumvis
1109 1350 1165 1426 his
1186 1357 1273 1452 ipsis
1293 1373 1413 1431 tamen
1428 1382 1502 1429 uon
1521 1379 1646 1451 parum
1662 1354 1853 1448 profuerit,
1879 1380 1959 1426 cum
1977 1357 2020 1425 ad
2039 1380 2100 1424 ex·

63 1476 195 1545 magm
224 1469 368 1550 partum
401 1457 684 1555 acquisitumquc
715 1462 837 1535 labore
871 1464 1056 1535 confestim
1109 1459 1251 1533 citanda
1272 1462 1460 1533 formanda
1485 1474 1519 1532 et
1540 1460 1697 1531 acuenda
1721 1457 1853 1527 iudicia
1878 1481 1918 1527 ac
1939 1453 2097 1529 methodi

63 1556 207 1632 excidit,
1108 1564 1184 1635 vias
1209 1567 1415 1651 discendas,
1447 1578 1525 1636 tum
1548 1565 1592 1633 ad
1618 1561 1866 1650 intelligendas
1887 1574 1979 1632 artes
1999 1561 2098 1646 alias,

169 1660 213 1733 lu
236 1656 293 1733 his
312 1663 414 1756 prius
433 1665 586 1757 experiri
608 1667 741 1758 ingenii
757 1669 851 1743 vires
863 1672 1056 1744 couvenie—
1108 1679 1143 1739 et
1158 1682 1323 1741 autorum
1338 1669 1487 1760 scripta,
1513 1665 1669 1740 exerceri
1686 1662 1949 1756 aliquantulum
1966 1663 2005 1733 io
2021 1659 2100 1735 Eu-

62 1764 124 1837 bat
135 1759 384 1859 scholasticos,
410 1792 518 1861 quam
534 1770 592 1840 vel
606 1771 763 1843 desidiae
776 1773 1055 1849 imbecillitatem
1108 1770 1232 1843 clideis
1249 1769 1465 1859 Elemeotis,
1490 1785 1525 1842 et
1546 1773 1593 1841 ad
1613 1779 1755 1860 argutos
1770 1790 1810 1836 ac
1825 1765 1941 1836 varios
1953 1766 2097 1838 ratioci-

61 1880 213 1941 naturae
232 1870 524 1967 praetenderent,
559 1875 616 1943 vel
636 1891 873 1969 quererentur
892 1882 937 1950 de
960 1881 1055 1952 dilli-
1108 1877 1294 1948 nationum
1314 1877 1461 1957 modos,
1493 1897 1647 1969 quorum
1670 1872 1710 1940 in
1733 1868 2097 1941 demonstrationibus

61 1970 206 2045 cultate.
255 1968 347 2042 Nam
364 1985 397 2043 ct
415 1998 479 2065 per
493 1997 531 2044 se
546 1975 810 2073 iniquissimum
825 1997 877 2055 est
891 2006 1055 2074 pronun·
1107 2003 1192 2052 usus
1206 1993 1277 2066 est,
1302 1976 1498 2050 adsueficri.

60 2073 158 2144 ciere
172 2072 379 2170 priusquam
395 2076 606 2168 inspexeris,
631 2096 664 2154 et
679 2097 833 2155 extrema
847 2084 986 2172 ignavia
1003 2102 1056 2160 est
1207 2081 1276 2155 His
1299 2083 1395 2152 euim
1419 2080 1457 2149 in
1480 2078 1671 2151 tractandis
1694 2076 1774 2146 aliis
1797 2077 1953 2146 materiis
1975 2075 2097 2168 appri-

60 2176 218 2249 abiioere
241 2201 282 2248 ac
303 2179 475 2250 damnare
498 2192 612 2251 totum
635 2185 812 2272 studium,
846 2188 1053 2284 priusquam
1105 2212 1164 2257 me
1192 2185 1420 2258 iuvabantur.
1487 2179 1749 2254 Elementarem
1781 2201 1865 2269 ergo
1895 2178 2096 2250 doctrinam

60 2278 113 2349 vel
127 2248 270 2351 leviter
289 2281 483 2371 degustatis
505 2284 690 2359 elementis
706 2287 904 2379 periculum
920 2294 1055 2380 feceris,
1105 2291 1322 2385 requirimus
1351 2289 1396 2358 ab
1419 2286 1604 2370 omnibus,
1636 2281 1758 2378 quiin
1781 2278 1912 2351 scholis
1936 2280 2096 2351 discendi

60 2396 93 2455 et
110 2381 229 2453 animi
252 2396 304 2455 est
324 2384 499 2455 mollicies
521 2386 671 2476 iniusta,
695 2386 790 2461 nihil
809 2393 942 2464 laboris
962 2397 1054 2468 velle
1104 2393 1215 2484 gratia
1236 2405 1433 2463 versantur.
1486 2386 1590 2458 Hanc
1612 2400 1653 2458 ut
1674 2384 1844 2456 mediocri
1862 2386 2004 2470 labore,
2030 2384 2096 2453 ad·

59 2483 256 2581 suscipere,
280 2480 374 2557 nihil
390 2489 546 2580 perferre
560 2492 802 2565 molestiarum
820 2497 858 2565 iu
874 2496 1054 2587 discendo,
1104 2496 1320 2569 suesactione
1348 2507 1382 2564 et
1406 2490 1654 2564 exercitatione
1678 2487 1846 2582 consequi
1870 2512 1911 2557 ac
1932 2511 2095 2579 compre·

60 2611 139 2659 com
162 2586 310 2685 quidem
326 2589 455 2661 militia
473 2595 645 2686 quaedam
661 2596 708 2668 sit
722 2599 857 2669 versari
871 2599 909 2669 in
926 2602 1052 2687 literis,
1105 2593 1264 2670 bendere
1284 2597 1480 2669 mediocres
1498 2615 1621 2663 omnes
1642 2607 1676 2665 et
1697 2614 1773 2661 non
1795 2613 1940 2682 prorsus
1960 2588 2095 2682 stupidi

58 2687 318 2785 ethespublica
332 2693 438 2765 uobis
450 2694 682 2768 maximarum
692 2723 811 2771 rerum
824 2726 943 2774 euram
954 2730 1053 2776 com·
1105 2718 1274 2796 possunt,
1307 2700 1359 2771 sic
1384 2724 1405 2770 a
1430 2697 1595 2793 plurimis
1618 2721 1695 2766 eam
1721 2693 1899 2784 ignorari,
1929 2706 1970 2763 ut
1990 2691 2093 2762 Plato

56 2794 256 2881 mendant,
281 2818 370 2890 quas
390 2797 483 2868 tueri
498 2797 576 2868 sine
589 2802 760 2874 acerrima
774 2805 885 2875 animi
902 2822 1052 2879 conten·
1102 2820 1197 2878 recte
1213 2804 1347 2889 statuit,
1373 2801 1618 2894 turpissimum
1633 2813 1694 2872 est.
1746 2795 2011 2868 Praestantihus
2029 2817 2093 2863 na·

55 2896 157 2967 done
178 2896 380 2992 nequimus.
432 2897 536 2971 Falso
559 2904 665 2975 etiam
690 2907 880 2980 difficultas
895 2910 1052 2982 elemen-
1103 2910 1212 2996 turis,
1236 2907 1368 3003 quibus
1392 2903 1584 2999 peculiaria
1607 2903 1811 2974 adiumenta
1827 2902 1872 2970 ad
1890 2901 2092 2971 instauran-

54 2998 194 3073 urium
212 2999 578 3077 demonstrationibus
594 3007 791 3100 affingitur,
816 3013 856 3082 in
872 3014 1003 3108 quibus
1016 3029 1052 3087 ct
1102 3016 1166 3083 das
1188 3013 1244 3083 vel
1269 3010 1492 3081 exornandas
1517 3002 1582 3076 has
1606 3020 1700 3077 artes
1722 3006 1822 3076 Deus
1842 3003 2010 3094 largitur,
2035 3024 2093 3071 rc·

53 3102 364 3175 commodissimus
379 3107 487 3192 ordo,
513 3133 584 3201 quo
600 3110 683 3182 illae
697 3114 792 3184 iuter
806 3138 880 3186 sese
898 3118 996 3188 velut
1010 3117 1049 3188 iu
1103 3116 1300 3210 linquimus
1329 3126 1364 3183 et
1394 3111 1685 3183 commendamus
1714 3121 1790 3179 tum
1816 3107 2090 3177 extruendarum

55 3200 207 3277 cathena
229 3205 357 3277 annuli
378 3232 558 3281 connexae
578 3213 833 3310 deuinctaeque
847 3213 1051 3306 cohaerent,
1102 3243 1145 3288 ex
1174 3213 1232 3287 hi's
1260 3216 1375 3285 initiis
1401 3227 1618 3284 caeterarum
1641 3210 1771 3283 artium
1798 3207 1994 3279 accuratius
2016 3218 2090 3275 stu-

53 3308 143 3379 adso
163 3320 210 3379 ut
230 3309 330 3379 nulla
343 3310 449 3381 eximi
466 3335 555 3404 pene
569 3312 639 3385 uisi
658 3329 729 3388 tota
747 3319 837 3390 serie
850 3320 1048 3413 interrupta
1101 3321 1220 3403 dium,
1254 3332 1331 3390 tum
1363 3315 1667 3387 observandomm
1697 3311 1835 3382 erudita
1865 3308 2092 3380 animadver-

53 3432 94 3480 ιι
114 3408 290 3483 ιιίιιοιιιιι
307 3410 437 3505 possit,
464 3427 498 3487 et
512 3416 749 3512 syllogisticae
765 3422 1049 3496 ratiocinationis
1101 3425 1202 3495 sione
1212 3435 1382 3491 motuum
1400 3418 1627 3496 coelestium,
1652 3427 1687 3486 at
1738 3412 2091 3484 eaccommodanda-

53 3511 234 3585 evidentis
255 3513 312 3587 vel
332 3538 353 3585 a
376 3516 500 3607 primis
521 3520 669 3591 ordiens
690 3523 893 3619 principiis,
925 3528 983 3598 vel
1002 3530 1046 3599 ad
1101 3552 1180 3599 rum
1194 3526 1272 3602 τοῖς
1287 3518 1527 3621 φαινομένοις
1538 3513 1602 3591 καὶ
1615 3538 1811 3616 τηρησεσιν
1826 3510 2091 3611 hypothesium,

53 3638 92 3685 ea
107 3638 187 3687 sese
201 3617 407 3703 revolvens,
433 3620 527 3693 levat
542 3622 719 3713 laborem,
744 3652 785 3700 ac
798 3629 951 3702 multum
966 3655 1048 3723 per·
1100 3645 1134 3701 et
1147 3629 1388 3701 ostendendae
1415 3618 1668 3720 hypothesium
1701 3624 1747 3692 ad
1768 3617 1980 3718 φαινόμενα
2002 3640 2090 3686 coo-

52 3718 253 3809 spicdstis
272 3720 393 3806 addit,
417 3726 624 3815 praesertim
644 3726 675 3798 si
697 3731 942 3803 consideretur
956 3758 1048 3828 quae
1100 3732 1283 3825 gruentiae
1292 3754 1413 3801 curam
1426 3726 1678 3819 impensiorem
1689 3739 1723 3797 et
1734 3723 1979 3795 difficiliorem.
2017 3718 2091 3789 Vos

51 3818 93 3889 in
124 3822 253 3915 quavis
282 3824 588 3900 demonstratione
617 3828 709 3904 καθ’
739 3826 926 3910 ὑπόθεσιν
948 3861 1047 3910 ιιιιι-
1099 3837 1256 3908 inventis
1277 3830 1334 3903 his
1354 3830 1547 3916 fruamini,
1572 3855 1611 3901 ac
1629 3827 1861 3899 memineritis
1873 3827 1954 3895 ideo
1970 3824 2007 3893 in
2026 3816 2092 3892 hac

52 3936 216 4011 mmtor,
238 3948 332 4021 quaa
350 3931 833 4027 ostendenda-proponantur
845 3939 1047 4030 praemissis
1099 3962 1163 4010 vos
1184 3938 1337 4009 statione
1361 3934 1668 4017 collocatos-esse,
1692 3944 1733 4003 ut
1749 3929 1947 4001 doctrinam
1964 3926 2089 3995 utilem

51 4048 94 4094 sc
109 4029 602 4125 eeusonccssisquibusdam,
625 4038 1047 4136 deniqucexquibusde-
1099 4042 1220 4133 generi
1243 4035 1402 4110 humano
1419 4037 1571 4107 dicendo
1589 4035 1829 4125 discendoque
1845 4029 2029 4111 excolatis,
2055 4039 2089 4096 et

51 4127 207 4201 domtus
220 4144 258 4202 et
272 4133 483 4206 conficiatur
495 4129 681 4221 ἀπόδειξις
697 4144 902 4236 principiis,
925 4160 960 4218 et
975 4170 1046 4240 quo
1099 4169 1181 4216 cum
1203 4169 1223 4215 a
1246 4141 1440 4213 maioribus
1465 4152 1625 4230 accepta,
1651 4151 1726 4208 tum
1741 4149 1840 4227 parta
1858 4157 1877 4203 a
1896 4131 2089 4201 vobismet-

48 4232 302 4323 progredistur
317 4237 457 4311 ordine.
505 4236 704 4313 Elemeotis
719 4270 803 4316 veru
820 4246 1048 4320 mediocriter
1099 4248 1187 4340 ipsis
1219 4246 1358 4318 tradere
1388 4240 1540 4337 posteris
1569 4237 1804 4324 annitamini,
1849 4259 1890 4306 ac
1918 4231 1995 4306 Deo
2026 4253 2089 4302 vos

49 4336 247 4427 perceptis,
271 4339 422 4432 quaein
444 4340 595 4436 reliquis
614 4346 751 4417 artibus
774 4349 862 4419 inde
875 4365 1047 4442 petuntur
1099 4347 1169 4422 hoc
1198 4349 1304 4421 officii
1333 4349 1480 4430 debere,
1511 4357 1553 4415 ιιι
1579 4342 1687 4413 solidi
1716 4339 1852 4434 aliquid
1878 4363 1918 4409 ac
1942 4334 2088 4429 perlecti

49 4448 83 4507 ct
104 4439 402 4524 meditemur,
427 4444 750 4527 demonstrationes
767 4454 858 4522 adeo
881 4476 918 4522 sc
935 4467 969 4524 et
984 4479 1046 4525 co-
1099 4452 1268 4547 expetatis
1297 4452 1337 4521 in
1366 4445 1558 4529 doctrinis,
1589 4446 1686 4542 quod
1721 4442 1833 4536 prosit
1853 4438 2033 4513 Ecclesiae
2055 4452 2090 4508 et

48 4538 152 4628 quites
170 4540 292 4613 isciles
309 4555 346 4614 et
357 4545 548 4637 explicatas
564 4552 753 4642 praebent,
774 4568 815 4625 ut
829 4555 1045 4630 dulcescant.
1096 4556 1350 4649 Reipublicae,
1373 4575 1449 4622 non
1462 4550 1611 4649 capteq's
1627 4547 1795 4619 evanidas
1811 4546 1957 4617 umbras
1975 4540 2089 4632 turpis

51 4638 283 4733 lnqenioru'm
296 4647 625 4722 dissimilitudinem
641 4676 715 4723 noo
728 4678 875 4747 parvam
888 4680 962 4729 esse
976 4660 1045 4730 sci·
1098 4660 1210 4744 lucri,
1242 4671 1302 4730 aut
1333 4657 1461 4727 stultae
1493 4651 1742 4722 ostentationis
1773 4672 1894 4734 causa,
1928 4669 2018 4740 quae
2049 4657 2088 4713 ut

48 4766 138 4817 mus
197 4742 407 4835 Generosae,
429 4766 466 4823 et
494 4747 659 4826 heroicae
685 4771 854 4843 naturae,
885 4785 977 4855 quae
1000 4765 1045 4834 ad
1097 4777 1180 4833 sunt
1213 4763 1311 4831 velut
1342 4752 1443 4831 σκίαι
1470 4754 1512 4829 ἐν
1533 4751 1648 4827 ὕδασι
1670 4748 1734 4826 καὶ
1754 4740 2088 4847 ἂμφισβηιήσιμον

48 4844 127 4917 illas
145 4870 306 4920 summas
328 4867 420 4922 artes
439 4855 566 4928 divino
580 4859 703 4954 aliquo
719 4862 841 4933 afflatu
857 4876 892 4934 et
907 4863 1046 4938 beosa
1097 4864 1211 4960 ὄναρ,
1238 4864 1287 4934 ita
1302 4860 1472 4953 depositis
1488 4858 1591 4928 libris
1607 4857 1759 4927 effluunt
1776 4878 1819 4924 ex
1836 4852 1966 4923 animis
1982 4863 2089 4942 atque

48 4954 199 5047 σεισμῷ
216 4954 427 5045 rapiuntur,
446 4971 488 5026 ιιι
510 4960 652 5032 avidius
669 4958 756 5034 haec
774 4979 968 5054 appetunt,
994 4970 1045 5040 sic
1096 4968 1251 5041 avolant.
1278 4996 1281 5001 '
1302 4962 1542 5036 Memineritis
1557 4961 1664 5031 etiam
1678 4954 1926 5028 fortitudinem
1941 4949 1998 5023 his
2011 4969 2088 5022 stu-

47 5053 226 5147 ιπῖβῖιιΰι
248 5046 406 5143 stellius,
440 5061 588 5151 perinde
608 5078 649 5135 ut
670 5060 728 5152 hi,
760 5070 832 5162 qni·
848 5082 975 5140 natura
998 5074 1041 5141 ad
1096 5071 1166 5141 diis
1188 5069 1473 5159 coniungendam
1493 5086 1586 5149 esse,
1611 5085 1702 5157 quae
1719 5085 1780 5154 per
1796 5054 2090 5130 obviasdifficul-

25 5156 276 5228 ἰιιιικιιιιιιιι
300 5184 444 5231 carmus
468 5164 669 5253 ducuntur,
690 5170 812 5242 'citius
825 5172 1044 5268 syllabarum
1095 5186 1184 5245 tates
1206 5172 1264 5242 via
1286 5171 1323 5240 vi
1347 5172 1439 5241 lacta
1459 5180 1667 5260 perrumpat
1681 5178 1787 5259 atque
1805 5164 1998 5245 eluctetur,
2023 5182 2113 5235 nec.

47 5260 228 5353 etpsdum
240 5285 426 5335 mensuras
440 5266 653 5359 percipiunt.
723 5310 728 5319 ·
1096 5277 1328 5346 obfirmatos
1355 5271 1495 5343 animos
1525 5283 1662 5340 vestros
1689 5269 1784 5339 sinat
1804 5266 1861 5335 vel
1885 5261 2017 5334 inllecti
2042 5263 2089 5331 ad

144 5358 232 5435 Nou
262 5379 381 5436 autam
406 5366 446 5437 in
477 5363 535 5438 his
557 5366 728 5445 resistunt
750 5364 883 5465 ihitiis,
917 5378 978 5449 sed
1003 5380 1044 5449 in
1095 5379 1285 5471 segniciem
1316 5390 1424 5471 atque
1452 5373 1672 5454 socordiam,
1711 5371 1769 5442 vel
1795 5367 1913 5458 frangi
1945 5384 2090 5457 prorsus

47 5461 265 5537 abuma
292 5468 478 5565 magisque
505 5474 692 5549 recondita
720 5470 851 5553 hamm
880 5480 1045 5576 discipli·
1067 5542 1073 5565 ,
1095 5479 1406 5555 adversationibus
1435 5471 1722 5574 hypocritarum,
1765 5484 1829 5545 aut
1859 5466 1999 5545 turbari
2031 5489 2092 5537 ca·
