4680 6038
161 204 285 300 iuss·
721 203 749 276 1.
799 198 1089 277 CHRONICON
1113 197 1360 276 camonis,
1412 199 1538 278 PARS
1566 202 1612 274 ll.
2079 208 2176 283 1094

158 374 234 443 sine
254 385 412 465 peccato,
445 396 510 442 nec
532 385 638 443 ruunt
664 387 759 445 extra
777 375 887 464 legem
904 371 981 444 Dei.
1034 372 1140 456 sitio,
1292 368 1470 462 Tempore
1501 370 1619 443 irenes
1650 371 1815 467 Synodus
1850 399 1938 468 quae
1967 377 2174 448 nominatur

158 475 292 568 inquit,
323 476 419 567 quod
446 474 551 565 primi
574 477 703 564 gradus
727 488 790 550 est.
840 475 997 546 Secundi
1011 477 1141 566 gradus
1191 471 1349 563 Septima
1366 470 1624 568 οἶκουμηνικὴ,
1653 475 1690 543 in
1717 478 1841 547 urbem
1859 476 2000 548 Niceam
2020 480 2172 549 transla-

158 590 240 646 sunt
263 574 402 646 dolores
426 575 464 644 in
490 577 703 646 laceratione
728 578 895 666 corporis.
947 574 1021 647 Nec
1044 576 1138 648 enim
1190 587 1224 643 ta
1242 588 1309 657 est,
1336 599 1424 667 quae
1445 579 1622 647 decretum
1643 576 1727 647 lecit
1747 580 1791 647 de
1812 578 1937 649 statuis
1955 594 1988 651 et
2005 580 2171 671 imagini·

159 679 423 767 imaginandum
436 690 496 759 est,
517 673 699 748 Christum
715 678 821 747 fuisse
837 678 1034 768 scopulum,
1058 701 1138 747 cuin
1191 677 1257 744 bus
1273 678 1508 751 restituendis.
1558 675 1613 747 De
1637 701 1705 772 qua
1730 681 1968 751 controversia
1984 706 2056 751 non
2075 684 2169 750 addo

157 780 302 871 quidem
326 777 400 868 ipse
422 780 531 848 dicat:
559 777 688 850 Tristis
710 791 760 849 est
783 781 900 848 anima
923 803 999 849 mca
1027 802 1140 871 usque
1191 776 1476 867 disputationem.
1528 778 1600 851 Sed
1620 780 1921 852 manifestumest
1936 786 2071 855 cultum
2088 783 2170 851 ido·

156 883 201 949 ad
224 893 385 951 mortem.
439 877 486 950 lit
509 880 610 949 nervi
635 880 760 950 ordine
780 894 925 951 naturae
939 880 1139 949 sentiebant
1190 879 1304 947 lorum
1322 880 1538 951 cumulatum
1555 904 1628 949 esse
1642 882 1779 955 statuis.

156 980 442 1054 dedisslcllossem.
500 980 560 1051 sic
589 996 622 1051 el
653 1006 715 1051 cor
739 983 866 1052 ordine
889 995 1033 1052 Baiurae
1062 980 1138 1050 sine
1289 994 1505 1086 Fuitpipini
1528 1000 1746 1090 [emporibus
1761 1001 1799 1069 in
1814 998 2007 1073 Germania
2020 1001 2169 1073 Bonifa-

157 1095 299 1173 peccato
313 1082 485 1154 sentiebat
502 1083 790 1157 destructionem.
1188 1097 1280 1177 cius,
1312 1097 1413 1167 cuius
1431 1095 1614 1190 Epistolae
1635 1113 1772 1181 extant,
1798 1127 1888 1195 quae
1911 1104 2066 1175 ostendit
2087 1126 2169 1173 eum

1187 1198 1225 1265 in
1248 1197 1421 1287 'l'uringia
1445 1214 1479 1269 et
1503 1202 1630 1271 vicinis
1660 1202 1745 1271 locis
1776 1206 1906 1275 multos
1928 1201 2169 1275 Ecclesiarum

155 1338 199 1405 ad
222 1336 376 1404 animam
400 1360 541 1429 quoque
569 1348 772 1428 peneum,
804 1336 894 1408 ,iem
915 1338 1017 1407 dicit:
1055 1335 1136 1405 Non
1187 1301 1317 1368 abusus
1339 1303 1526 1372 emendare
1550 1316 1714 1371 conatum
1738 1327 1827 1372 esse:
1859 1305 2168 1393 Queiiturcrehra

154 1438 245 1508 sicut
278 1459 341 1525 ego
373 1438 465 1506 volo·
522 1435 594 1506 Nec
625 1451 706 1508 sum
733 1450 889 1528 peccata,
913 1441 971 1506 sed
999 1452 1134 1507 ,amum
1188 1424 1260 1469 csse
1276 1401 1449 1472 adulteria
1473 1407 1710 1487 sacerdotum,
1742 1419 1775 1475 et
1798 1429 1945 1494 poenam
1968 1407 2082 1476 sancit
2105 1408 2169 1473 de·

155 1536 330 1608 cruciatus
361 1538 526 1627 patientis
552 1533 702 1623 Christi,
732 1539 820 1608 sicut
850 1540 925 1630 ipsa
955 1563 1069 1624 mors,
1103 1554 1135 1609 et
1188 1496 1379 1593 prehensffi
1421 1527 1591 1574 carcerem
1622 1506 1728 1575 ”⁰5⁰⁸
1760 1508 1857 1574 anui·
1914 1504 2104 1578 P¹⁰hib¹¹it
2133 1520 2168 1574 ⁰²

1186 1598 1326 1672 ethnica
1341 1604 1526 1685 sacrificia,
1553 1620 1591 1678 ut
1608 1607 1681 1697 ipse
1695 1609 1872 1689 nominat,
1898 1632 1988 1702 quae
2003 1609 2168 1678 dicebant

1184 1728 1221 1775 se
1250 1705 1379 1776 sanctis
1405 1706 1526 1776 iacere.
1585 1704 1758 1777 Existimo
1790 1709 1971 1780 barbarica
2003 1708 2167 1780 convivia

1184 1806 1301 1878 luisse.
1367 1802 1557 1879 Prohibuit
1585 1825 1618 1880 et
1650 1809 1805 1897 blagica,
1849 1835 2000 1902 quoium
2034 1811 2167 1902 ubique

1183 1910 1276 1999 apud
1312 1901 1485 1978 Ethiiicos
1524 1908 1673 2000 magmis
1708 1933 1791 1978 usus
1821 1912 1898 1982 fuit.
1960 1910 2093 1981 Scribit
2121 1912 2166 1977 ad
2226 1932 2230 1937 ·

153 2059 270 2113 tamen
295 2046 458 2114 voluntas
474 2038 626 2115 humana
649 2044 687 2113 in
704 2047 821 2115 anima
848 2041 979 2117 Christi
1006 2048 1134 2117 retinet
1184 2003 1374 2125 ‘inglicum
1398 2031 1531 2098 “Semi
1557 2035 1660 2129 ‘Nem
1683 2011 1845 2128 &iurgii
1866 2026 2011 2104 propter
2029 2012 2167 2127 ³d¹¹l¹²j

151 2147 350 2216 firmitatem
373 2146 564 2237 Ρωρωῃῑ,
590 2161 625 2217 et
648 2171 685 2218 ,e
702 2150 747 2217 ,d
761 2146 999 2218 obedientiam
1015 2148 1131 2219 offen·
1184 2134 1248 2183 ria.
1286 2109 1452 2228 ,Gentem
1473 2111 1680 2231 Saponicam
1704 2125 2012 2205 etiamantequam
2030 2113 2167 2182 audivit

152 2244 233 2316 Non
255 2260 296 2316 ut
318 2268 381 2334 ego
405 2250 504 2330 voro,
530 2251 789 2320 gemmis·
843 2248 1027 2319 hamane,
1051 2245 1133 2318 har·
1184 2213 1380 2281 doctrinam
1396 2207 1592 2298 Ecclesiae,
1618 2215 1705 2284 adeo
1731 2214 1935 2284 detestatam
1958 2237 2031 2282 esse
2044 2227 2166 2302 stupra

151 2349 271 2417 monia
296 2362 329 2417 ei
360 2349 588 2437 congruenti,
619 2374 699 2421 cum
727 2347 814 2420 Deo·
871 2348 1131 2421 Teffimoffium
1185 2324 1220 2382 et
1235 2313 1430 2397 adulteria,
1463 2330 1503 2384 ut
1517 2328 1710 2405 strupratas
1725 2327 1758 2383 et
1773 2315 1950 2385 adulteras
1967 2313 2166 2401 strangula-

153 2473 236 2518 vero
258 2452 302 2518 de
324 2451 524 2531 voluntate,
555 2474 645 2544 quae
668 2465 720 2522 est
745 2453 885 2544 propria
909 2452 1051 2521 divinae
1068 2476 1132 2520 na·
1185 2427 1237 2484 ⁸³⁸
1251 2415 1380 2483 deinde
1396 2416 1640 2487 “mavelim
1694 2410 1745 2484 Ac
1762 2438 1867 2506 ⁸¹¹P1‘a
1894 2438 1998 2504 ‘⁰8⁰⁸
2019 2436 2166 2504 8118Ρθῑῑ·

152 2565 251 2620 ium
275 2551 312 2618 5„
336 2546 497 2634 Chrislo,
529 2552 672 2622 firmum
699 2567 765 2625 est:
807 2553 920 2624 Nemo
947 2553 1047 2624 novit
1069 2576 1133 2643 pa·
1183 2537 1241 2584 sos
1264 2529 1298 2586 et
1315 2517 1487 2587 ustulatus
1508 2540 1581 2586 esse
1605 2528 1821 2607 stupratores
1837 2529 1871 2586 et
1892 2512 2073 2596 moechos,
2099 2519 2165 2583 do-

1095 2649 1105 2676 i
1184 2638 1249 2685 nec
1266 2631 1498 2688 morerentur.
1551 2616 1648 2687 Haec
1669 2620 1834 2688 severitas
1851 2619 1889 2686 in
1905 2618 2029 2708 poenis
2051 2615 2166 2703 stupri

152 2666 254 2735 trem,
281 2651 477 2732 iiisiiilius‚
502 2654 992 2729 etcuivultrevclarelilius.
1019 2646 1133 2726 dine
1381 2718 1403 2734 ..
1454 2718 1463 2735 .
1695 2718 1704 2734 .

150 2744 329 2845 βούληῖω
351 2747 371 2822 5
394 2750 473 2833 υἱὸς
492 2749 742 2850 ἀποκαλύψαι.
797 2755 836 2826 ld
854 2758 943 2828 vene
962 2773 1013 2827 m
1029 2772 1132 2827 nam·
1182 2730 1218 2788 et
1239 2718 1403 2788 adulterii
1427 2719 1534 2837 digna
1556 2742 1727 2837 memoria
1746 2733 1816 2802 est,
1842 2733 1876 2789 et
1888 2720 2083 2809 optandum
2104 2731 2165 2797 est,

1183 2832 1222 2889 ut
1249 2819 1516 2890 commonefacti
1548 2833 1771 2909 magistratus
1792 2815 1860 2889 hoc
1888 2821 2067 2908 exemplo,
2099 2812 2166 2886 hac

152 2877 211 2921 rae
233 2854 395 2942 divinae,
425 2880 514 2947 quac
537 2881 616 2927 cuin
640 2873 739 2947 patre
756 2872 790 2928 et
813 2857 911 2948 eligit
926 2856 1132 2942 Ecclesiam,
1154 2900 1158 2941 i
1185 2920 1193 2937 ,

150 2968 183 3021 et
197 2967 247 3023 est
270 2955 307 3022 in
331 2979 368 3024 ea
392 2957 521 3026 efficax.
572 2956 771 3048 Diligenter
791 2974 907 3029 autem
925 2974 961 3029 ct
977 2962 1024 3031 ob
1041 2954 1132 3028 hanc

257 1232 307 1302 Hi
331 1235 471 1304 dolores
495 1258 687 1304 nervorum
712 1246 745 1304 et
767 1235 883 1304 cordis
907 1234 1136 1327 aliquomodo

154 1642 414 1709 concurrebant
435 1644 477 1707 ad
503 1663 691 1709 nervorum
717 1655 750 1709 et
774 1643 889 1710 cordis
912 1665 1053 1710 sensum
1072 1641 1134 1709 alii

154 1741 294 1809 dolores
312 1741 349 1808 iii
365 1735 526 1824 Christo,
553 1741 614 1833 qui
628 1742 782 1810 animam
798 1741 986 1826 feriebant,
1012 1766 1134 1812 sensns

153 1842 225 1909 irae
249 1840 315 1910 Dei
340 1842 506 1911 adversus
533 1856 668 1933 peccata
685 1846 822 1932 generis
845 1838 1011 1926 humani,
1037 1846 1132 1914 iuxta

154 1944 301 2012 dictum:
330 1941 537 2034 iniquitates
554 1967 674 2014 eorum
692 1945 765 2035 ipse
783 1945 956 2035 portabat.
997 1943 1132 2015 interca

1183 3021 1245 3112 qui
1269 3021 1361 3111 leges
1380 3021 1546 3091 castitatis
1566 3020 1729 3103 tradidit,
1759 3035 1794 3090 et
1810 3043 1929 3090 earum
1944 3022 2060 3109 legum
2078 3043 2164 3089 con-

1182 3135 1353 3214 temptum
1376 3118 1598 3193 horribiliter
1616 3121 1737 3212 punit,
1762 3134 1803 3192 ut
1826 3145 1940 3213 poena
1960 3118 2110 3191 Davidis
2130 3132 2164 3190 et

1181 3222 1249 3292 alia
1265 3226 1421 3314 exempla
1438 3223 1596 3293 omniurn
1614 3238 1810 3314 temporum
1826 3225 2030 3298 ostendunt.
2063 3221 2164 3292 'l'an-

1182 3327 1263 3394 dein
1286 3323 1509 3396 Bonifatium
1533 3351 1553 3394 a
1575 3322 1710 3419 Frysiis
1730 3325 1883 3394 occisum
1898 3348 1971 3395 esse
1984 3324 2164 3395 scribitur.

249 3422 347 3494 Haec
368 3425 522 3496 breviter
537 3429 656 3519 attigi,
681 3443 722 3500 ut
742 3416 967 3501 considerent
982 3431 1130 3504 studiosi
1181 3424 1320 3517 Corpus
1343 3427 1523 3497 doctrinae
1544 3425 1655 3516 ipsius
1677 3426 1854 3515 integrum
1877 3438 2076 3504 annectat,
2101 3426 2162 3493 sed

148 3526 423 3618 disputationem
439 3526 536 3598 illius
548 3530 719 3623 temporis
734 3556 789 3602 res
796 3533 1018 3623 gravissimas
1033 3556 1130 3603 coin·
1181 3542 1456 3600 consentaneum
1477 3542 1528 3598 est
1542 3524 1709 3617 Gregorii
1734 3526 1933 3599 doctrinam
1955 3540 1990 3597 et
2006 3526 2164 3616 exempla

149 3629 287 3719 plexam
306 3649 398 3710 esse,
429 3652 517 3722 quas
541 3633 694 3720 cogitare
715 3636 760 3704 ad
783 3634 1002 3727 agnitionem
1020 3646 1055 3704 et
1072 3634 1129 3704 in·
1180 3643 1339 3700 secutum
1355 3652 1440 3704 esse.
1491 3626 1622 3698 Precor
1643 3642 1760 3700 autem
1783 3625 1982 3711 liliumDei,
2007 3639 2048 3697 ut
2071 3648 2163 3695 seni·

148 3731 369 3800 vocationem
391 3725 525 3803 Christi
549 3734 636 3807 utile
656 3749 724 3819 est,
748 3750 783 3809 et
807 3739 870 3809 alit
889 3735 1128 3807 eruditionem
1180 3755 1244 3823 per
1266 3725 1458 3802 Ecclesiam
1480 3731 1517 3799 in
1544 3725 1599 3799 his
1623 3729 1826 3821 regionibus
1847 3728 2007 3820 colligat,
2034 3727 2164 3817 etipse

149 3828 235 3902 haec
251 3831 497 3905 consideratio.
1181 3857 1256 3904 eain
1274 3833 1446 3922 gubernet
1464 3847 1497 3903 et
1514 3846 1689 3924 protegat,
1717 3828 1843 3905 Amen.

149 3079 288 3124 causam
312 3055 347 3122 id
371 3057 505 3127 dictum
527 3062 822 3130 considerandum
841 3074 910 3144 est,
936 3060 1019 3154 quia
1036 3061 1132 3128 relu-
1154 3030 1158 3159 Ι

149 3171 199 3225 tat
231 3154 519 3242 samosatenum,
558 3175 593 3231 st
628 3174 772 3232 testatur
805 3157 872 3233 τὸν
907 3154 1019 3259 λόγον
1058 3183 1131 3229 esse

150 3249 417 3352 ὑφιστάμενον.

1154 2942 1257 3023 lipsa
1279 2922 1316 2987 in
1346 2943 1384 2989 re
1411 2921 1483 2990 sint
1505 2921 1715 3002 severiores,
1749 2920 1838 2991 sicut
1862 2917 1958 2990 Deus
1982 2919 2166 3010 praecipit,
2205 2994 2218 2999 υ
2333 2964 2337 2971 -
