4680 6038
73 272 82 289 .
149 213 224 293 us
613 204 774 287 unct.
815 204 892 285 nn
929 207 1138 285 causis
1173 206 1719 288 runnnracrronts
2121 152 2196 285 ito

150 388 202 463 ἡ
220 398 406 482 corrupta,
431 384 471 456 id
493 397 567 470 est,
590 397 728 455 motata
747 383 786 453 in
808 383 960 474 igneam.
1017 381 1141 474 Quare
1191 384 1394 455 becillitatis
1408 398 1553 469 natura,
1577 398 1617 456 ut
1637 380 1738 455 bunc
1755 383 1863 454 etiam
1887 383 1986 455 vitae
2003 381 2140 455 caloris
2161 394 2196 454 et

151 504 188 565 et
218 514 311 587 quae
342 498 571 583 putrescunt,
610 485 764 559 formam
797 509 940 578 prorsus
973 487 1143 558 amittunt
1166 556 1170 571 ,
1192 487 1383 580 spirituum
1413 484 1618 558 tbesaurum
1653 501 1802 578 cogatur
1832 486 2049 568 destituere,
2097 486 2193 581 qnod

154 595 330 689 priorem,
364 612 623 685 progressuque
643 589 683 660 in
708 589 880 659 elementa
899 589 1143 659 resolvuntur.
1166 598 1170 645 ἰ
1194 590 1346 671 comsit,
1371 602 1407 660 et
1421 590 1587 660 interitus
1606 614 1689 660 mox
1706 589 1885 684 seqnitur,
1910 602 1947 660 et
1969 601 2194 660 caeterorum

152 696 195 771 Si
211 709 338 768 natura
357 694 405 766 sit
426 704 572 785 grueta
589 702 651 763 aut
666 683 874 787 πληθώρα,
900 705 963 763 aut
981 716 1145 785 κακοχυ-
1195 688 1387 762 humorum
1415 693 1681 785 corruptionem
1703 691 1930 784 praecessisse
1959 712 2110 763 necesse
2134 703 2198 763 est.

118 780 127 799 ⁰
154 794 246 895 μία,
278 793 450 868 humores
470 808 656 887 gravantes
674 792 766 862 affici
792 796 999 885 putredine,
1032 810 1068 865 et
1087 796 1145 863 in·
1168 850 1172 883 ,
1197 793 1362 884 lntelligo
1377 807 1494 865 autern
1511 819 1573 885 per
1586 797 1795 884 sanguinem
1818 787 2011 864 humorem
2031 793 2087 865 sie
2111 814 2200 885 pro-

157 905 308 974 tendere
324 900 458 970 febrem
473 908 633 991 ponunt.
684 895 756 967 Sed
770 896 877 968 aliter
900 898 939 966 in
960 893 1145 992 πληθώρα
1168 890 1173 983 1
1197 898 1273 990 prie
1287 898 1440 983 dictum,
1463 897 1674 983 distinctum
1690 921 1711 967 a
1726 897 1874 990 reliquis
1888 909 2048 990 quatuor
2063 891 2196 967 Ιιοιοο-

158 1004 264 1077 aliter
284 1004 322 1073 in
340 994 572 1094 κακοχυμίᾳ,
599 992 641 1068 ld
662 999 845 1092 quomodo
869 1000 930 1071 fiat
952 1000 1147 1092 explicabi·
1197 1001 1319 1085 ribus,
1361 1000 1425 1093 qui
1453 1000 1766 1090 temperatissimus
1793 1011 1829 1069 et
1856 1011 2009 1070 naturae
2040 997 2196 1069 maxime

157 1129 250 1182 mus.
314 1102 432 1175 Massa
460 1101 654 1192 sanguinea
675 1124 765 1195 quae
785 1101 919 1173 virtute
946 1097 1084 1195 hepatis
1104 1127 1145 1172 er
1199 1102 1413 1172 conveniens
1429 1115 1491 1177 est.
1526 1099 1618 1192 Agit
1629 1126 1704 1171 uno
1722 1102 1921 1195 eodemque
1935 1102 2048 1173 modo
2067 1110 2194 1173 mcor·

159 1204 264 1307 cbyfo
288 1230 352 1299 per
374 1205 561 1276 meraritas
580 1217 728 1274 attracto
753 1205 979 1299 excoquitur,
1010 1218 1147 1277 constat
1170 1244 1176 1345 q
1199 1220 1380 1298 perpetuo.
1420 1203 1463 1274 ln
1478 1198 1663 1299 πληθώρα
1678 1205 1741 1275 ubi
1756 1204 1918 1275 coctione
1932 1228 2010 1275 non
2026 1215 2082 1275 est
2097 1224 2197 1295 opus,

159 1306 371 1383 humoribus
392 1321 547 1402 quatuor
564 1305 721 1376 confusis
742 1306 837 1376 inter
852 1331 909 1394 se,
933 1321 968 1378 et
987 1307 1147 1399 singulo-
1199 1309 1314 1378 utitur
1341 1311 1577 1399 separatione·
1592 1307 1768 1399 primum,
1812 1307 1952 1378 deinde
1973 1305 2196 1400 expulsione,

158 1437 240 1486 rum
261 1409 464 1491 ichoribus,
490 1409 554 1504 qui
572 1421 613 1479 nt
628 1405 879 1504 bumoresipsi
895 1411 1040 1481 interae
1057 1436 1147 1505 quo·
1200 1411 1269 1480 nisi
1290 1405 1531 1503 prohibeatur.
1585 1407 1632 1479 ln
1651 1403 1865 1504 κακοχαμίᾳ
1888 1431 1964 1480 uno
1986 1408 2197 1502 pluribusve

159 1539 230 1611 que
242 1513 381 1586 confusi
393 1527 567 1583 vocantur
583 1509 689 1605 ὅρδος
703 1523 739 1581 ει
753 1508 912 1606 δδροῖδες
923 1508 1148 1608 περίττωμα.
1202 1513 1344 1583 viciosis
1360 1508 1571 1583 humoribus
1592 1512 1687 1582 vires
1706 1512 1940 1583 onerantibus
1956 1513 2080 1606 primo
2095 1532 2198 1605 expe-

159 1615 285 1713 Neqne
305 1629 359 1688 est
374 1611 532 1709 ὀδριόδες
551 1609 765 1709 περίττωμα
783 1615 882 1686 aliud
903 1640 1011 1710 αοειο
1031 1617 1150 1688 tenuis
1201 1617 1294 1687 ritur
1310 1617 1526 1701 coctionem,
1550 1639 1623 1710 qua
1636 1616 1710 1686 sive
1726 1609 1842 1699 nibil,
1867 1614 1942 1685 sive
1955 1613 2101 1709 aliquid
2115 1636 2198 1707 pro·

160 1742 278 1792 setosa
292 1734 329 1791 et
343 1741 476 1814 aquosa
493 1717 736 1810 superfluitas,
761 1742 852 1811 quae
865 1720 910 1789 de
930 1732 1002 1790 tota
1019 1715 1150 1791 bumo-
1201 1719 1315 1800 ficiat,
1340 1714 1485 1790 adhibet
1501 1719 1656 1789 secundo
1673 1716 1950 1809 separationem,
1974 1717 2090 1811 idque
2102 1716 2199 1813 quod

162 1846 245 1895 rum
268 1844 382 1893 massa
405 1833 581 1914 separata,
623 1832 729 1913 atque
754 1822 799 1889 ad
821 1845 924 1892 renes
946 1834 1093 1893 attracta
1116 1835 1152 1894 et
1203 1836 1350 1892 naturae
1369 1822 1451 1892 usui
1472 1834 1519 1892 et·
1529 1821 1745 1891 couveniens
1766 1833 1820 1892 est
1838 1819 1954 1906 elicit,
1978 1820 2139 1892 secernit
2161 1840 2200 1890 ac

165 1925 344 2019 percolata
357 1926 397 1995 fit
417 1924 543 2004 urina,
567 1919 640 1993 Nec
660 1922 792 2018 ἰχῶρες
813 1938 897 1995 εοοι
924 1926 1021 1996 aliud
1045 1949 1151 2020 quam
1202 1924 1363 2017 reponit,
1404 1924 1582 2017 reliquum
1616 1923 1788 1993 viciosum
1823 1923 1880 1991 vel
1912 1921 2078 2009 abiicit„
2095 1934 2201 2017 atque

163 2028 346 2099 tenuiores
362 2040 398 2098 et
415 2025 617 2121 aquosiores
640 2039 756 2118 partes
777 2026 1001 2118 singulomm
1023 2024 1153 2100 bumo-
1206 2028 1355 2114 excutit,
1380 2027 1436 2096 vel
1461 2027 1493 2097 si
1512 2027 1615 2119 copia
1632 2040 1695 2097 aut
1712 2025 1854 2095 malicia
1876 2025 2095 2097 excrementi
2109 2024 2200 2095 ricta

164 2152 265 2219 rum,
294 2153 490 2225 equorum
512 2129 663 2199 maxima
685 2144 783 2222 parte
803 2132 935 2201 melior
955 2155 1068 2202 massa
1092 2126 1153 2202 ert-²
1205 2146 1267 2202 aut
1285 2130 1423 2201 viarum
1438 2129 1691 2200 interclusione
1717 2128 1885 2220 impedita
1902 2126 2067 2209 deficiat,
2093 2126 2201 2199 desti·

163 2244 353 2325 pnrgatur,
377 2233 558 2326 reliquum
574 2232 1153 2322 cumsanguineinvcnasdistri-
1204 2234 1286 2305 tuit.
1340 2231 1380 2303 ld
1398 2247 1597 2326 putrescere
1613 2254 1753 2327 necesse
1769 2244 1835 2302 est.
1886 2229 2020 2321 Neede
2035 2230 2118 2302 ullo
2132 2252 2201 2302 un·

162 2336 303 2421 buitur,
335 2336 400 2406 ubi
422 2334 575 2427 amplius
604 2336 783 2427 coquitur.
850 2335 893 2406 ln
922 2362 963 2407 ea
993 2339 1154 2408 coctione
1206 2360 1312 2430 quam
1331 2330 1481 2406 humore
1495 2336 1591 2430 qnod
1609 2335 1744 2405 bonum
1759 2348 1812 2404 est
1827 2347 1863 2404 et
1876 2333 1976 2418 utile,
2003 2333 2123 2426 primo
2138 2334 2200 2403 de·

164 2439 261 2533 quod
278 2438 407 2507 melius
424 2451 495 2522 est,
520 2450 720 2507 reservatur
734 2439 778 2507 ad
793 2458 921 2525 usum,
943 2442 1039 2534 quod
1058 2443 1156 2511 dete·
1207 2439 1309 2519 serit,
1333 2440 1395 2508 sed
1412 2452 1491 2530 post
1504 2450 1673 2508 tentatam
1692 2437 1886 2507 coctionem
1898 2435 2034 2532 ῖχαῖρες
2047 2434 2198 2515 secludit

165 2541 242 2611 rius
256 2552 328 2626 est,
354 2540 403 2610 ita
428 2551 468 2610 ut
490 2562 556 2608 nec
571 2539 757 2633 percoqui,
783 2542 953 2633 usquein
968 2566 1071 2612 usum
1087 2567 1156 2612 nu·
1208 2541 1333 2626 initio,
1365 2536 1403 2609 hi
1425 2543 1489 2611 ubi
1512 2553 1720 2633 putrescunt
1739 2552 1836 2610 extra
1856 2561 1963 2609 venas
1989 2540 2030 2607 in
2050 2538 2139 2609 laxis
2163 2550 2200 2609 et

165 2640 307 2715 tritioni
330 2642 556 2712 commodum
576 2641 736 2712 converti
758 2642 888 2734 possit,
910 2658 1037 2716 natura
1055 2645 1157 2717 fortis
1208 2646 1303 2714 cavis
1326 2645 1452 2737 spaciis
1475 2645 1765 2738 quibuscunque,
1797 2642 1997 2712 incendunt
2019 2634 2203 2737 nupstotic

165 2744 273 2819 eiieit.
338 2742 530 2815 lmbecillis
551 2767 626 2814 non
649 2744 785 2834 integre
815 2761 971 2822 evacuat.
1036 2747 1156 2838 Quare
1208 2742 1480 2827 διαλείπονταςε
1506 2748 1570 2816 ubi
1587 2747 1681 2816 intra
1703 2768 1810 2815 venas
1832 2738 2016 2840 πυρετοὺς
2035 2743 2201 2837 συνεχεῖς

165 2848 310 2919 taudem
323 2846 362 2918 id
377 2846 555 2932 lentescit,
579 2846 695 2916 aliove
710 2849 818 2918 modo
834 2850 986 2922 afficitur
1001 2866 1063 2924 aut
1078 2877 1156 2922 cor·
1209 2849 1256 2922 οὔ
1270 2844 1469 2944 διηνεκεῖς,
1494 2849 1557 2943 qui
1578 2849 1642 2919 etsi
1662 2873 1736 2918 non
1751 2847 1920 2919 desinunt
1942 2847 1982 2917 in
1996 2840 2200 2941 unomen

164 2950 356 3043 rumpitur.
407 2947 505 3020 Hinc
518 2960 579 3019 aut
596 2949 697 3042 copia
719 2952 979 3034 redundantes,
1002 2968 1063 3025 aut
1077 2978 1178 3033 core
1207 2949 1349 3025 τέλειον
1355 3005 1368 3039 ,
1395 2965 1513 3024 tamen
1528 2953 1718 3037 remittunt¹
1728 2951 1992 3045 aliquantulum
2010 2962 2049 3021 et
2069 2948 2200 3043 pervi-

167 3052 265 3143 rupti
280 3052 422 3149 ιχιόρες.
463 3047 554 3122 Cum
572 3074 655 3142 erqo
667 3049 838 3146 χυμαίοει
853 3057 1010 3128 confecta
1027 3070 1063 3129 et
1076 3081 1159 3129 san-.
1209 3079 1266 3127 ces
1287 3057 1553 3127 exacerbantur.
1620 3052 1814 3126 litantem
1839 3048 1908 3124 hoe
1937 3076 2020 3123 enm
2050 3065 2199 3147 uterque

165 3154 275 3247 quine
288 3179 308 3226 a
322 3154 519 3249 praecipuis
535 3155 837 3247 superfluitatibus
853 3173 1056 3251 expurgato,
1083 3185 1158 3230 me-
1209 3160 1306 3230 calor
1322 3173 1358 3230 et
1372 3154 1564 3229 humorum
1586 3171 1620 3228 et
1642 3157 1799 3226 influens
1820 3179 1894 3226 non
1917 3169 1970 3226 est
1993 3164 2199 3249 prostratus

168 3257 240 3330 lior
260 3280 374 3329 massa
390 3280 469 3328 sero
486 3279 598 3351 nqueo
623 3258 737 3329 diluta
762 3261 945 3332 derivatur
967 3287 1009 3333 ex
1033 3259 1158 3357 hepate
1210 3261 1263 3333 Ac
1279 3263 1396 3333 calore
1410 3276 1562 3355 utroque
1576 3273 1637 3330 aut
1650 3271 1842 3352 prostrato,
1867 3272 1929 3330 ant
1940 3258 1989 3329 ita
2007 3271 2200 3341 attenuato,

166 3360 205 3430 in
227 3383 355 3432 venam
379 3383 519 3440 cavam,
552 3360 764 3433 transfertur
784 3363 823 3433 in
844 3387 947 3435 renes
969 3368 1157 3460 praecipua
1209 3380 1250 3437 ut
1265 3369 1394 3436 frustra
1411 3365 1449 3433 in
1464 3364 1662 3434 coctionem
1678 3376 1713 3434 ct
1728 3362 1986 3455 separationem
1999 3360 2199 3444 incumbat,

165 3486 249 3556 pars
266 3464 354 3548 seri,
379 3487 470 3557 quae
486 3473 539 3532 est
552 3476 815 3534 excrementum
833 3489 874 3534 ex
888 3470 1008 3539 crudis
1023 3465 1158 3540 icbori-
1209 3470 1360 3559 putredo
1391 3491 1465 3537 non
1495 3467 1635 3561 ἰχῶρας
1662 3478 1801 3537 tantum
1824 3460 2042 3550 humorum,
2081 3462 2143 3534 sed
2166 3474 2199 3532 et

166 3566 235 3637 bus
264 3565 426 3634 omnium
454 3558 646 3634 humorum
670 3567 876 3648 confusum,
915 3569 1071 3665 indeque
1095 3593 1159 3641 ceu
1210 3569 1443 3643 substantiam
1472 3570 1585 3663 ipsam
1614 3592 1721 3664 quam
1745 3567 1935 3639 imbecillis
1953 3565 2057 3639 calor
2077 3562 2198 3637 Mett-

167 3666 247 3737 colo
262 3667 438 3737 transfusa
460 3665 652 3758 depellitur
671 3665 708 3736 in
733 3669 906 3757 vesicam,
937 3685 977 3743 ut
997 3673 1160 3744 eiiciatur
1210 3676 1294 3744 dere
1317 3698 1337 3743 a
1359 3673 1588 3763 corruptione
1606 3670 1752 3766 nequit,
1775 3664 2198 3762 occupandum-tetre

165 3791 360 3862 ecorpore.
411 3766 453 3837 ln
470 3760 654 3864 πληθώρα
675 3784 715 3840 nt
731 3775 962 3864 proportione
980 3772 1165 3865 humores,
1211 3777 1376 3869 συνεχεῖς
1387 3770 1566 3869 διηνεκεῖς
1580 3768 1634 3868 μὴ
1647 3765 1830 3853 παύοντες
1846 3772 1896 3854 εἰς
1909 3763 2119 3868 παρακμὴν
2131 3788 2199 3840 w·

166 3870 218 3943 sie
238 3884 273 3943 et
293 3871 426 3965 ἰχῶρες
438 3866 632 3941 humorum
648 3873 743 3943 aucti
760 3876 981 3963 redundant,
1006 3882 1067 3950 scd
1090 3880 1159 3948 mi·
1210 3874 1353 3978 persida]
1359 3931 1372 3965 ‚
1398 3901 1489 3973 quos
1508 3871 1709 3972 κακοήθεις
1730 3888 1875 3961 vocant,
1906 3887 1942 3945 et
1964 3886 2141 3967 perpetuo
2160 3892 2199 3940 u

165 3996 236 4047 nus
257 3974 381 4045 viciosi
406 3996 513 4069 qnam
537 3971 577 4043 in
602 3969 816 4072 κακοχυμίᾳ
835 3993 931 4052 sunt.
983 3981 1105 4072 Quare
1127 3983 1158 4052 si
1210 4006 1338 4074 magno
1367 3983 1534 4053 incendio
1565 3976 1777 4066 humorum,
1814 3990 1849 4049 et
1875 3976 2046 4068 prostrati
2072 3971 2199 4047 caloris

165 4088 294 4150 natura
316 4077 421 4149 fortis
441 4089 512 4161 est,
536 4090 572 4148 et
593 4077 706 4169 viget,
730 4093 881 4152 secretos
904 4108 924 4154 a
945 4109 1058 4156 massa
1075 4109 1154 4156 san·
1210 4084 1439 4180 corruptione
1463 4097 1669 4156 nascuntur.
1721 4080 1813 4154 Cum
1835 4093 1954 4152 autem
1977 4077 2198 4169 singulam

165 4179 292 4269 quires
314 4180 461 4273 depellit
483 4182 526 4249 ad
549 4203 670 4266 renes,
695 4176 763 4253 hos
778 4186 967 4278 propulsos
979 4212 1081 4259 renes
1099 4211 1156 4259 ar·
1210 4191 1366 4261 febrium
1390 4211 1511 4260 causas
1530 4186 1707 4279 explicare
1728 4184 1875 4274 longum
1896 4181 1959 4269 sit,
1990 4194 2027 4252 et
2046 4174 2198 4253 instituti

163 4280 303 4374 ripiunt
317 4305 357 4351 ac
373 4281 560 4373 recipiunt.
603 4279 645 4354 si
660 4278 701 4354 hi
719 4286 855 4358 maiore
871 4291 973 4383 copia
987 4291 1081 4362 vires
1096 4305 1158 4363 aut
1210 4293 1323 4364 nostri
1337 4315 1413 4361 non
1430 4291 1492 4377 sit,
1516 4289 1643 4360 desino
1657 4287 1832 4380 prolixius
1847 4278 1934 4355 baec
1947 4282 2136 4379 persequi,
2158 4280 2199 4353 de

164 4397 344 4475 mperant,
370 4397 604 4473 antgravent,
629 4402 766 4479 separat
781 4413 842 4462 eos
857 4392 1002 4485 quidem
1018 4407 1159 4483 natura,
1210 4397 1343 4491 quibus
1367 4389 1437 4465 hoe
1458 4408 1579 4466 tenere
1596 4380 1681 4463 satis
1702 4401 1772 4476 est,
1811 4388 1909 4483 quod
1931 4384 2073 4478 negocii
2096 4386 2199 4479 caput

165 4487 226 4555 sed
241 4508 315 4554 non
329 4485 492 4576 expellit,
518 4488 614 4579 quod
633 4490 734 4559 oneri
755 4495 966 4567 succumbit.
1018 4494 1070 4568 lta
1094 4500 1159 4569 de-
1210 4500 1280 4586 est,
1312 4510 1476 4568 naturam
1500 4498 1613 4565 donec
1637 4493 1732 4583 viget
1755 4491 1940 4585 valetque,
1971 4488 2113 4560 nullius
2130 4506 2198 4557 tnt-

166 4587 279 4659 stituti
297 4602 442 4658 naturae
457 4588 704 4660 imbecillioris
717 4595 1111 4689 regimineputrescnnt
1124 4613 1158 4671 et
1210 4627 1316 4698 quarn
1334 4597 1497 4672 humoris
1515 4598 1601 4669 boni
1625 4594 1857 4667 substantiam
1873 4592 1991 4683 primo
2008 4589 2198 4662 onueoere

163 4688 300 4761 febrem
321 4693 537 4772 accendunt,
580 4714 686 4785 quem
710 4688 873 4789 σύνοχον
892 4696 989 4793 μετὰ
1010 4695 1159 4799 σήψεως
1210 4700 1392 4776 ichoribns
1416 4715 1451 4773 et
1472 4699 1701 4771 excrementis
1724 4697 1928 4777 asservatis,
1952 4707 1988 4765 ct
2010 4717 2056 4764 eo
2071 4690 2198 4763 ordine

164 4805 304 4878 vocant,
328 4816 419 4887 quae
433 4793 503 4864 nisi
519 4793 730 4885 profligetur
744 4815 894 4886 mature,
917 4792 1067 4896 putredo
1083 4830 1157 4877 ser-
1209 4831 1311 4901 agere
1325 4804 1570 4898 semper,qui
1594 4816 1646 4874 est
1669 4800 1858 4892 expositus.
1912 4794 1962 4869 Ut
1977 4809 2198 4869 revertamus

163 4915 253 5063 pens
274 4898 419 4967 taudem
439 4910 475 4969 et
498 4890 666 4967 humores
689 4898 785 4991 ipsos
808 4902 959 4981 invadit.
1023 4904 1157 4980 Evenit
1209 4910 1293 5002 er'go
1323 4912 1368 4981 ad
1396 4930 1517 4978 causas
1538 4904 1756 4999 putredinis,
1790 4897 1977 4972 Aristoteli
1998 4911 2034 4970 et
2057 4896 2199 4971 Gatm

190 5018 232 5066 oc
245 4996 371 5083 etiam,
395 5023 475 5069 cum
491 4999 744 5093 impedimenta
760 5019 941 5080 meatuum
956 5011 1156 5104 expulsioni
1209 5028 1312 5087 carisa
1333 5009 1603 5107 putrefactionis
1615 5006 1794 5105 privativa
1812 5017 1864 5074 est
1877 5001 2064 5095 corruptio
2086 4992 2200 5073 metat

163 5097 316 5169 ΜΝ·
602 5138 610 5151 ·
1208 5116 1354 5202 caloris,
1379 5114 1528 5207 positiva
1550 5111 1711 5204 proxima
1734 5106 1860 5198 igneus
1879 5105 1997 5191 calor,
2028 5104 2071 5173 in
2094 5118 2199 5195 quen

265 5196 339 5269 Nee
360 5201 400 5271 fit
429 5194 589 5296 σύνοχος
611 5219 652 5277 ut
675 5208 922 5283 existimarunt
943 5215 1054 5309 aliqui
1076 5217 1154 5310 ipso
1207 5221 1350 5292 nativus
1373 5217 1603 5287 convertitur.
1668 5209 1835 5282 Mutatur
1853 5221 1971 5279 antem
1993 5204 2141 5275 nativus
2158 5200 2199 5271 in

161 5300 334 5389 sauguine
359 5316 592 5394 putrescente.
652 5307 844 5405 Nunquam
873 5316 970 5387 enim
999 5319 1038 5386 in
1062 5321 1154 5391 vasis
1177 5364 1182 5477 Ι
1207 5324 1370 5414 igneum,
1396 5333 1472 5390 tum
1488 5319 1676 5389 destitutus
1700 5310 1827 5382 caloris
1849 5305 2034 5378 influentis
2053 5302 2201 5384 auxilio,

161 5404 350 5475 nutrediue
364 5406 692 5511 sangnisafbcitur,
717 5414 789 5486 nisi
810 5438 854 5487 eo
868 5418 916 5492 ait
929 5421 1069 5494 redacta
1084 5419 1152 5493 im·
1205 5439 1282 5498 tum
1297 5424 1559 5503 circumventus
1579 5431 1614 5490 et
1639 5434 1828 5511 oppressus
1848 5422 2026 5483 extraneo.
2081 5402 2202 5504 Atque
