4680 6038
150 186 223 263 175
612 157 773 235 unct.
808 152 884 228 DE
919 148 1129 227 causis
1159 148 1700 241 Pernentcrtosts.
2098 150 2171 225 tro

152 366 305 433 „xm
325 350 423 421 seh
446 331 798 422 disiititsedissipat
816 328 930 411 ines,
954 323 1139 417 exquibus
1186 350 1293 409 uum,
1317 324 1537 417 iuqnouuur
1555 325 1649 395 sicco
1669 338 1788 395 terreo
1810 318 2002 395 buum
2022 343 2175 417 aqueum

152 464 284 535 cm
299 450 486 549 principis.
535 436 774 512 ”mulionem
790 426 882 499 hauc
899 427 984 497 cieri
998 439 1034 496 et
1047 426 1139 494 clbci
1186 444 1316 500 temen
1329 427 1518 496 confusum
1531 427 1710 507 cernitur,
1734 426 1908 518 tantisper
1923 428 2038 497 donec
2059 437 2096 496 et
2108 419 2174 497 hoe

154 584 257 639 m,
289 582 311 627 3
337 554 452 623 „m
474 562 659 619 amna),
691 536 819 615 idest,
848 530 1080 599 immoderato
1105 541 1140 596 et
1187 553 1302 625 nqueo
1332 522 1483 599 humido
1512 530 1683 621 paulatim
1715 542 1958 613 tumente,
1996 526 2175 623 reliquum

156 670 283 743 iem
306 646 509 727 wia
524 636 720 715 subeuntis
744 633 843 702 mixti
865 634 910 701 de
935 632 1056 698 nativo
1081 654 1141 697 ca·
1187 649 1341 705 terreum
1373 632 1411 698 in
1440 631 1595 700 cinerem
1614 631 1811 719 redigitur.
1885 631 2058 725 Alienum
2094 652 2174 700 vero

156 774 233 837 lere
251 766 289 831 in
302 758 458 827 alienum
474 770 535 817 sen
551 744 714 833 igneum,
737 748 811 805 tota
829 756 912 803 snae
926 729 1142 802 substantiae
1189 731 1331 806 huncet
1350 732 1493 822 igneum
1509 735 1661 803 calorem
1682 735 1728 802 ab
1748 733 1872 826 aliquo
1894 747 2042 803 externo
2063 730 2175 802 calere

158 856 438 937 imminere
476 866 655 919 omrem.
729 834 833 907 llanc
869 833 979 905 nativi
1015 832 1143 902 caloris
1191 834 1358 919 accendi,
1396 835 1546 904 minime
1568 836 1624 931 pel
1652 836 1845 905 obscurum
1867 834 1924 903 rel
1943 834 2098 905 dubium
2117 846 2177 905 est.

158 958 372 1059 inmitis
393 950 643 1025 mutatinum,
666 953 703 1009 ut
727 942 986 1007 demonstraret
1001 933 1144 1005 Aristo-
1192 938 1262 1009 Sed
1280 938 1376 1007 unde
1389 949 1554 1006 externus
1567 935 1629 1006 ille
1647 939 1811 1021 accedat,
1834 950 1870 1007 et
1892 936 2078 1029 quomodo
2097 934 2176 1029 qui-

159 1072 266 1148 nta,
303 1058 408 1153 puolo
436 1050 539 1121 aliter
567 1068 673 1140 qnam
697 1038 857 1111 Galenus
880 1038 1002 1107 debuit
1023 1049 1139 1129 putre-
1193 1040 1303 1109 bnsve
1320 1040 1364 1107 de
1380 1038 1494 1107 tausis
1510 1054 1545 1109 et
1556 1039 1802 1109 occasionibus
1817 1036 2175 1109 nativusabexteruo

160 1170 369 1243 mmm,
393 1146 551 1251 φθορὰν
570 1152 635 1239 ri„-
654 1150 694 1215 ln
715 1134 859 1235 ἑκάστῳ
881 1134 988 1239 rippqi
1010 1134 1146 1218 olzee'ae
1193 1140 1454 1211 circumventus
1491 1140 1721 1233 obruensque
1753 1154 1817 1210 ant
1850 1153 2045 1233 occupatus
2079 1136 2178 1209 elicr-

160 1296 224 1345 ffl,
245 1288 343 1339 mm
364 1252 481 1355 φύσιν
501 1242 729 1337 {leporisque
754 1240 814 1315 ὑπ’
838 1238 1032 1335 ἀλλοτρίας
1054 1240 1145 1333 r‘lep-
1197 1255 1312 1312 vescat
1328 1242 1366 1310 in
1381 1242 1543 1331 igneum,
1568 1243 1772 1333 praesertim
1787 1241 1827 1309 iu
1847 1242 2062 1335 corporibus
2080 1240 2178 1321 viris,

161 1366 338 1463 panim,
364 1376 396 1431 et
420 1369 519 1427 rescat
539 1344 694 1447 φθορὰν
717 1350 781 1437 τῆς
805 1339 939 1423 οἰκείας
960 1334 1146 1437 θερμόιη-
1197 1344 1344 1413 minime
1360 1345 1569 1435 explicatum
1585 1358 1648 1418 est.
1698 1343 1769 1414 Sed
1786 1357 1820 1412 ct
1835 1342 1949 1414 nativi
1963 1342 2096 1413 caloris
2109 1366 2177 1413 nou

161 1501 244 1555 w„
278 1486 398 1535 meae
418 1483 458 1529 ae
481 1464 694 1545 terrrpcratae
715 1447 931 1517 substantiae
955 1443 1064 1515 nativi
1089 1467 1148 1512 ca·
1198 1446 1365 1533 unumjn
1382 1446 1591 1538 corporibus
1605 1446 1724 1515 mixtis
1737 1467 1868 1533 genus,
1893 1468 2011 1539 neque
2030 1444 2177 1515 ideare-

163 1574 272 1653 luris,
304 1586 393 1661 epm
414 1574 449 1629 et
470 1556 578 1626 enine
601 1546 811 1643 orpqrerprig
833 1561 900 1632 est,
934 1544 1148 1639 eaeterisque
1199 1548 1334 1640 peritur
1355 1571 1445 1633 una,
1474 1548 1677 1638 praesertim
1701 1547 1906 1619 animatis.-
1942 1544 2038 1617 Nam
2065 1557 2103 1618 et
2125 1568 2177 1617 ra·

164 1676 203 1751 in
221 1672 333 1742 rnirtn
356 1666 612 1735 elernentornnr
636 1650 861 1747 portionibus
885 1641 1085 1745 ἀνάλογος,
1113 1660 1148 1717 el
1200 1648 1296 1720 tione
1319 1650 1585 1733 convincimur,
1625 1665 1659 1720 et
1688 1673 1779 1741 pene
1806 1648 1992 1718 oculorum
2014 1648 2178 1719 docemur

165 1776 314 1851 mixtum
347 1764 453 1857 repit,
485 1757 609 1841 allicit,
643 1754 790 1826 nntinet
820 1766 924 1844 atque
955 1763 1149 1829 conservat,
1200 1774 1316 1836 serrsu,
1338 1750 1489 1820 calorem
1504 1751 1771 1843 temperamenti
1787 1748 1846 1845 (ut
1858 1744 2004 1845 rorant)
2022 1748 2178 1845 quiper-

166 1872 400 1953 nnnatinnern
426 1864 462 1933 in
489 1850 728 1951 durlpprrpnn
752 1866 787 1925 et
811 1852 970 1943 igneum,
1004 1854 1066 1945 qni
1088 1852 1151 1920 de·
1201 1853 1296 1924 tibus
1309 1853 1670 1944 innascituraprima
1687 1853 1843 1941 origiue,
1863 1851 1992 1942 partim
2010 1854 2056 1920 de
2072 1851 2179 1922 calore

166 1974 275 2055 struit
291 1994 331 2043 sc
349 1962 510 2039 slisnrlvit
535 1984 662 2029 nerum
686 1971 790 2049 atque
811 1952 979 2025 coalitum
994 1954 1150 2023 elemen-
1203 1953 1369 2025 materiae
1383 1967 1607 2046 procreatus,
1633 1955 1763 2045 partim
1786 1954 1871 2023 vict
1893 1953 2051 2024 efficacia
2066 1975 2180 2026 causs-

167 2098 308 2155 pmrm,
339 2084 373 2142 et
396 2064 550 2137 notiones
572 2084 694 2129 rrnunr
717 2056 827 2127 rnirtn
852 2055 1032 2149 proprias,
1066 2078 1153 2149 ‘pras
1204 2080 1283 2127 rum
1298 2056 1524 2126 formantium
1542 2056 1753 2147 impressus,
1775 2055 1921 2125 differre
1934 2058 1983 2125 ab
1999 2078 2045 2125 eo
2061 2057 2180 2141 calore,

165 2168 349 2267 „perrosum
371 2170 431 2241 ills
449 2179 484 2237 et
507 2158 710 2235 lrnrnmniru
728 2156 904 2251 copulatio
921 2156 1153 2228 errrrsociatio-
1204 2158 1265 2252 qui
1283 2157 1320 2225 in
1336 2160 1441 2228 corde
1454 2158 1552 2227 lonte
1572 2159 1699 2227 caloris
1721 2170 1758 2228 et
1779 2158 1872 2227 vine
1897 2158 1942 2227 de
1965 2159 2180 2229 nutrimento

167 2308 250 2385 spru,
271 2300 310 2347 nr.
325 2266 510 2345 enrrsensin
525 2264 779 2335 clennntnrnsn
796 2264 946 2331 durante
962 2284 1001 2331 ac
1016 2260 1154 2349 vigente
1205 2259 1373 2353 peculiari
1402 2258 1630 2350 exprimitur,
1659 2260 1813 2352 indeque
1837 2258 1996 2352 impulsu
2021 2259 2183 2355 fluxuque

164 2380 268 2463 trrirti
284 2368 535 2447 enrrstitutione
550 2366 718 2435 edirlernt.
1205 2362 1373 2431 continuo
1388 2361 1550 2432 funditur
1565 2385 1605 2430 ac
1627 2374 1843 2453 propagatur
1863 2359 1903 2431 in
1922 2373 2043 2432 totum
2062 2384 2183 2454 eorpus

269 2470 520 2567 tirrrrnptinnis
536 2466 731 2546 urentione,
758 2462 926 2535 discernit
942 2464 1154 2557 praeceden·
1206 2486 1267 2555 per
1282 2462 1439 2546 arterias,
1458 2486 1498 2532 ac
1513 2463 1779 2552 temperamenti
1793 2460 1946 2533 calorem
1963 2464 2100 2550 excitat,
2121 2487 2179 2532 ve-

169 2606 221 2663 rus
244 2576 468 2653 alterationes
491 2596 509 2641 s
532 2568 726 2641 rrrrrtntione
743 2564 977 2655 snlntnntiae,
1008 2588 1098 2659 qnae
1116 2577 1155 2635 ut
1205 2577 1298 2655 getat
1313 2577 1347 2634 et
1363 2563 1526 2660 vivificat.
1578 2562 1699 2633 Alium
1716 2564 1821 2635 etiam
1846 2589 1886 2635 ae
1910 2566 2093 2637 diversum
2110 2588 2182 2635 esse

169 2682 352 2777 prrrrnptin
377 2674 493 2749 onmis
515 2668 805 2769 (nlterntiunilnn
830 2692 919 2763 iprae
944 2670 1156 2737 antecedunt
1206 2666 1357 2737 calorem
1383 2666 1514 2758 plantis
1534 2666 1780 2758 plantarumve
1807 2666 2009 2750 radicibus,
2043 2667 2183 2739 semini-

170 2786 364 2877 „tnnlntiu
390 2776 567 2875 peremitur
593 2772 733 2847 tnrnlesn
764 2770 801 2841 in
830 2782 1008 2839 rnurnento
1032 2768 1155 2839 solutis
1207 2769 1272 2838 lius
1297 2780 1357 2838 aut
1381 2767 1555 2838 fructibus
1575 2768 1790 2856 ingenitum,
1815 2769 1862 2838 ab
1886 2791 1948 2855 eo,
1974 2768 2042 2865 qni
2061 2769 2182 2863 partim

170 2910 335 2985 rrsruprqe
364 2896 394 2957 st
429 2876 571 2953 vlnnrln
601 2888 704 2973 etque
732 2896 795 2945 reu
826 2864 1090 2943 ‹lrlriscrntilsus
1116 2893 1156 2940 uc
1206 2871 1250 2939 ‹le
1265 2883 1358 2942 terra
1374 2871 1457 2939 solis
1472 2871 1601 2959 lotaac
1615 2884 1774 2962 percocta
1793 2869 2184 2943 radiisministeriora-

169 2988 559 3069 eltrrnlsntllnnrsese
583 2976 733 3049 invirum
758 2986 792 3047 rt
814 2972 850 3043 ln
874 2972 1026 3065 priorum
1051 2986 1157 3044 nntu·
1206 2972 1523 3063 ‹licumexugitur,
1559 2966 1819 3066 attrahiturque
1840 2971 2184 3047 aedistribuituriu

171 3120 247 3173 rnen
270 3086 438 3186 prrrdntlnt
463 3078 692 3156 rnlrnntllnu
721 3076 910 3151 olrrnrntir.
977 3072 1157 3147 l‘rneccrlit
1207 3074 1347 3168 plantae
1378 3096 1524 3166 corpus,
1570 3074 1700 3166 partim
1729 3075 1772 3143 de
1798 3087 1964 3146 contactu
1990 3074 2184 3147 circumflui

170 3206 266 3271 nnlrn
282 3186 544 3285 rrrrrnptlnnsrn
563 3176 653 3257 ltnu·
676 3178 786 3251 stutiri
808 3176 932 3249 cnlurir
948 3176 1100 3271 prinnrru
1120 3176 1156 3245 in
1208 3176 1298 3249 ndris
1317 3170 1545 3260 inhaerescit,
1570 3188 1604 3246 et
1625 3175 1770 3247 insitum
1793 3176 1894 3268 prius
1917 3200 1960 3247 ac
1982 3200 2051 3249 ceu
2070 3178 2184 3249 abtra-

172 3308 282 3377 snlrtu
307 3292 398 3373 issnrnr
416 3302 445 3363 n
474 3286 558 3359 tnta
576 3284 721 3381 qnlrlnm
740 3282 875 3365 leesor,
901 3281 974 3350 solu
991 3279 1158 3375 quulituto
1208 3303 1287 3350 sum
1307 3277 1545 3371 latentemque
1566 3278 1717 3347 calorem
1740 3292 1927 3370 provocat,
1951 3277 2052 3351 acuit
2074 3292 2109 3351 et
2131 3304 2183 3351 ro-

172 3386 708 3481 nuesstunsqrnlnrnnnilquut
733 3406 792 3451 rou
818 3380 1159 3451 iutenrinnoculoris
1209 3382 1323 3451 bornt.
1380 3378 1519 3451 Vocant
1542 3392 1659 3448 autem
1679 3373 1776 3448 hunc
1797 3381 1949 3449 calorem
1970 3380 2182 3455 inllueuterr.

174 3495 368 3565 eerrnnlrnn
401 3492 529 3575 urantur
555 3493 773 3569 nttqesrente.
841 3480 973 3548 l'ervur
1002 3499 1158 3547 crescens
1210 3478 1305 3548 Mira
1324 3479 1399 3550 eius
1417 3482 1471 3552 vis
1494 3494 1529 3551 et
1550 3494 1694 3564 natura,
1718 3482 1923 3573 praesertim
1946 3482 2050 3555 illius
2069 3484 2130 3579 qui
2149 3485 2183 3553 io

176 3590 365 3661 esurrlenit
391 3588 428 3656 ln
451 3578 641 3681 φλόγωσιν
659 3592 692 3649 et
719 3577 1031 3646 inflammationem
1057 3577 1158 3648 inve·
1209 3578 1443 3650 animantium
1471 3582 1638 3652 cordibus
1658 3583 1879 3670 accenditur,
1912 3597 1948 3655 et
1976 3585 2080 3676 origo
2100 3585 2181 3655 mira

176 3694 327 3765 lesrunte
344 3708 433 3777 pene
449 3686 493 3751 ml
510 3700 687 3749 surnmum
701 3676 835 3760 colore,
861 3700 1027 3769 compage
1041 3691 1158 3749 tamen
1210 3679 1453 3774 explicataque
1479 3705 1647 3774 perquam
1679 3684 1853 3771 difficilis,
1893 3685 1951 3755 vel
1983 3687 2107 3777 potius
2124 3687 2183 3759 ob.

177 3786 279 3861 rnirrti
303 3798 406 3877 utqrn.
427 3778 679 3853 corretitntione
700 3778 862 3847 noudum
886 3777 989 3850 lasese.
1057 3774 1158 3849 llanc
1209 3803 1310 3852 scura
1333 3804 1478 3873 prorsus
1500 3797 1534 3852 et
1550 3785 1777 3868 abscondita,
1816 3787 1906 3856 mire
1929 3788 2090 3883 deniqne
2110 3812 2182 3861 eum

178 3886 323 3961 turtdenr
341 3884 408 3955 nisi
427 3894 645 3953 nutnaturse
667 3879 778 3948 robur
801 3878 969 3969 impediat
992 3892 1053 3952 aut
1076 3904 1159 3974 pro·
1210 3906 1251 3953 eo
1280 3882 1396 3954 calore
1420 3883 1483 3976 qui
1511 3881 1676 3980 ἔμφυτος
1696 3887 1838 3980 proprie
1860 3900 1895 3957 et
1916 3881 2118 3986 σύμφυτος
2139 3905 2183 3963 err

177 3986 419 4079 blbcatopers
437 3984 542 4069 erlis,
567 3980 726 4075 sequitur
747 4002 787 4049 ea
810 3981 854 4049 de
868 4004 936 4075 qna
952 3979 1159 4054 Aristoteles
1208 3983 1488 4080 cognatioatque
1502 3988 1761 4064 convenientia.
1808 3984 1954 4061 Etenim
1975 3991 2078 4064 calor
2099 3986 2182 4086 orip-

176 4090 339 4185 loquitur
358 4078 489 4185 epilepsi
516 4086 584 4157 ruti
608 4074 777 4178 lprqtirov
797 4080 955 4177 θερμοῦ.
1008 4082 1158 4179 Utrique
1208 4110 1343 4183 potor,
1370 4088 1400 4157 si
1422 4089 1513 4158 absit
1531 4090 1705 4176 influens,
1725 4115 1808 4160 mox
1824 4091 2061 4180 elanguescit,
2084 4096 2182 4188 perit·

178 4194 287 4285 igitur
306 4186 488 4261 Aristoteli
504 4200 538 4257 et
553 4183 691 4256 liulrno
716 4184 915 4279 proximum
934 4180 998 4259 seui
1022 4182 1157 4281 riperips·
1209 4211 1278 4281 que
1294 4202 1328 4258 et
1345 4189 1382 4258 in
1399 4191 1541 4279 igneum
1560 4206 1738 4263 exaestuat
1752 4194 1799 4261 ab
1813 4207 1978 4263 extraneo
1994 4219 2183 4289 oppresus,

177 4318 269 4371 oron
289 4292 408 4365 αἴτιον
431 4286 695 4383 putrefactionis
718 4300 769 4361 est
791 4286 928 4360 alienus
949 4311 1010 4359 seu
1035 4288 1159 4377 igneus
1208 4288 1279 4359 nisi
1294 4291 1460 4363 lomentis
1474 4295 1675 4368 roboretur.
1724 4292 1806 4364 Non
1824 4295 1940 4365 obniti
1960 4297 2060 4367 enim
2082 4313 2183 4371 etre-

176 4396 294 4481 culor,
317 4391 436 4487 quiin
453 4390 563 4462 mixto
586 4390 765 4479 incensus,
790 4402 825 4463 et
845 4390 1073 4463 confirmatus
1093 4414 1160 4483 op-
1210 4392 1330 4463 sistere
1354 4392 1577 4487 impressioni
1598 4396 1810 4488 potentioris
1829 4396 1957 4467 caloris
1977 4398 2182 4471 imbecillior

175 4498 318 4597 primit,
358 4492 528 4585 eliditque
551 4490 711 4563 nativum
738 4516 778 4564 ee
807 4492 1023 4567 dominatur.
1089 4489 1159 4564 llic
1209 4493 1421 4587 ipsepotest.
1466 4494 1624 4566 lulluens
1637 4498 1666 4566 si
1682 4498 1913 4589 proportione
1926 4513 1961 4570 et
1974 4500 2089 4572 calori
2104 4514 2182 4573 teu·

176 4602 273 4675 esler
292 4619 374 4668 mor
393 4592 567 4678 absumit,
599 4586 761 4666 erlnruit
781 4618 821 4665 ac
844 4592 991 4688 dissipet
1016 4610 1158 4669 nemrim
1209 4597 1403 4687 potamenti
1421 4610 1456 4668 et
1474 4599 1584 4669 totius
1608 4598 1710 4669 mixti
1732 4599 1949 4671 substantiae
1969 4606 2182 4693 respoudeat,

172 4699 381 4784 humidum,
405 4696 501 4791 quod
518 4694 677 4766 nativum
695 4694 844 4766 calorem
859 4709 892 4768 ct
908 4691 1024 4778 vellit,
1049 4710 1084 4769 et
1096 4696 1159 4767 ulit
1209 4710 1285 4766 tum
1299 4698 1362 4768 alit
1379 4698 1532 4769 calorem
1548 4700 1664 4792 ipsum
1679 4701 1844 4794 acuitque
1856 4701 1930 4771 viru
1945 4701 2023 4773 eius
2034 4717 2071 4775 et
2083 4705 2183 4779 actio

173 4808 349 4897 fovetque.
401 4790 888 4888 erarellristoteleslurmirli
906 4798 1057 4869 calorem
1073 4820 1160 4869 eon-
1209 4820 1291 4882 nes,
1317 4812 1393 4870 tnm
1412 4800 1561 4872 mixtum
1583 4814 1766 4873 conservat
1788 4803 2036 4897 defenditque,
2060 4828 2110 4877 ue
2130 4808 2184 4877 de·

176 4904 325 4981 tinentia
339 4898 519 4985 meminit,
544 4910 579 4969 et
593 4894 754 4969 Galenus
781 4892 875 4967 hrrrsc
898 4900 993 4993 epoti
1020 4894 1159 4969 humidi
1209 4899 1376 4972 trimento
1407 4902 1527 4994 aliquo
1556 4904 1748 4988 alliciatur,
1796 4902 1836 4974 Si
1868 4905 1915 4976 sit
1942 4898 2183 5003 ἀσύμμετρος,

175 5031 214 5080 ee
227 5002 355 5079 caloris
372 4998 611 5073 evanescentis
627 4998 801 5069 delectum
817 4998 950 5075 indicat
964 5000 1160 5073 mutatione
1209 5024 1312 5071 causa
1326 5017 1378 5074 est
1392 5005 1633 5096 corruptionis
1647 5006 1780 5089 mixto,
1804 5007 1865 5075 sed
1886 5030 1961 5077 uon
1981 5032 2059 5079 uno
2076 5012 2186 5081 mode

175 5108 284 5176 totius
298 5102 515 5177 substatiae
526 5103 572 5172 ad
585 5098 873 5191 corruptionem,
896 5126 1082 5195 quaemus
1104 5124 1160 5172 se-
1209 5101 1248 5173 Si
1269 5105 1432 5193 langueat
1446 5105 1561 5188 enim,
1586 5128 1667 5175 eum
1682 5129 1809 5196 pamm
1825 5108 2020 5179 admodum
2034 5112 2188 5181 conferet

176 5206 298 5295 quitur
310 5201 486 5273 dissoluto
501 5224 542 5271 sc
557 5201 738 5272 dilabente
759 5202 881 5277 mixto.
931 5200 1021 5275 Natu
1044 5218 1079 5277 et
1099 5197 1160 5274 ltic
1209 5206 1264 5297 τῷ
1289 5199 1477 5301 συμφύτῳ
1494 5204 1647 5300 θερμῷ,
1685 5207 1725 5277 fit
1748 5217 1791 5278 ut
1810 5207 1962 5277 mixtum
1980 5207 2189 5283 dammum

177 5300 300 5389 igneus
320 5300 418 5375 calor
438 5302 582 5373 taudem
603 5300 757 5393 expirat,
784 5316 820 5374 et
842 5301 1059 5400 relinquitur
1079 5326 1160 5379 coe-
1209 5306 1386 5397 praesidio
1408 5320 1443 5378 et
1470 5307 1677 5379 adiumento
1705 5308 1800 5394 eius,
1838 5306 1942 5378 tacite
1963 5318 2072 5404 etque
2090 5335 2192 5385 m.
