4680 6038
61 241 139 325 Μ

570 235 732 321 naon
769 236 847 317 nn
878 211 1066 317 τίετο
1092 234 1498 316 rennuentes.
1527 238 1593 314 τν.

2018 240 2095 320 ⁸⁶⁰
2193 322 2201 333 .

64 417 163 490 lesos
184 394 348 490 Christus
368 429 529 512 receptus
550 417 591 487 in
613 417 751 488 eoelum
768 439 854 489 suae
874 411 1054 491 Ecclesiae
1104 427 1216 501 atros,
1256 436 1410 511 qnorum
1438 439 1525 487 voce
1557 415 1746 507 colligatur
1772 410 1933 489 Ecclesia
1964 437 2096 508 genere

63 521 225 614 impertit
241 545 281 590 ar
297 521 491 592 distribuit.

167 621 242 695 Cur
265 623 374 714 igitur
397 622 546 704 Paulus,
573 646 652 693 cntn
673 622 782 694 vellet
797 623 895 696 illud
917 621 1053 694 dictum

65 725 199 799 Psalmi
220 727 446 819 interpretari
464 729 518 796 ·de
545 726 650 796 donis
668 725 947 811 distribuendis,
978 748 1053 794 non

64 830 148 901 iecit
169 829 288 920 potius
305 831 524 901 mentionem
546 823 675 898 borum
702 853 782 900 νετε
799 830 1002 901 coelestium
1021 839 1056 898 et

63 946 290 1005 aeternorum
307 933 503 1017 bonorum,
528 955 618 1024 quae
632 933 706 1001 sola
722 933 829 1021 digua
844 946 927 1005 sunt
940 956 961 1002 a
975 945 1054 1002 tau-

64 1049 101 1107 to
125 1035 276 1105 domino
303 1047 338 1104 et
358 1036 491 1105 victore
514 1035 664 1104 donari?
714 1032 790 1107 Cur
811 1035 937 1108 maluit
960 1036 1054 1104 dona

64 1161 192 1208 vocare
208 1133 373 1228 homiues
388 1159 636 1227 aerumnosos,
660 1159 760 1208 suam
781 1139 940 1231 ipsorum
960 1137 1056 1206 mul·

65 1241 221 1333 tiplicern
250 1240 492 1311 infirmitatem
527 1240 769 1332 deplorantes,
802 1254 836 1312 et
860 1239 967 1313 morti
989 1240 1056 1311 ob-

66 1341 217 1416 noxios?

165 1445 281 1520 Causa
304 1458 356 1517 est
375 1445 577 1530 verissima,
604 1448 699 1540 quod
724 1448 828 1518 divus
847 1446 981 1520 Penius
998 1470 1056 1517 re-

63 1550 177 1644 spexit
192 1550 236 1618 ad
251 1550 419 1629 modum,
442 1573 514 1643 quo
529 1551 837 1622 communicantur
852 1551 958 1622 nobis
971 1546 1057 1621 baec

64 1651 228 1726 coelestia
250 1663 291 1720 et
305 1665 447 1721 aeterna
468 1653 579 1736 bona,
613 1676 704 1746 quae
728 1678 802 1724 non
826 1656 930 1726 aliter
951 1653 1056 1725 nobis

64 1757 293 1838 tribuuntur,
323 1754 392 1823 nisi
415 1778 480 1845 per
500 1754 737 1826 ministerium
764 1759 878 1832 verbi.
927 1756 1058 1828 Admi-

64 1862 178 1929 rando
201 1858 296 1929 euim
317 1858 468 1926 consilio
490 1871 525 1928 et
547 1858 743 1930 certissimo
766 1862 906 1931 decreto
923 1859 1057 1931 consti-

64 1963 134 2034 tnit
155 1959 269 2042 Dens,
306 1984 392 2029 voce
415 1955 606 2050 Evangelii
631 1962 767 2053 prolata
791 1987 855 2056 per
877 1963 990 2034 filium
1016 1986 1058 2031 ex

21 2072 30 2099 ⁸
64 2065 151 2135 sinn
170 2062 301 2133 aeterni
323 2063 451 2154 patris,
484 2076 518 2132 et
547 2077 696 2133 sonante
720 2088 785 2157 per
810 2063 1003 2157 Apostolos
1024 2078 1059 2134 et

64 2190 144 2237 non
166 2164 284 2248 aliter,
317 2165 433 2234 salvos
455 2166 569 2235 lacere
595 2156 781 2252 homiues,
814 2181 849 2238 et
871 2167 1059 2258 participes

63 2269 213 2340 reddere
230 2283 455 2338 aeternorum
474 2266 746 2348 beneficiorum,
773 2294 864 2363 quae
880 2292 942 2339 sua
960 2294 1055 2339 mor·

63 2387 114 2457 te,
141 2369 315 2451 victoria,
339 2369 597 2438 resurrectione
619 2383 654 2439 et
677 2371 771 2441 laeto
797 2368 979 2463 trlumpho
997 2395 1057 2463 pe·

64 2473 173 2566 perit,
201 2484 235 2539 et
255 2471 462 2560 impetravit
483 2472 604 2560 generi
622 2465 779 2543 humano
794 2472 974 2546 Dominus
991 2498 1058 2542 no-

63 2591 133 2648 ster
144 2567 425 2657 lesusChristus‚
444 2573 534 2646 sicut
549 2573 669 2667 inquit
684 2574 758 2667 ipse
767 2573 916 2648 Paulus:
936 2573 1058 2647 Evan-

62 2679 195 2770 geliom
211 2687 264 2744 est
278 2677 436 2765 potentia
452 2671 520 2745 Dei
544 2677 588 2745 ad
608 2677 756 2746 salutem
772 2680 870 2748 omni
888 2680 1057 2752 credenti.

167 2778 252 2850 ldeo
275 2776 408 2847 Paulus
432 2780 526 2848 dona
557 2779 618 2847 illa
641 2775 897 2872 triumphantis
922 2776 1056 2855 Christi

62 2884 242 2978 sapienter
256 2881 402 2971 exponit
420 2880 514 2971 ipsos
530 2875 734 2973 Apostolos,
761 2882 924 2955 Pastores
940 2899 972 2955 et
982 2881 1058 2954 Do-

61 2980 204 3067 uoces,
230 2984 315 3077 quia
337 3007 400 3075 per
422 2983 504 3053 illos
529 2998 696 3055 sonantes
717 2987 916 3059 doctrinam
940 3011 960 3057 a
984 2987 1057 3058 filio

61 3088 129 3164 Dei
155 3099 354 3176 acceptam,
386 3087 620 3159 conteruntur
646 3101 681 3159 et
708 3087 973 3162 distribuuntur
996 3090 1057 3159 illa

63 3192 228 3264 coelestia
244 3189 337 3259 bona
352 3188 537 3275 omuibus,
559 3189 621 3283 qui
638 3191 759 3260 audito
775 3192 884 3262 verbo
899 3194 1059 3275 credunt,

64 3311 97 3368 et
118 3307 223 3389 parta
245 3292 339 3362 bona
361 3316 381 3361 a
404 3291 477 3361 filio
500 3289 568 3363 Dei
591 3304 625 3360 et
649 3292 768 3362 oblata
790 3318 856 3387 per
876 3292 1059 3364 ministros

63 3399 132 3470 bde
149 3396 219 3467 sibi
236 3395 427 3487 applicant.

164 3496 302 3592 Estque
332 3492 399 3567 hoc
422 3497 556 3567 dictum
579 3493 685 3568 Pauli
712 3497 915 3590 oppositum
939 3498 1060 3592 perui·

65 3601 259 3678 cioaissimo
289 3600 403 3669 errori
422 3598 655 3670 Stenckieldii
686 3614 721 3672 et
747 3601 899 3672 aliorum
929 3596 1057 3673 enthu-

65 3709 273 3788 siastarum,
301 3702 364 3796 qui
393 3703 450 3771 vel
472 3702 621 3774 verbnm
652 3703 775 3776 vocale
795 3727 940 3798 prorsus
966 3718 1061 3775 exte-

64 3821 180 3883 nuant
201 3819 236 3876 et
259 3817 513 3890 contemnunt,
544 3806 601 3875 vel
624 3807 755 3878 docent
772 3807 932 3898 neglecto
950 3808 1061 3878 verbo

65 3912 301 4005 expectandos
316 3929 389 3978 esse
404 3921 526 4000 raptus
540 3907 727 3984 violentos.

169 4007 279 4083 Nobis
310 4032 394 4082 vero
427 4023 462 4080 et
485 4010 649 4083 doctriua
674 4012 889 4107 proponitur
912 4025 948 4083 et
974 4035 1062 4083 con-

62 4115 208 4190 solatio.
450 4200 453 4205 ¹

166 4214 341 4291 Doctrina
363 4228 415 4286 est
439 4237 738 4310 que-monemur,
769 4232 811 4290 ut
833 4216 1061 4308 magnifacia-

59 4345 146 4397 tnua
160 4332 198 4392 et
209 4341 422 4389 veneremur
443 4317 681 4391 ministerium
697 4317 904 4412 Evangelii,
930 4334 964 4392 et
979 4343 1062 4390 νετε

58 4439 263 4500 statuamus
287 4443 350 4511 per
369 4421 481 4507 illud,
510 4434 545 4492 et
564 4445 640 4493 non
662 4423 784 4510 aliter,
814 4423 920 4495 nobis
935 4422 1062 4493 donari

57 4529 126 4600 illa
150 4522 315 4598 coelestia
338 4523 451 4603 bona,
482 4535 581 4613 parta
606 4526 780 4618 sanguine
799 4539 834 4598 et
856 4538 970 4596 morte
985 4522 1060 4596 Do-

56 4630 156 4701 mini
187 4625 302 4698 nostri
339 4622 417 4696 lesu
446 4621 603 4713 Christi,
641 4627 737 4700 iuxta
775 4626 881 4700 Pauli
909 4628 1061 4698 dictum:

57 4731 170 4824 Quos
191 4728 315 4822 elegit,
342 4722 407 4798 bos
426 4739 460 4797 et
481 4730 632 4807 vomuit.
679 4729 786 4803 ltem:
813 4729 920 4802 Fides
940 4753 982 4801 ex
998 4755 1063 4802 au-

58 4837 147 4909 dito
172 4846 237 4906 eat.

168 4932 379 5008 Consolatio
404 4932 592 5027 multiplex
627 4935 832 5007 continetur
860 4929 930 5004 hoc
962 4934 1063 5004 brevi

57 5043 165 5115 dicto
180 5035 295 5110 Pauli.
348 5033 511 5106 Primum
535 5039 631 5131 quod
656 5037 749 5108 filius
762 5035 830 5109 Dei
846 5038 921 5131 ipse
938 5039 984 5108 sit
1000 5063 1064 5109 cu-

57 5158 142 5219 stas
159 5136 358 5223 Ecclesiae,
391 5151 426 5208 et
448 5154 632 5212 conservet
650 5140 905 5226 ministerium,
931 5139 1063 5210 excita·

58 5248 112 5323 tia
135 5244 292 5317 subinde
313 5241 382 5335 piis
401 5263 441 5312 ac
461 5240 677 5314 salutaribus
697 5239 926 5318 Ductoribus.
978 5239 1063 5312 ldeo

56 5348 165 5424 enim
182 5345 341 5419 aseendit
355 5343 394 5413 in
408 5343 541 5427 altum,
566 5344 684 5439 inquit
692 5343 843 5432 Paulos,
869 5345 952 5416 ideo
967 5345 1065 5418 sedet

57 5454 111 5527 ad
131 5452 294 5525 dextram
309 5446 380 5521 Dei
397 5446 526 5540 patris,
553 5444 637 5519 ideo
657 5462 798 5540 uenat,
820 5461 863 5522 nt
878 5449 940 5521 det
952 5446 1064 5518 mini-

1106 511 1279 594 humano.

1206 656 1350 729 Deinde
1366 658 1515 750 singulis
1531 659 1664 731 vocatis
1680 661 1725 731 ad
1740 683 1870 731 munus
1886 659 2039 731 docendi
2054 659 2094 729 iu

1105 757 1265 833 Ecclesia
1282 756 1369 831 haec
1383 762 1508 853 ingens
1522 760 1716 834 consolatio
1732 765 1958 857 proponitur,
1984 761 2094 851 Quod

1106 864 1241 935 Paulus
1258 865 1336 934 vult
1358 889 1417 935 eos
1442 879 1537 936 certo
1560 877 1734 950 statuere,
1759 864 1873 936 filium
1889 864 1957 938 Dei
1981 858 2094 965 λόγον

1107 969 1199 1037 velle
1214 968 1388 1037 efficacem
1407 991 1481 1037 esse
1500 991 1562 1058 per
1577 966 1815 1038 ministerium
1839 969 2019 1063 ipsorum,
2044 990 2095 1037 sa·

1107 1085 1168 1247 ppt
1183 1069 1302 1189 ipqnit
1317 1070 1421 1140 alibi:
1447 1067 1568 1140 Labor
1582 1083 1698 1142 vester
1718 1093 1794 1141 non
1817 1071 1885 1143 erit
1911 1071 2096 1185 irritus-in

1141 1195 1277 1244 omino.

1212 1309 1343 1381 Sumus
1365 1331 1430 1378 nos
1455 1331 1540 1380 sane
1563 1310 1785 1396 aerumnosi,
1818 1334 1940 1383 sumus
1963 1308 2099 1393 miseri,

1109 1436 1229 1485 sumus
1244 1411 1354 1505 spreti
1371 1411 1409 1481 in
1425 1414 1561 1482 mundo
1579 1426 1614 1484 et
1629 1412 1829 1485 conculcati
1842 1427 1879 1485 et
1894 1437 1976 1483 vere
1995 1410 2099 1494 ἔξου-

1108 1511 1332 1611 daupein,
1364 1537 1485 1586 sumus
1501 1515 1605 1587 etiam
1625 1515 1758 1585 infirmi
1774 1529 1811 1587 et
1833 1516 1957 1587 multis
1981 1515 2098 1585 sordi-

1109 1622 1175 1691 bus
1190 1619 1344 1703 soedati,
1370 1618 1409 1688 ac
1427 1642 1572 1710 prorsus
1586 1632 1627 1691 ut
1643 1615 1806 1689 Psalmus
1828 1619 2005 1713 loquitur:
2031 1610 2098 1710 νή-

1109 1748 1186 1796 πιοι
1203 1717 1266 1794 καὶ
1283 1712 1520 1815 astitores.
1556 1719 1634 1791 lmo
1649 1744 1771 1791 revera
1790 1745 1924 1807 sumus,
1947 1734 1987 1792 ut
2001 1716 2097 1790 Pau·

1110 1828 1166 1897 lus
1188 1828 1234 1895 de
1253 1847 1289 1894 se
1321 1824 1458 1918 inquit:
1492 1821 1724 1921 ἐκτρώματα.
1777 1821 1917 1894 Tamen
1945 1823 2098 1894 sciamus

1109 1930 1223 1999 tilium
1243 1924 1312 1998 Dei
1329 1951 1392 2017 per
1406 1939 1564 1996 nostram
1581 1927 1759 1996 infirmam
1775 1951 1899 1997 vocem
1923 1925 2097 1995 efficacem

1110 2055 1184 2103 esse
1200 2045 1235 2101 et
1248 2055 1312 2123 per
1328 2025 1421 2099 banc
1437 2029 1581 2099 stultam
1595 2027 1894 2120 praedicationem
1912 2028 2028 2098 salvos
2044 2028 2099 2096 fa-

1111 2159 1189 2205 cere
1204 2135 1385 2203 credentes
1401 2132 1530 2216 verbo,
1556 2130 1648 2202 sicut
1663 2130 1799 2225 inquit:
1824 2131 1950 2202 Virtus
1965 2153 2042 2200 mea
2059 2128 2100 2197 in

1112 2236 1318 2309 infirmitate
1336 2235 1528 2328 perficitur.

1212 2369 1266 2440 lta
1288 2365 1357 2439 hoc
1380 2369 1458 2438 loco
1474 2364 1608 2439 Paulus
1630 2368 1769 2461 iuquit,
1795 2362 2005 2459 Apostolos,
2031 2359 2101 2432 Pa·

1111 2488 1222 2545 stores
1245 2485 1280 2542 et
1294 2468 1467 2542 Doctores
1490 2493 1563 2540 esse
1587 2471 1649 2540 illa
1672 2472 1785 2555 dona,
1809 2492 1900 2563 quae
1923 2467 2018 2536 lilius
2032 2460 2101 2534 Dei

1112 2591 1189 2647 acto
1215 2568 1399 2666 triumpho
1419 2596 1502 2644 suae
1516 2569 1698 2644 Ecclesiae
1718 2570 1929 2655 distribuat,
1949 2563 2017 2638 boc
2040 2580 2102 2648 est,

1112 2703 1185 2749 esse
1200 2678 1262 2747 illa
1276 2677 1352 2769 ipsa
1370 2698 1518 2765 organa,
1543 2699 1607 2764 per
1621 2698 1711 2769 quae
1738 2674 1799 2743 illa
1823 2672 1985 2742 coelestia
2003 2683 2037 2739 et
2061 2668 2101 2736 in

1113 2780 1361 2855 aeternitatem
1379 2780 1551 2850 duratura
1565 2779 1660 2849 bona
1678 2773 1886 2847 bominibus
1909 2771 2102 2866 impertiat.

1213 2913 1291 2986 Hac
1324 2937 1391 2985 nos
1425 2912 1669 2986 consolatione
1702 2926 1736 2982 et
1773 2912 1811 2980 in
1853 2886 2103 2981 communibus

1112 3018 1312 3103 aerumnis,
1338 3017 1425 3088 etin
1440 3040 1545 3089 sensu
1561 3013 1777 3086 infirmitatis
1801 3013 1966 3107 propriae
1988 3009 2104 3099 eriga-

1111 3147 1192 3195 mus
1211 3135 1246 3193 et
1259 3133 1507 3194 sustentemus.

1217 3253 1271 3325 Τε
1291 3278 1376 3324 νετο
1393 3254 1443 3322 bli
1461 3253 1546 3337 Dei,
1570 3244 1655 3352 idya
1674 3247 1739 3324 καὶ
1753 3245 1864 3322 εἰκὼν
1887 3243 2014 3322 ἀϊδίου
2030 3270 2104 3318 πα·-

1111 3353 1219 3457 τρὸς,
1253 3356 1422 3427 collector
1441 3369 1475 3426 et
1499 3367 1618 3426 costos
1638 3350 1818 3425 Ecclesiae
1839 3365 1921 3423 tuae
1950 3373 2104 3431 oramus,

1112 3476 1153 3533 ut
1172 3484 1239 3531 uos
1261 3459 1479 3529 miserrimos
1505 3451 1669 3528 homines
1694 3454 1877 3527 verissime
1898 3454 2050 3524 infantes
2069 3465 2105 3522 et

1112 3564 1281 3636 lactentes
1301 3575 1336 3632 et
1360 3573 1503 3632 vocatos
1517 3573 1637 3631 tamen
1651 3560 1694 3629 ad
1712 3553 1781 3629 hoc
1804 3556 1948 3628 difficile
1963 3577 2106 3638 munos,

1113 3680 1155 3739 ut
1179 3680 1278 3736 tuam
1302 3687 1424 3734 vocem
1447 3664 1486 3732 in
1508 3659 1669 3734 Ecclesia
1690 3683 1875 3731 sonemus:
1909 3681 2008 3749 regas
2030 3656 2106 3750 ipae

1114 3769 1252 3863 Spiritu
1274 3778 1395 3838 sancto
1408 3777 1491 3852 tuo,
1513 3766 1656 3850 doceas,
1683 3763 1887 3842 confirmes,
1913 3775 1948 3831 et
1965 3772 2105 3841 susten·

1114 3886 1165 3944 tes
1181 3872 1219 3941 in
1238 3864 1304 3941 bac
1322 3893 1449 3959 magna
1467 3867 1672 3938 infirmitate
1688 3879 1828 3949 nostra,
1852 3876 1886 3934 et
1901 3864 1940 3932 in
1958 3859 2025 3934 bac
2039 3861 2106 3933 tri·

1115 3975 1161 4046 sti
1177 3971 1387 4045 confusione
1403 3983 1601 4061 postremae
1611 3968 1735 4038 aetatis
1758 3966 1906 4049 muudi,
1931 3979 1970 4035 ut
1995 3963 2106 4034 simus

1115 4101 1247 4168 organa
1272 4074 1460 4158 salutaria,
1492 4097 1557 4166 per
1584 4093 1676 4164 quae
1709 4066 1946 4138 sanctificetur
1974 4066 2107 4135 nomen

1115 4194 1238 4264 tuum,
1272 4176 1418 4270 plurimi
1441 4175 1683 4266 perducantur
1703 4173 1748 4241 ad
1775 4168 1978 4239 societatem
2005 4166 2107 4258 regni

1114 4283 1188 4368 tui,
1215 4295 1249 4353 et
1270 4279 1388 4374 aliqua
1414 4277 1481 4348 tibi
1505 4277 1544 4347 in
1567 4296 1695 4367 genere
1719 4267 1878 4344 humano
1896 4285 1994 4360 grata
2010 4271 2109 4352 liant,

1114 4381 1246 4462 Amen.
1295 4379 1392 4454 Dixi.

1887 4619 1960 4630 ...ι
1966 4613 2110 4628 00-

1114 4827 1183 4900 No.
1205 4819 1290 4897 175.

1121 4919 1295 4955 ...ν

1931 4903 2104 4938 m

1311 5113 1389 5199 De
1418 5108 1645 5221 Gregorio
1671 5103 1899 5191 Ponione.

1187 5330 1219 5384 ln
1237 5325 1405 5382 Gratianum
1424 5323 1459 5381 Τ.
1472 5320 1505 5377 V.
1524 5339 1550 5393 p.
1565 5319 1642 5383 182..
1659 5319 1735 5391 apud
1757 5314 1886 5373 Ricbard.
1905 5312 1938 5367 Τ.
1954 5313 1986 5369 ΙΙ.
2007 5334 2032 5386 p.
2052 5311 2113 5370 68.

1220 5408 1247 5452 et
1273 5394 1302 5449 in
1329 5392 1511 5450 Orationibus
1534 5388 1682 5460 postremis
1699 5408 1727 5461 p.
1747 5387 1806 5442 tat.
1851 5383 1942 5439 Etiam
1967 5381 2112 5456 separatim

1219 5466 1291 5522 adita
1310 5460 1426 5521 Wueb.
1447 5460 1523 5516 tao).
1542 5460 1569 5518 8.
1588 5454 1638 5517 Ν
1659 5455 1699 5532 pt.
