4680 6038
157 202 255 282 1073
720 202 747 278 Ι.
793 198 1088 279 CHRONlCON
1119 198 1367 278 CARlONlS.
1420 198 1548 276 PARS
1571 196 1618 272 Il.
1651 262 1655 267 .
2082 207 2180 280 1074

156 395 234 471 pter
256 377 495 447 defensionem
513 371 752 445 Ecclesiarnm
779 389 814 446 et
830 371 1055 447 Christianae
1077 377 1143 445 do·
1190 397 1272 443 men
1298 374 1554 444 Saracenorum
1580 388 1672 445 extat
1695 375 1733 444 in
1758 370 1905 446 historia
1933 376 2113 449 Zenobiae
2136 382 2176 448 in
2244 363 2251 374 ¹

158 484 291 554 ctrinae
322 481 566 549 dimicandum
599 502 672 547 esse
706 479 939 569 intelligebat.
992 475 1142 549 Erectus
1191 476 1351 548 victoriis
1364 473 1563 550 Aureliani.
1616 473 1792 549 Existimo
1817 495 1934 549 autem
1961 482 2071 571 ipsam
2087 504 2175 572 gen·

157 586 266 675 igitur
289 606 350 676 spe
372 582 496 652 auxilii
513 583 627 650 divini
644 581 839 652 exercitum
863 583 901 651 in
928 581 1067 676 Syriam
1097 582 1140 650 ad
1191 592 1259 649 tem
1271 576 1468 668 Agarenam
1485 581 1650 649 maluisse
1666 580 2062 653 nominariSaracenam
2080 584 2175 656 aSa·

157 686 309 757 Azotum
334 687 445 755 ducit.
502 683 590 754 lnde
614 709 693 754 cum
718 681 868 755 Cosroiis
899 687 1053 774 fugeret,
1089 695 1142 752 ter
1190 707 1247 767 ra,
1273 684 1356 775 quia
1374 683 1562 771 gloriosius
1578 697 1652 754 erat
1676 684 1747 753 dici
1770 698 1867 753 ortos
1897 685 2027 757 aSara
2049 687 2173 767 libera,

158 790 304 859 dimicat
319 785 503 857 Heraclius
531 812 610 857 cum
627 784 781 858 Cosroae
801 789 1031 871 exercitibus,
1059 788 1139 881 qui·
1189 810 1295 879 quam
1322 787 1367 854 ab
1393 785 1522 854 ancilla
1547 782 1653 875 Agar.
1708 784 1785 880 lpse
1809 781 2037 859 Mahometus
2068 789 2173 859 etiam

156 896 223 963 bus
251 892 447 982 profligatis
471 891 660 960 domestica
687 891 885 961 calamitate
900 889 1052 961 Cosro‘e's
1073 914 1137 980 op·
1192 900 1310 979 postea
1349 888 1493 978 gloriosi
1537 888 1694 957 nominis
1728 891 1908 960 mentione
1950 891 2174 962 confirmavit

155 1017 297 1086 pressus
320 1009 389 1078 est,
423 1008 463 1063 ut
485 994 617 1083 insigni
639 994 797 1086 exemplo
822 995 898 1065 eius
920 994 1084 1085 superbia
1107 1007 1140 1061 et
1189 991 1398 1075 exercitum,
1425 990 1622 1061 vociferans
1636 992 1815 1084 pertinere
1830 994 1873 1062 ad
1890 1016 1949 1063 eos
1965 994 2173 1086 promissio·
2201 1030 2205 1041 ‚

155 1092 396 1188 blasphemiae
419 1096 642 1186 punirentur.
1188 1117 1268 1163 nem
1298 1095 1398 1184 regni
1429 1095 1575 1180 mundi,
1618 1090 1785 1165 Abrahae
1816 1096 1965 1186 posteris
1995 1096 2173 1177 traditam,

257 1199 346 1271 Cum
374 1200 485 1269 lilium
511 1202 705 1267 secundnm
732 1192 949 1267 Mordosen
980 1198 1138 1287 neglecto
1188 1199 1270 1291 quia
1296 1210 1411 1267 essent
1430 1197 1496 1264 lilii
1518 1196 1645 1281 Sarae,
1672 1198 1762 1269 sicut
1782 1211 1964 1291 praetextu
1988 1198 2172 1288 religionis

156 1304 272 1394 primo
296 1303 371 1370 filio
394 1296 507 1371 Siroe'
529 1325 765 1371 successorem
796 1302 835 1370 in
859 1326 977 1393 regno·
995 1300 1138 1371 Persico
1187 1323 1290 1392 saepe
1305 1293 1467 1368 homines
1484 1299 1689 1370 incitantur.

155 1404 412 1488 constituisset,
445 1405 537 1494 cepit
560 1417 694 1496 patrem
720 1398 884 1475 Cosroe'n
912 1408 1024 1474 maior
1053 1416 1138 1471 natu
1288 1400 1637 1473 Militaveratautem
1653 1400 2061 1475 exereitusSaracenicus
2077 1403 2171 1493 apud

154 1509 262 1592 filius,
275 1521 308 1577 et
329 1508 505 1578 trucidato
525 1508 633 1577 fratre
653 1506 816 1576 Mardasa
833 1521 1011 1599 spectante
1031 1520 1139 1596 patre,
1186 1504 1391 1576 Heraclium
1408 1518 1530 1575 contra
1549 1504 1683 1577 Persas.
1734 1504 1782 1576 Et
1806 1507 1889 1601 quia
1907 1505 2080 1598 stipendia
2098 1526 2171 1574 non

154 1611 284 1680 deinde
307 1625 340 1680 et
364 1624 500 1702 patrem
526 1609 705 1684 interficit.
755 1608 834 1680 Hoc
857 1614 964 1680 modo
988 1632 1136 1700 regnum
1186 1611 1382 1689 dabantur,
1410 1608 1536 1679 deiecit
1557 1609 1603 1678 ab
1619 1608 1797 1680 Heraclio.
1848 1609 1965 1680 Aiunt
1988 1623 2023 1678 et
2044 1621 2171 1680 contn-

154 1715 303 1805 adeptus
318 1712 438 1784 Siroe's
460 1723 499 1781 ut
523 1713 680 1782 securior
699 1728 805 1801 esset,
829 1737 949 1803 pacem
969 1738 1047 1783 cum
1065 1709 1136 1780 lle·
1186 1712 1291 1782 melia
1320 1711 1478 1782 irritatos
1497 1734 1591 1796 esse,
1617 1736 1696 1782 cum
1710 1710 1868 1781 Heraclii
1885 1712 2098 1801 Quaestores
2114 1708 2171 1777 di-

152 1815 263 1885 raclio
298 1816 401 1899 lecit,
442 1815 590 1884 redditis
624 1816 788 1906 captivis,
827 1817 921 1885 inter
952 1842 1041 1910 qnos
1065 1829 1137 1883 erat
1185 1817 1342 1899 xissent,
1375 1837 1411 1883 se
1432 1814 1491 1883 vix
1516 1837 1617 1906 posse
1643 1812 1810 1885 Romano
1836 1828 1870 1883 et
1894 1814 2032 1885 Graeco
2063 1810 2170 1883 militi

154 1911 370 1987 Zacharias
384 1912 587 1986 Patriarcha
607 1919 926 2015 lerosolymorum,
952 1917 1136 1990 etreddita
1186 1919 1362 2009 stipendia
1382 1919 1485 1998 dare,
1520 1941 1585 1985 nee
1606 1928 1743 1987 tantum
1767 1941 1803 1984 se
1833 1913 1963 1987 habere
1989 1913 2170 2008 pecuniae,

152 2044 267 2092 cruce.
322 2019 486 2088 Vicissim
510 2017 697 2090 Heraclius
719 2022 874 2093 restitnit
899 2023 1077 2113 captivos,
1105 2033 1136 2088 et
1186 2035 1224 2090 ut
1240 2016 1323 2089 huic
1340 2044 1467 2088 canum
1487 2021 1612 2089 turbae
1628 2019 1878 2092 satisfacerent.
1930 2018 2171 2091 Usitatasunt

155 2124 297 2218 Syriam
313 2136 347 2191 et
363 2121 615 2216 lerosolymam
635 2124 768 2215 recipit.
820 2121 973 2193 Duravit
990 2121 1057 2217 hoc
1081 2124 1139 2192 in·
1185 2136 1301 2194 autem
1328 2123 1464 2216 alioqui
1485 2119 1659 2192 Arabicae
1687 2123 1783 2212 genti
1814 2121 2021 2204 latrocinia,
2059 2142 2169 2211 quare

155 2248 241 2315 gens
266 2226 398 2294 bellum
420 2247 532 2294 annos
554 2249 622 2296 sex.
674 2223 852 2297 Reversus
867 2220 1053 2298 Heraclius
1065 2223 1138 2321 By·
1186 2225 1358 2295 exercitus
1376 2223 1606 2295 Saracenicus
1620 2224 1683 2316 qni
1707 2224 1900 2308 deiecerat,
1926 2221 2051 2313 diripit
2066 2219 2170 2310 oppi-

155 2329 310 2396 zantium
330 2329 507 2416 ingressus
524 2342 594 2414 est,
617 2330 742 2397 sedens
758 2330 795 2398 in
813 2352 917 2399 curru
938 2331 1015 2400 sine
1029 2352 1137 2399 orna·
1183 2331 1229 2399 da
1244 2325 1417 2398 Damasco
1434 2328 1562 2398 vicina.
1596 2326 1706 2397 Multi
1724 2328 1848 2419 inopes
1866 2326 1969 2397 etiam
1988 2350 2008 2394 a
2035 2317 2168 2392 Maho-

153 2430 283 2500 mentis
299 2426 593 2522 triumphalibus,
615 2445 736 2501 tenens
752 2456 890 2502 crucem
907 2433 944 2502 in
961 2433 1137 2512 manibus,
1185 2445 1277 2500 meto
1295 2430 1429 2514 adiuti,
1453 2430 1516 2520 qni
1535 2431 1638 2502 ducta
1654 2454 1763 2500 uxore
1782 2429 1954 2500 ditissima
1969 2426 2071 2497 facile
2089 2448 2168 2516 per·

152 2556 192 2601 ac
214 2533 287 2601 filio
306 2529 374 2602 Dei
396 2533 511 2622 palam
535 2535 664 2624 gratias
678 2557 785 2624 agens
801 2559 867 2627 pro
883 2536 1049 2623 victoria,
1075 2559 1136 2604 cu·
1182 2535 1266 2604 fecit
1280 2533 1550 2622 largitionibus,
1577 2548 1616 2605 ut
1633 2533 1765 2602 milites
1779 2556 1859 2603 eum
1877 2530 2061 2613 audirent,
2088 2551 2168 2597 sun·

152 2636 209 2705 ins
241 2635 438 2704 recordatio
469 2649 510 2706 ut
539 2637 796 2722 celebraretur,
829 2638 936 2708 leriae
969 2639 1136 2709 exaltatae
1184 2637 1228 2704 sit
1245 2649 1286 2706 ut
1309 2636 1434 2703 ducem
1456 2648 1634 2720 crearent,
1659 2649 1694 2706 et
1706 2647 1746 2704 ut
1762 2635 1898 2705 firmior
1915 2646 2002 2703 esset
2017 2653 2168 2701 consen·

151 2739 265 2806 crucis
291 2738 473 2808 institutae
489 2751 583 2809 sunt.
635 2736 688 2808 Ac
715 2740 872 2830 proiecto
901 2765 1015 2833 poena
1038 2743 1135 2811 blas·
1183 2761 1262 2818 sus,
1290 2737 1457 2806 tollerent
1484 2737 1697 2826 religionum
1720 2737 1885 2821 dissidia,
1910 2735 2080 2824 eligerent
2102 2734 2168 2801 do·

150 2836 375 2930 phemiarum
402 2837 552 2924 Cosro'e',
580 2853 620 2910 ut
648 2838 913 2927 Sennacherib,
953 2839 1136 2928 Antiochi,
1183 2842 1316 2910 ctrinae
1339 2862 1450 2928 genus
1483 2839 1572 2908 utile
1602 2841 1826 2910 concordiae.
1876 2837 1955 2931 lpse
1985 2834 2167 2908 doctrinae

150 2938 338 3011 Nicanoris
352 2954 386 3011 et
402 2942 573 3012 similium
591 2944 761 3013 memoria
777 2945 884 3034 digna
902 2958 963 3014 est.
1181 2944 1332 3012 [ormam
1358 2941 1562 3031 proposuit,
1591 2940 1731 3012 addidit
1754 2964 1791 3011 se
1824 2935 1956 3009 habere
1987 2936 2166 3028 colloquia

604 3114 611 3130 ,
1182 3043 1344 3113 coelestia
1360 3055 1393 3112 et
1406 3037 1686 3127 enthusiasmos,
1711 3056 1752 3113 ut
1767 3054 1910 3131 augeret
1928 3039 2166 3111 autoritatem.

252 3109 319 3179 De
346 3105 610 3182 Malwmel‘
643 3119 780 3182 *lecta
805 3120 851 3183 ⁰⁶
875 3133 1032 3208 ΝΜΟ·
1180 3143 1328 3216 Crestus
1343 3145 1536 3234 igiturdnx
1560 3145 1730 3237 paulatim
1746 3146 1848 3216 initia
1864 3141 2166 3234 regniconlirma-

254 3239 383 3331 lugens
407 3257 440 3311 et
457 3238 636 3312 horrenda
654 3245 804 3314 mutatio
820 3246 959 3334 generis
974 3241 1135 3329 hnmani,
1180 3247 1233 3319 vit
1250 3251 1287 3317 in
1304 3247 1434 3316 vicinia
1450 3244 1613 3318 Damasci
1631 3270 1744 3318 annos
1769 3271 1909 3321 novem.

151 3358 186 3414 et
201 3343 346 3437 quidem
365 3347 525 3416 celeriter
542 3347 630 3416 sacta
653 3361 704 3416 est
721 3370 842 3439 sparso
860 3350 1023 3434 dogmate
1036 3342 1134 3416 Ma-
1282 3349 1428 3422 lnitium
1454 3352 1553 3439 regni
1579 3346 1779 3421 Mahometi
1806 3348 2002 3421 collocatur
2031 3346 2069 3413 in
2102 3366 2165 3412 an·

150 3438 307 3533 dumeti,
333 3450 428 3540 quod
445 3449 601 3539 primum
620 3450 773 3540 amplexi
787 3463 869 3519 sunt
885 3445 1045 3536 Arabes,
1072 3452 1134 3543 qni
1181 3477 1268 3523 num
1284 3449 1419 3522 Christi
1434 3454 1722 3523 sexcentesimum
1740 3454 1945 3523 vicesimum
1970 3447 2125 3520 tertium.

149 3573 334 3643 nunquam
372 3552 536 3641 legitimis
580 3551 739 3642 imperiis
776 3569 982 3645 paruerunt.
1062 3553 1132 3623 Sed
1281 3555 1455 3626 Successit
1481 3555 1511 3623 ei
1534 3551 1687 3624 Amicos
1710 3580 1834 3645 gener,
1861 3554 1923 3648 qui
1950 3550 2164 3622 Damascum

150 3653 205 3719 vel
224 3655 321 3722 domi
338 3653 524 3724 latrocinia
542 3669 793 3740 exercuerunt,
820 3657 876 3725 vel
899 3681 963 3727 suo
983 3657 1133 3728 arbitrio
1182 3657 1293 3749 cepit,
1329 3672 1363 3727 et
1390 3658 1489 3747 regni
1519 3671 1625 3751 caput
1651 3658 1845 3729 constituit.
1897 3654 2037 3726 Deinde
2070 3651 2164 3741 capit

149 3756 258 3840 loris,
285 3757 345 3825 alii
372 3759 463 3846 apud
486 3756 575 3825 alios
597 3760 757 3827 mercede
772 3758 984 3830 militarunt.
1039 3758 1132 3829 Huic
1181 3758 1315 3832 Gazam
1329 3773 1363 3831 et
1378 3759 1630 3857 lerosolymam
1649 3763 1827 3832 obsessam
1851 3756 2012 3829 biennio.

150 3860 249 3949 genti
272 3860 420 3951 cupidae
444 3859 617 3930 libertatis
631 3873 666 3930 et
678 3861 844 3944 militiae,
868 3863 977 3950 legem
995 3887 1134 3932 accom·
1280 3855 1455 3934 Ahamar
1476 3865 1600 3934 tertius
1615 3888 1675 3935 rex
1700 3886 1825 3955 magna
1842 3861 1966 3955 Syriae
1982 3869 2080 3950 parte
2095 3858 2166 3924 do·

148 3963 329 4032 modatam
358 3964 403 4031 ad
429 3963 739 4055 amplificationem
767 3964 939 4036 libertatis
958 3980 992 4037 et
1008 3982 1133 4058 poten·
1181 3965 1266 4036 mita
1288 3979 1436 4055 occupat
1462 3964 1675 4061 Aegyptum.

147 4065 219 4135 tiae
237 4060 464 4137 Mahometus
481 4064 630 4154 scripsit.
1282 4061 1493 4138 Mnhneias
1518 4083 1664 4162 quartus
1680 4064 1757 4138 Rex
1770 4063 1976 4137 Caesaream
1995 4057 2166 4128 Palaesti-

253 4164 296 4235 ln
312 4163 445 4238 Arabia
466 4181 590 4238 natum
615 4189 687 4237 esse
713 4163 960 4239 Mahometum
986 4170 1133 4261 plurimi
1182 4194 1247 4240 nae
1276 4173 1435 4262 septenni
1468 4172 1656 4241 obsidione
1685 4170 1799 4262 capit,
1839 4182 1873 4237 et
1892 4163 1986 4234 victo
2011 4159 2166 4232 Cosroae

149 4269 313 4352 tradunt,
346 4294 385 4338 ac
405 4273 557 4360 primum
575 4270 644 4341 sibi
665 4271 866 4341 adiunxisse
882 4270 1132 4343 Saracenieum
1182 4274 1256 4343 lilio
1271 4266 1480 4344 Orimasda
1499 4272 1655 4343 Persiam
1674 4281 1783 4363 'regno
1800 4267 2010 4341 Saracenico
2027 4261 2185 4332 addidit·

148 4373 362 4451 exercitum,
388 4370 836 4464 ondeposteaSaracenici
859 4377 1132 4466 regniappella-
1183 4374 1262 4447 etei
1279 4377 1391 4466 legem
1406 4371 1683 4447 Mahometicam
1701 4372 1880 4466 imposuit.
1925 4367 1976 4440 lta
1994 4368 2086 4436 intra
2099 4386 2165 4433 an-

149 4472 200 4543 tio
217 4474 306 4544 facta
322 4486 386 4556 est,
408 4477 452 4543 de
467 4500 538 4567 qun
556 4500 636 4545 cum
652 4476 780 4546 dicturi
795 4478 914 4562 simus,
931 4478 1028 4568 prins
1044 4504 1134 4572 quae
1182 4501 1247 4549 nos
1268 4480 1413 4569 triginta
1437 4477 1605 4549 Saraceni
1635 4478 1739 4569 potiti
1765 4472 1919 4555 Arabia,
1950 4467 2164 4548 Palaestina,

148 4576 258 4644 fuerit
275 4600 359 4664 gens
374 4574 601 4663 Saracenica,
629 4591 661 4647 et
679 4580 741 4647 ubi
763 4580 889 4660 luerit,
916 4605 1068 4670 expono.
1183 4576 1380 4668 Phoenice,
1406 4580 1529 4674 Syria,
1556 4579 1717 4677 Aegypto
1735 4592 1767 4649 et
1782 4577 1901 4646 Persia
1917 4593 2081 4659 magnam
2099 4591 2164 4659 po-

252 4674 306 4746 Ex
324 4677 438 4747 Moise
459 4693 583 4749 notum
608 4695 659 4751 est
684 4695 843 4773 posteros
870 4680 1044 4768 ismaelis,
1071 4686 1130 4778 qui
1183 4685 1327 4755 tentiam
1344 4685 1461 4775 adepti
1478 4697 1571 4755 sunt·
1622 4682 1746 4754 Postea
1763 4677 1918 4749 Africam
1933 4685 2043 4742 totam
2060 4692 2165 4739 occu·
2221 4748 2225 4755 g

149 4774 316 4874 exAgor
338 4794 526 4866 natusest,
548 4784 702 4852 tenuisse
721 4782 909 4868 Arabiam,
936 4786 1020 4854 inde
1037 4786 1131 4877 Agra
1184 4801 1330 4876 parunt,
1362 4800 1398 4858 et
1421 4787 1590 4877 paulatim
1617 4787 1655 4855 in
1682 4782 1803 4855 Asiam
1836 4785 2099 4871 processerunt,
2125 4792 2164 4839 ac

146 4882 234 4952 urbs
247 4883 429 4952 nominata
448 4897 499 4954 est
513 4885 559 4953 ab
574 4880 672 4974 Agar
687 4900 797 4955 matre
815 4884 985 4976 Ismae‘lis,
1001 4907 1035 4963 et
1049 4914 1134 4980 gens
1183 4892 1250 4960 late
1276 4914 1357 4960 cum
1380 4889 1531 4981 imperio
1553 4890 1664 4978 legem
1691 4877 1967 4955 Mahometicam
1991 4894 2165 4967 propaga·

148 4985 290 5074 Agraei,
308 4987 421 5079 quiin
438 4987 554 5077 primo
569 4986 633 5058 lib.
642 4984 795 5078 Paralip.
806 5014 879 5080 cap.
888 4989 923 5064 5.
940 4995 1133 5062 nominan·
1182 5005 1322 5064 verunt.

147 5102 209 5157 tur
230 5084 405 5176 Agareni,
439 5088 501 5158 ubi
526 5101 560 5158 et
582 5088 714 5159 limites
738 5093 848 5161 vicini
866 5091 1002 5167 Galaad
1028 5120 1133 5164 mon·
1281 5091 1359 5164 Etsi
1388 5106 1506 5163 autem
1529 5093 1623 5162 iuter
1647 5089 1742 5180 ipsos
1766 5109 1909 5182 quoque
1926 5077 2116 5153 seditiones
2131 5086 2165 5144 et

148 5202 318 5264 strantur.
351 5188 488 5259 Nomen
505 5192 599 5288 idem
615 5187 770 5280 Agareni
787 5209 880 5267 extat
894 5197 930 5264 in
947 5196 1038 5270 Psal.
1050 5199 1109 5270 82.
1182 5219 1373 5286 regnorum
1397 5196 1590 5265 divisiones
1612 5205 1750 5261 secutae
1765 5203 1866 5267 sunt,
1894 5198 1933 5255 nt
1947 5184 1985 5250 in
2003 5176 2083 5247 aliis
2107 5199 2164 5244 re-
2258 5266 2261 5271 Ι

252 5290 294 5362 ln
317 5317 356 5362 ea
376 5293 549 5385 regione,¹
566 5293 603 5362 in
627 5318 694 5387 qua
717 5298 825 5368 luisse
852 5295 1034 5389 Agarenos
1057 5326 1132 5372 cer·
1180 5300 1277 5392 gnis:
1305 5314 1422 5370 tamen
1439 5298 1696 5370 Saracenorum
1713 5279 2042 5385 principesSnltani
2060 5301 2165 5371 prae·

145 5408 225 5466 lum
248 5408 318 5482 ²⁸¹,
344 5395 494 5468 tOll⁰t³t
516 5394 741 5469 Ptolemaeus
767 5399 982 5492 Saracenos,
1007 5421 1042 5482 et
1065 5429 1130 5476 no-
1178 5405 1319 5496 eipuam
1339 5401 1534 5497 potentiam
1551 5401 1588 5469 in
1608 5398 1731 5495 Syria,
1758 5395 1940 5487 Aegypto,
1964 5381 2106 5467 Africa,
2131 5391 2167 5447 et
