4680 6038
938 34 972 87 Ὁ
1591 62 1606 101 s

150 224 226 315 ou
391 212 602 300 uarum
626 211 704 288 eu
729 205 851 297 utu
875 142 947 289 an
972 208 1102 291 orsu
1126 205 1272 296 euos.
1294 203 1361 293 er
1388 205 1581 291 aurcos.
1605 204 1929 309 uemaunn
2099 210 2169 305 au

152 397 427 491 anabaptistae,
458 391 523 488 qui
548 401 670 459 nostro
695 400 853 479 tempore
876 384 982 457 etiarn
1007 382 1138 459 Novati
1189 382 1272 455 iiam
1303 383 1502 459 trucidasse.
1560 385 1687 457 Postea
1708 383 1965 460 Constantinus
1991 383 2171 461 dimicarit

151 518 186 573 et
201 499 341 573 Meletii
355 520 517 585 eruorem„
527 505 745 584 sparserunt.
1189 511 1271 558 curu
1285 484 1431 559 Francis
1444 501 1480 561 et
1495 487 1698 573 Alemanis,
1724 501 1761 561 et
1780 510 1878 580 reges
1900 512 2033 559 eorum
2059 503 2174 580 captas

1190 591 1321 661 obiecit
1336 589 1467 672 bestiis,
1505 588 1553 663 lu
1565 589 1808 686 Hieronymus
1824 593 1863 663 iu
1881 592 1956 664 rita
1974 588 2176 665 Helorioais

205 704 312 774 Auno
336 697 463 770 mundi
488 706 614 791 quater
638 691 846 776 millesimo,
887 691 1142 778 ducentesimo,
1192 692 1323 786 inquit:
1367 691 1630 765 luterSaxones
1652 711 1686 764 et
1709 693 1902 767 Ateaodar
1925 692 2068 765 Franci
2090 709 2177 778 suot

356 800 524 881 vicesimo
549 796 665 869 tertio.
1191 818 1276 886 gens
1290 819 1364 864 teon
1379 809 1451 866 tam
1468 796 1534 865 lata
1550 820 1655 889 quam
1673 797 1803 870 valida.

132 936 137 943 ¹
204 907 315 981 Anno
334 902 472 981 Romae
490 900 680 973 millesimo
697 896 901 968 undecimo.
1295 895 1488 967 Alemauos
1509 913 1625 969 autem
1650 899 1851 971 nominatos
1877 922 1976 987 esse,
2010 898 2178 992 quisunt

202 1005 313 1083 Anno
330 1003 467 1081 Christi
488 1001 732 1075 ducentesimo
748 999 961 1090 sexagesimo
986 997 1113 1091 primo.
1191 1001 1287 1073 inter
1301 1000 1434 1096 sylvam
1451 997 1677 1085 Mattianum,
1705 1001 1814 1094 Alpes
1830 1015 1866 1073 ει
1881 999 2087 1085 Noricum,
2111 1024 2179 1073 noa

1193 1102 1342 1174 dubium
1366 1117 1438 1189 est,
1470 1105 1726 1195 propemodum
1747 1104 1809 1177 ubi
1835 1128 1937 1175 uurrc
1959 1116 2051 1175 snut
2067 1101 2179 1173 Suari

517 1243 548 1313 G
555 1263 580 1312 a
588 1241 603 1313 p
609 1241 624 1313 p
631 1244 675 1312 ἱ,
683 1262 707 1311 n
716 1261 743 1311 u
750 1261 779 1310 3·
1195 1203 1374 1276 interiecti
1387 1219 1504 1279 autem
1520 1205 1613 1278 inter
1632 1205 1768 1278 Suevos
1782 1220 1816 1278 et
1822 1203 1981 1279 Noricos
1995 1220 2033 1277 et
2050 1205 2178 1300 sylvam

1194 1307 1424 1399 Turingicaru
1446 1322 1529 1379 sunt
1556 1307 1684 1381 Franci
1707 1332 1803 1379 nunc
1823 1333 1993 1403 quoque,
2037 1309 2178 1381 sicutrt

223 1458 229 1469 ι
256 1410 460 1489 Gallienus
477 1412 572 1485 lilius
586 1408 769 1483 Valeriani
786 1427 883 1501 patre
898 1421 999 1500 capto
1015 1431 1141 1499 regna·
1194 1409 1322 1483 Strabo
1337 1411 1474 1506 inquit,
1494 1408 1650 1482 Francos
1668 1435 1743 1483 esse
1761 1412 1856 1483 iuter
1870 1410 2034 1483 Noricos
2048 1427 2085 1481 et
2100 1408 2179 1481 t'ia-

118 1538 130 1558 ‘
153 1526 207 1596 uit
221 1542 335 1595 annos
349 1515 536 1595 undecim,
561 1513 689 1584 similis
703 1511 840 1583 Neroni
856 1525 918 1585 aut
933 1508 1141 1584 Domitiano
1194 1513 1344 1597 deliros,
1370 1528 1409 1583 ot
1424 1513 1517 1584 inter
1530 1508 1595 1583 bos
1611 1539 1706 1585 nunc
1719 1538 1861 1609 quoque
1882 1514 2071 1585 interiecti
2092 1527 2178 1587 sont.

152 1627 294 1698 deditus
311 1618 499 1691 obscoenis
515 1615 761 1708 voluptatibus
778 1627 812 1683 et
828 1614 993 1690 crudelis.
1021 1613 1142 1704 Quare
1193 1613 1241 1689 Et
1256 1640 1386 1687 nomen
1396 1614 1572 1686 Francum
1587 1631 1640 1689 est
1652 1617 1776 1706 afflet),
1790 1619 1888 1711 quod
1904 1615 2176 1709 liberomsigni·

153 1754 233 1803 cum
249 1724 400 1796 ducibus
415 1734 449 1791 et
466 1717 676 1790 exercitibus
694 1717 829 1788 invisus
852 1732 923 1803 est,
948 1741 1142 1786 numeran·
1193 1720 1282 1794 licat.
1334 1714 1381 1788 Et
1399 1719 1599 1809 principum
1617 1721 1762 1789 nomina
1778 1734 1859 1789 sunt
1877 1720 2175 1808 nostraelinguae

151 1846 211 1907 tor
234 1829 310 1901 eius
328 1839 487 1914 tempore
512 1820 655 1910 triginta
681 1823 806 1904 duces,
832 1821 896 1915 qui
918 1819 1026 1890 asnis
1043 1843 1142 1891 exer·
1196 1846 1307 1902 voces,
1334 1822 1533 1907 {lieentum
1555 1821 1701 1917 Submig,
1726 1817 1900 1919 Rilffile
1927 1840 1963 1894 et
1978 1822 2042 1892 alia
2056 1820 2170 1893 natta

151 1933 283 2008 ritibus
303 1927 386 1998 lacti
411 1936 494 1997 suut
522 1922 770 2013 imperatores,
807 1923 869 2015 qtti
894 1922 1023 2017 partim
1049 1923 1144 1994 iuter
1295 1923 1388 1996 Satis
1413 1925 1521 2014 igitur
1546 1927 1768 2017 perspicuum
1793 1939 1865 2011 est,
1902 1949 1981 1994 non
2006 1924 2166 1996 transiisse

151 2058 226 2109 sese
242 2031 478 2107 dimicarunt,
504 2027 632 2117 partim
649 2026 756 2095 asnis
773 2025 948 2096 militibus
966 2025 1143 2096 interlecti
1194 2025 1349 2097 Francos
1364 2052 1404 2096 ex
1422 2025 1543 2096 Gallia
1560 2027 1598 2097 in
1614 2044 1753 2099 nostras
1766 2028 1955 2119 regiones,
1983 2020 2171 2098 interRhe·

152 2152 246 2212 sont.
296 2131 393 2205 Haec
420 2128 561 2201 laniena
585 2130 717 2200 ducum
733 2128 827 2197 vires
844 2128 987 2219 imperii
1004 2129 1143 2201 duriter
1194 2154 1280 2199 nuru
1299 2144 1331 2199 et
1345 2127 1482 2201 Saltum
1502 2129 1752 2221 Turingicum:
1779 2131 1841 2200 sed
1865 2131 2057 2201 transiisse
2070 2152 2172 2198 roser

152 2239 290 2322 afflixit,
312 2249 346 2307 et
360 2230 653 2323 gubernationem
669 2231 800 2324 ubique
817 2231 985 2304 turbavit.
1039 2229 1143 2304 Unus
1194 2233 1324 2302 nostris
1339 2232 1544 2322 regionibus
1562 2258 1580 2303 a
1597 2233 1699 2305 Saltu
1718 2230 1924 2324 Turingico
1939 2235 1988 2303 ad
2003 2227 2175 2313 Rhenum,

151 2343 221 2417 luit
237 2365 279 2411 ex
293 2336 445 2408 ducibus
459 2333 632 2403 excellens
647 2332 702 2403 vir
717 2324 955 2420 Paestanus,
981 2334 1044 2428 qui
1054 2331 1144 2405 Gal·
1194 2349 1228 2405 et
1243 2335 1326 2404 inde
1341 2334 1378 2403 in
1395 2332 1563 2407 Galliam.

154 2446 237 2517 liam
255 2439 357 2512 rexit.
409 2435 478 2509 llic
496 2459 577 2506 cum
593 2448 725 2526 septem
745 2459 859 2506 annos
877 2450 1013 2509 teneret
1028 2436 1144 2528 impe-
1298 2439 1366 2508 Sed
1383 2460 1473 2530 quae
1491 2437 1603 2528 prima
1619 2438 1718 2507 sedes
1733 2434 1962 2510 Francorum
1981 2439 2101 2519 luerit,
2117 2441 2174 2506 do·

154 2544 328 2619 ratorium
355 2561 507 2622 nomen,
533 2550 567 2606 et
584 2534 772 2607 Gallienus
800 2541 992 2609 exercitum
1016 2539 1145 2608 adver·
1194 2541 1338 2609 bitatur.
1389 2537 1518 2610 Beatus
1534 2537 1733 2611 Rhenanus
1756 2538 1895 2613 vicinos
1911 2538 2047 2613 Frisiis
2071 2540 2176 2622 luisse,

154 2638 213 2721 sus
231 2668 311 2715 eum
326 2640 488 2722 misisset,
513 2631 685 2707 Francos
700 2638 767 2707 sibi
786 2640 962 2719 adiunxit,
982 2641 1044 2733 qui
1058 2653 1145 2710 tnnc
1194 2657 1229 2712 et
1243 2642 1327 2712 inde
1341 2643 1383 2710 ad
1402 2641 1516 2735 ripam
1533 2639 1653 2715 Rheni
1668 2642 1865 2739 ascendisse
1883 2644 2083 2727 existimat,
2106 2642 2176 2735 quis

155 2751 200 2820 ad
223 2742 394 2817 Rhenum
417 2752 644 2812 accesserant.
695 2736 765 2808 Hic
790 2741 944 2833 primum
969 2742 1009 2814 fit
1030 2739 1146 2813 Fran·
1195 2769 1269 2814 non
1296 2744 1447 2813 dubium
1472 2758 1541 2828 est,
1580 2744 1807 2817 Constantini
1836 2759 2008 2838 tempore
2037 2744 2178 2817 Francos

155 2871 284 2923 corum
303 2842 438 2915 mentio
455 2841 496 2911 in
518 2840 622 2910 bellis
638 2839 824 2917 Romanis.
882 2896 885 2903 a
1194 2845 1348 2919 tenuisse
1379 2845 1654 2940 Sycambsorum
1684 2848 1887 2937 regionem,
1923 2863 1961 2919 ει
1997 2847 2174 2928 Batai-ian,

80 3034 84 3039 ,
267 2947 416 3038 Semper
438 2957 557 3015 autem
581 2945 774 3036 prudentes
800 2945 869 3016 viri
893 2946 1144 3039 quaesiverunt
1194 2951 1230 3019 id
1266 2962 1334 3032 est,
1372 2945 1615 3023 Hollaudiam.
1668 2944 1715 3021 Et
1743 2950 1973 3023 Claudianus
1999 2953 2117 3023 scribit
2136 2952 2172 3019 ad

153 3051 335 3146 gentium,
361 3072 401 3119 ac
417 3046 623 3138 praesertim
638 3047 813 3118 maiorum
837 3073 984 3119 suorum
1000 3051 1143 3142 stirpes:
1195 3051 1433 3125 Stilliconem:

154 3169 189 3230 at
212 3152 297 3251 quis
316 3145 455 3247 στοργὴ
481 3148 609 3220 invitat
629 3150 674 3221 ad
691 3150 940 3239 cogitationem
956 3154 1001 3222 de
1016 3175 1145 3244 paren·
1724 3160 1934 3249 Rhenumque
1962 3169 2115 3227 minacem

154 3260 266 3334 tibus:
306 3269 342 3329 ει
364 3250 448 3347 quia
475 3266 614 3341 gratum
638 3264 709 3336 est,
742 3253 910 3324 virtutem
934 3269 967 3327 et
996 3250 1145 3326 honesta
1296 3260 1447 3327 Cornibus
1469 3264 1603 3327 intrantis
1626 3267 1700 3330 adeo
1722 3272 1879 3331 mitescere
1900 3271 2004 3352 ωςὶι,

154 3359 313 3452 exempla
331 3355 507 3427 maiorum
524 3353 676 3449 intueri,
702 3367 737 3424 et
760 3357 844 3448 quia
863 3352 1009 3428 honesta
1024 3372 1147 3447 gentes
1296 3364 1339 3428 Ut
1353 3363 1454 3429 Satius
1475 3372 1536 3428 iarn
1557 3391 1627 3431 rura
1650 3376 1733 3449 cota,
1759 3374 1921 3456 flexoque
1946 3369 2111 3454 syenen

155 3461 382 3557 disciplinam
401 3457 533 3527 maiore
548 3479 631 3527 cora
648 3456 885 3531 retinuerunt.
1297 3465 1333 3531 ln
1347 3470 1454 3531 l'atoem
1468 3485 1592 3534 curvent
1608 3475 1742 3556 gladios,
1768 3477 1971 3561 geminaeque
1996 3479 2093 3536 viator

270 3561 395 3634 Fuisse
426 3573 544 3632 autem
577 3558 803 3628 excellentem
835 3560 1001 3633 virtutem
1031 3564 1145 3654 gentis
1298 3569 1376 3635 Cum
1392 3574 1491 3636 rideat
1507 3580 1605 3656 ripae,
1633 3599 1709 3661 quaa
1729 3583 1767 3641 ait
1781 3574 1923 3641 Romana
1941 3584 2085 3663 reqntnt,

156 3664 369 3746 Francicus,
406 3660 562 3732 ostendit
584 3660 792 3750 magnitudo
816 3686 934 3732 rerum
959 3679 1147 3755 gestarum,
1296 3673 1339 3738 Ut
1356 3680 1416 3737 iam
1430 3690 1510 3740 trans
1526 3682 1654 3742 flurium
1677 3702 1739 3742 uon
1759 3682 1942 3764 indignante
1963 3681 2064 3764 Cayco

157 3768 256 3862 qood
272 3764 311 3835 in
328 3763 449 3837 Gallia
466 3785 615 3851 regnum
630 3762 909 3849 constituerunt,
930 3792 1001 3861 quo
1023 3769 1146 3839 multis
1298 3776 1402 3842 Pascat
1417 3776 1511 3862 Belga
1532 3804 1641 3864 pecua:
1659 3785 1851 3869 mediamque
1864 3789 2006 3868 ingressa
2019 3782 2178 3869 petrona

154 3868 284 3945 seculis
297 3868 439 3938 nullum
456 3879 507 3943 eti
528 3864 565 3932 lss
584 3887 711 3954 genere
731 3859 891 3935 humano
916 3869 1023 3960 magis
1039 3896 1146 3941 orna·
1298 3877 1412 3944 Gallica
1428 3883 1611 3947 Francorum
1630 3902 1747 3950 montes
1768 3902 1901 3950 armenta
1918 3902 2086 3972 pererrent.

1 4000 51 4101 ·
123 3956 227 4079 §m
247 3971 405 4061 legibus,
432 3966 605 4040 doctrinis
628 3981 663 4038 et
687 3966 847 4038 iudiciis:
882 3983 914 4039 ει
932 3974 1145 4066 quodltalia
1198 3972 1352 4069 intelligi
1376 3996 1550 4051 autemst
1575 3977 1705 4054 Salios
1728 3982 1884 4055 Francos
1911 4011 1958 4055 ex
1977 3982 2179 4056 Marcellino

154 4075 283 4164 dignos
303 4094 377 4144 esse
399 4070 553 4152 censuit,
587 4069 625 4138 iu
649 4095 738 4163 quos
759 4072 966 4145 transferret
988 4073 1145 4147 Romani
1196 4091 1321 4149 notum
1338 4096 1399 4155 est.
1453 4080 1560 4173 Quod
1582 4110 1713 4156 nomeu
1737 4084 2181 4158 cumaSalafluminela·

152 4168 382 4279 imptl'atoris
397 4173 625 4262 dignitatem,
653 4186 687 4244 et
703 4175 800 4266 quod
818 4175 932 4246 voluit
948 4179 1055 4249 totius
1070 4175 1146 4251 Eu·
1197 4193 1292 4249 ctum
1311 4205 1384 4253 esse
1410 4186 1603 4271 scribatur,
1627 4202 1712 4259 tunc
1736 4212 1878 4284 qttoquc
1893 4187 2064 4261 Francos
2079 4188 2181 4279 regio

131 4256 263 4370 ,lippae
279 4276 486 4367 praecipuos
503 4276 664 4344 custodes
679 4297 765 4348 esse.
1197 4304 1277 4352 nem
1296 4289 1340 4353 ad
1355 4285 1473 4357 Salam
1489 4313 1609 4359 versus
1619 4290 1767 4362 Menum
1784 4307 1818 4365 et
1835 4287 2018 4363 Rhenum
2038 4292 2181 4364 tenuisse

260 4376 456 4447 Laudanda
480 4389 532 4444 est
553 4375 662 4465 igitur
685 4377 870 4465 diligentia
904 4405 1049 4465 eorum,
1084 4384 1145 4476 qui
1196 4402 1357 4477 apparet,
1385 4392 1530 4461 undeet
1546 4386 1974 4487 SolingiFrancs‘dicti
1992 4412 2091 4467 sunt.

157 4479 347 4553 Francicae
361 4477 475 4568 gentis
489 4476 664 4566 originem
680 4482 946 4572 quaesiverunt.
972 4481 1043 4554 Sed
1057 4485 1146 4557 iuste
1170 4524 1175 4615 Ι
1297 4484 1483 4583 Oppidum
1507 4509 1557 4565 est
1581 4518 1599 4563 ε
1618 4495 1761 4586 regione
1776 4496 1953 4570 Coloniae
1970 4498 2182 4592 Agrippinae

157 4577 471 4674 'el'rehendunlur
495 4578 605 4666 inlidi
629 4580 835 4671 8ΰῐῙΡῑΜῊ,
860 4585 921 4677 qtti
946 4586 1085 4656 fabulas
1106 4612 1146 4658 ει
1171 4618 1175 4659 ι
1196 4590 1342 4678 mutto,
1378 4595 1440 4663 ubi
1465 4597 1584 4666 tabula
1609 4598 1647 4667 in
1671 4599 1780 4670 veteri
1806 4602 2032 4672 monasterio
2056 4612 2181 4694 reperta

157 4709 231 4756 sese
253 4686 431 4754 huxeurnt
452 4682 497 4751 de
516 4680 600 4749 filiis
616 4679 797 4762 Hectoris,
832 4711 919 4780 quas
943 4689 1089 4774 omitto,
1114 4707 1145 4761 et
1171 4726 1174 4781 3
1197 4706 1267 4778 est,
1294 4696 1414 4788 inqua
1432 4700 1705 4788 scriptumluit,
1730 4725 1806 4772 eam
1832 4725 1951 4772 arcem
1969 4730 1990 4772 a
2011 4706 2181 4776 Constar't'-

158 4808 200 4856 θ’(
218 4785 330 4855 Tm
347 4784 502 4855 FF³¹¹⁶⁰⁵
518 4784 686 4853 “lucunl·
1197 4795 1275 4866 tino
1297 4811 1489 4870 extructam
1514 4826 1586 4872 esse
1617 4802 1655 4872 in
1679 4817 1771 4876 terra
1788 4802 2044 4892 Francorum,
2079 4820 2120 4878 ut
2140 4801 2180 4873 ibi

261 4886 399 4959 Nomen
416 4883 638 4955 Francorum
663 4886 800 4957 celebre
823 4913 898 4960 esse
920 4893 1037 4983 coepit
1058 4908 1148 4965 tem·
1196 4899 1414 4990 praesidium
1439 4904 1482 4972 ad
1509 4906 1750 4976 defensionem
1773 4904 1951 4979 Coloniae
1966 4907 2180 5003 Agrippinas

160 5010 245 5078 pore
267 4982 425 5059 Gallieni
454 4986 698 5078 imperatoris,
738 4989 822 5081 quia
842 4989 1058 5065 Posthumur
1088 5021 1146 5068 eos
1197 5001 1444 5075 collocaretur.

161 5091 311 5161 armavit
336 5103 458 5159 contra
483 5085 703 5162 Gallienum.
755 5089 826 5160 Sed
850 5096 1066 5167 tunetnisse
1088 5122 1148 5169 eos
1298 5105 1358 5175 Ao
1375 5121 1492 5177 autem
1509 5086 1753 5182 descenderint
1771 5135 1791 5180 a
1808 5111 1886 5202 ripa
1905 5111 2179 5210 cruentantes

161 5192 200 5259 in
216 5187 442 5280 ripaRheni,
469 5204 503 5260 et
523 5191 658 5261 vicinos
676 5188 1016 5267 Galliael’osthumi
1033 5195 1146 5271 bisto·
1170 5280 1173 5301 Ι
1197 5207 1333 5297 potest?
1358 5205 1546 5279 Strabonis
1560 5211 1815 5308 etHieronymi
1835 5215 1931 5285 dicta
1948 5216 2179 5310 magioeigai·

161 5292 214 5360 ria
239 5293 403 5413 ostendit:
455 5287 593 5411 Deinde
619 5315 779 5384 expresse
810 5298 994 5378 scribitur,
1028 5297 1146 5373 Atrre-
1169 5314 1173 5411 1
1195 5307 1302 5378 beant
1315 5311 1535 5382 descendisse
1552 5337 1610 5385 eos
1624 5319 1668 5386 ad
1687 5312 1873 5401 Rhenum,
1900 5344 2019 5413 quarn
2038 5324 2177 5415 primm

161 5392 299 5463 lienum
322 5406 466 5483 trrgruttt
488 5392 601 5462 mrllra
616 5393 838 5468 Francorum
861 5423 972 5494 prope
987 5399 1146 5495 Mogon-
1168 5418 1174 5480 Ι
1195 5408 1235 5478 iu
1253 5408 1372 5483 littore
1389 5410 1545 5487 Frisiaco
1562 5432 1664 5490 natos
1678 5442 1763 5491 esse.
