4680 6038
65 194 144 273 117
315 220 322 228 ·
713 189 874 273 DECL.
906 192 980 270 DE
1013 186 1172 269 titul:
1205 186 1452 271 MEDICA.
2022 207 2097 281 tts

162 365 261 439 Haec
279 367 387 459 igitur
403 382 550 441 naturae
564 367 884 460 aspectio,‚revera
898 382 949 439 est
965 391 1052 438 con·
1105 387 1203 450 ram,
1225 379 1260 437 et
1274 366 1378 458 panis
1393 367 1569 461 coquendi
1586 383 1708 442 artem.
1744 368 1799 444 Ac
1813 371 1989 447 Siracides
2002 391 2095 450 recte

60 468 230 540 sideratio
258 470 401 540 divinae
426 472 635 560 sapientiae,
666 470 836 540 bonitatis
861 484 895 542 et
917 470 1051 540 beneti-
1105 469 1267 538 adfirmat
1298 482 1508 562 utrumque,
1540 485 1575 543 et
1604 473 1760 543 remedia
1785 476 1860 568 ipsa
1890 475 1958 547 Dei
1986 504 2094 570 opera

60 571 198 642 tentiae
220 594 302 662 erga
323 595 406 652 nos,
433 574 563 642 deinde
584 588 619 644 et
635 572 759 642 utilem
777 594 851 641 esse
867 573 959 642 vitae
973 595 1049 641 ma·
1103 592 1194 653 esse,
1219 583 1255 639 ει
1275 584 1386 649 artem
1407 571 1517 641 aDeo
1533 588 1707 643 ostensam
1725 599 1809 650 esse.
1863 579 1922 651 Sic
1937 580 2031 649 enim
2047 583 2091 650 de

60 671 230 743 niiestum
252 687 317 744 est.
369 670 492 762 Quare
515 688 548 743 et
570 687 715 765 propter
735 673 885 762 gloriam
901 671 987 758 Dei,
1015 685 1049 743 et
1100 671 1267 740 remediis
1285 672 1418 765 inquit:
1445 671 1621 744 Dominus
1640 678 1800 748 condidit
1816 703 1857 749 ex
1873 694 1966 752 terra
1982 676 2090 773 phar-

58 789 204 866 propter
224 790 383 846 nostram
406 777 595 846 utilitatem
619 771 710 845 hanc
724 775 964 844 dulcissimam
981 775 1046 844 do·
1099 795 1216 856 maca,
1241 787 1276 842 et
1298 774 1354 842 vir
1380 777 1537 864 prudens
1562 800 1636 847 non
1662 779 1797 849 fastidit
1814 804 1874 864 ea,
1901 806 1990 874 quae
2005 806 2088 852 scn-

57 875 210 945 ctrinam
232 898 408 960 amemus,
434 890 467 947 et
488 876 578 966 grati
601 875 779 946 beneficiis
793 875 860 945 Dei
876 877 1047 960 truamur,
1099 874 1209 944 tentia
1226 887 1262 945 et
1278 888 1437 945 autorem
1455 878 1690 947 remediorum
1704 883 1875 967 ostendit,
1901 879 2003 954 ethis
2018 883 2086 957 net

57 988 89 1046 et
118 976 196 1046 eius
224 977 433 1067 sapientiam
466 993 498 1048 et
526 980 721 1048 bonitatem
748 977 980 1062 celebremus,
1011 991 1046 1049 et
1097 976 1274 1046 beneficiis
1299 978 1370 1060 uti,
1397 990 1430 1045 ct
1456 979 1562 1065 gratis
1584 981 1763 1052 mentibus
1778 980 1893 1053 Deum
1908 985 2086 1055 celebrare

57 1078 209 1148 aciamus
230 1080 700 1162 noscitantaecuraeesse,
722 1103 796 1147 non
813 1076 1045 1150 utbuiussu·
1097 1076 1206 1148 iubet.
1258 1075 1312 1147 De
1334 1079 1471 1148 medico
1495 1093 1611 1157 autom
1634 1082 1768 1176 inquit:
1795 1084 1848 1154 Da
1870 1087 1986 1155 locum
2008 1111 2083 1157 me·

58 1178 260 1269 parcissimae
297 1179 391 1249 vitae
428 1181 604 1251 curriculo
636 1183 816 1265 coniecto,
856 1194 973 1271 postea
1005 1179 1043 1248 in
1096 1178 1198 1263 dico,
1223 1201 1307 1247 narn
1325 1192 1359 1250 ct
1375 1177 1595 1271 ipsum'Dcus
1608 1184 1749 1257 creavit.
1800 1184 1905 1256 ltemt
1932 1185 2080 1259 Honora

57 1280 152 1348 omni
177 1281 384 1351 aeternitate
406 1277 499 1351 nihil
523 1283 649 1368 simus,
682 1285 742 1352 sed
764 1294 805 1351 ut
826 1281 864 1351 in
887 1283 948 1350 illa
972 1294 1042 1352 tota
1095 1281 1291 1361 medicum,
1324 1282 1407 1373 quia
1437 1296 1582 1373 propter
1603 1286 1857 1356 neccessitatem
1880 1286 1976 1358 Deus
1998 1312 2080 1357 eum

58 1383 263 1453 aeternitate
282 1384 539 1453 consuetudine
564 1384 639 1454 eius
662 1385 840 1467 fruamur,
866 1396 900 1454 et
923 1407 1041 1453 veram
1094 1383 1243 1466 crearit,
1270 1383 1388 1453 idest:
1416 1408 1489 1453 non
1505 1386 1660 1454 remedia
1674 1387 1790 1455 solum
1805 1388 2079 1474 condiditDeus,

58 1483 126 1552 eius
148 1483 358 1574 sapientiam
383 1484 575 1565 discamus,
602 1487 646 1554 ad
672 1509 776 1578 quarn
794 1486 861 1555 iter
874 1485 952 1556 vult
969 1508 1041 1555 esse
1092 1484 1153 1550 sed
1184 1483 1288 1553 etiam
1317 1484 1415 1555 ilexit
1441 1500 1576 1557 mentes
1608 1499 1783 1557 certorum
1814 1483 2002 1559 hominum
2031 1493 2078 1558 ad

57 1597 88 1656 et
100 1584 320 1678 tyrocinium
337 1581 442 1654 huius
460 1586 578 1655 brevis
597 1588 687 1657 vitae
703 1586 873 1677 spacium.
1093 1606 1214 1653 eorum
1242 1585 1528 1679 inquisitionem,
1566 1589 1702 1658 adiuvit
1720 1588 1896 1674 studium,
1935 1604 1970 1659 ει
1988 1591 2077 1679 regit
2105 1650 2110 1655 .

151 1684 383 1780 Nequaquam
406 1686 500 1754 enim
522 1689 612 1758 liunt
626 1690 719 1758 cives
735 1683 912 1757 Ecclesiae
926 1689 1038 1758 coele-
1092 1686 1299 1770 consilium,
1320 1702 1354 1757 et
1375 1690 1532 1758 dextram
1555 1691 1781 1775 medicantis,
1805 1715 1889 1761 nam
1909 1692 1985 1761 sine
1996 1689 2075 1762 Deo

55 1786 129 1871 stis,
155 1787 274 1880 quiin
292 1783 356 1858 hac
371 1789 443 1859 vita
462 1790 660 1861 doctrinam
676 1792 720 1860 de
735 1789 808 1859 filio
824 1789 893 1860 Dei
907 1789 1039 1860 discere
1090 1810 1164 1856 non
1187 1801 1239 1858 εει
1250 1788 1361 1858 'foelix
1378 1790 1576 1863 medicatio.
1629 1789 1708 1895 lpse
1722 1805 1774 1861 est
1790 1792 1906 1878 enim,
1931 1807 1971 1862 ιιι
1986 1792 2076 1862 scri-

56 1889 259 1964 noluerunt.
613 1875 620 1898 ’
1091 1900 1190 1977 ptum
1222 1902 1291 1973 est,
1322 1890 1393 1960 vita
1418 1908 1451 1961 ct
1475 1892 1660 1982 longitudo
1681 1892 1830 1963 dierum.
1892 1892 1996 1964 hem:
2030 1891 2074 1963 ln

151 1988 261 2061 Tales
283 2006 383 2063 erant
405 2005 439 2063 et
452 1987 617 2086 physicae
631 2007 666 2064 et
683 1987 900 2081 theologicae
914 1991 1037 2084 dispu-
1091 1990 1168 2081 ipso
1198 1991 1371 2072 vivimus,
1405 2015 1525 2062 sumus
1545 2007 1580 2064 ct
1600 2018 1795 2068 movemur.
1861 1993 1952 2064 Vere
1975 1991 2072 2064 Deus

57 2090 201 2163 tationes
223 2114 442 2163 summorum
460 2090 668 2174 hominurn,
695 2096 890 2184 primorum
909 2117 1036 2184 paren·
1089 2104 1140 2162 est
1163 2092 1256 2161 vitae
1277 2092 1356 2162 sons
1379 2107 1414 2163 et
1434 2093 1597 2184 largitor:
1623 2097 1683 2164 sed
1702 2096 1857 2166 vultnos
1873 2107 2074 2183 reverenter
2124 2148 2128 2155 ·

56 2206 136 2272 tum,
163 2206 199 2265 et
212 2191 475 2265 deiudeNohae
490 2207 524 2263 et
538 2195 706 2280 liliorum,
731 2209 765 2266 et
781 2189 1034 2285 postealoseph
1088 2193 1140 2263 uti
1171 2193 1213 2261 iis
1247 2195 1369 2279 rebus,
1403 2219 1490 2287 quas
1518 2195 1594 2264 vult
1624 2219 1697 2265 esse
1726 2197 1818 2267 vitae
1843 2197 2074 2277 adminicula,

56 2294 88 2362 in
114 2296 293 2391 Aegypto.
368 2295 492 2389 Neque
522 2296 616 2391 enim
649 2289 739 2366 hanc
775 2291 1034 2386 philosophiam
1088 2318 1175 2386 quae
1192 2296 1239 2365 ita
1258 2308 1342 2366 sunt
1358 2296 1529 2381 efficaces,
1555 2297 1721 2387 cumipse
1737 2319 1793 2366 eas
1809 2299 1964 2368 adiuvat.
2018 2294 2073 2366 lta

54 2393 318 2486 sbAoeculapio
343 2399 496 2486 primurn
524 2393 672 2482 inchoo,
695 2399 757 2491 qni
778 2420 853 2466 non
871 2398 934 2465 diu
955 2410 1035 2467 ante
1088 2396 1252 2466 volumus
1281 2398 1325 2466 ad
1351 2397 1620 2466 medicationem
1650 2398 1794 2488 adiungi
1822 2413 1855 2468 et
1876 2398 2073 2468 invocatio-

54 2497 508 2569 hcllom'l‘roianumnatus
526 2512 588 2582 est,
612 2524 692 2568 cum
710 2497 984 2569 iiliiPodalirius
1000 2512 1034 2569 et
1088 2520 1168 2566 nem
1199 2495 1285 2583 Dei,
1321 2511 1357 2568 et
1389 2499 1661 2569 celebrationem
1696 2499 1946 2569 beneficiorum
1986 2499 2073 2569 eius.

54 2596 226 2698 Machaon
256 2601 448 2670 exercitum
475 2599 651 2670 Graecum
680 2601 725 2670 ad
751 2597 899 2669 Troiam
923 2601 1032 2698 secuti
1086 2595 1181 2668 Haec
1203 2600 1319 2669 officia
1341 2596 1418 2669 Deo
1442 2613 1537 2689 grata
1561 2614 1665 2684 sunt,
1699 2625 1773 2670 non
1795 2600 1857 2669 illa
1880 2600 2073 2685 barbaries,

52 2700 128 2774 sint.
178 2700 370 2773 Antecedit
388 2716 505 2772 autem
525 2702 629 2771 annis
643 2703 716 2772 lere
732 2701 830 2771 mille
845 2724 960 2771 annus
976 2702 1034 2770 di·
1086 2723 1175 2792 quae
1197 2715 1231 2772 et
1245 2702 1364 2771 Deum
1386 2714 1420 2772 et
1441 2701 1586 2789 vestigia
1601 2698 1669 2770 Dei
1690 2701 1728 2769 in
1745 2715 1888 2786 natura,
1914 2713 1949 2771 et
1964 2712 2071 2771 natu·

52 2802 154 2890 lorii,
185 2803 224 2872 in
247 2827 319 2898 quo
339 2802 475 2876 familia
493 2801 619 2875 Nohae
642 2817 777 2874 servata
801 2817 870 2889 εει,
895 2816 1032 2896 ιειιιριιε
1085 2825 1144 2871 rae
1174 2802 1509 2894 considerationem,
1544 2803 1615 2872 imo
1646 2815 1761 2873 toturn
1790 2801 1882 2873 vitae
1906 2801 2071 2872 ordinem

52 2904 129 2974 belli
145 2904 311 2978 Troiani.
1085 2905 1290 2974 coutemnit.
1342 2901 1460 2993 Quam
1473 2904 1520 2974 ob
1534 2904 1698 2975 causam?
1722 2903 1805 2997 quia
1817 2900 1967 2992 tegibus,
1988 2901 2071 2972 lite·

143 3004 270 3078 Puiase
282 3021 401 3080 autem
418 3009 457 3077 in
471 3002 575 3078 Noba
592 3008 911 3079 considerationem
925 3017 1032 3075 natu·
1083 3005 1133 3074 ris
1156 3020 1191 3077 ει
1212 3004 1394 3076 doctrinae
1415 3005 1560 3075 inimica
1583 3018 1653 3091 est,
1679 3028 1719 3074 ac
1738 3005 1864 3075 metuit
1880 3003 1953 3075 suis
1968 3001 2070 3093 cupi-

51 3132 99 3180 rae
121 3109 291 3179 eximiam
316 3111 402 3179 inde
424 3111 602 3180 aestimari
625 3123 759 3202 potest,
792 3109 877 3203 quia
897 3118 931 3176 et
952 3106 1032 3176 ani·
1083 3107 1254 3178 ditatibus
1271 3108 1413 3177 frenum
1430 3107 1529 3176 iniici
1546 3108 1662 3196 legum
1680 3119 1714 3177 et
1729 3106 1972 3176 doctrinarum
1988 3103 2070 3173 vin-

51 3211 177 3282 mantia
206 3211 454 3303 congregavit,
485 3216 531 3280 et'
546 3213 585 3281 in
606 3235 686 3281 arca
710 3222 785 3281 toto
806 3232 901 3279 anno
924 3209 1031 3299 pavit,
1083 3208 1185 3281 culis.
1235 3205 1289 3277 Ex
1316 3204 1384 3278 hoc
1412 3209 1512 3299 [onte
1535 3208 1777 3277 doctrinarum
1799 3207 1923 3276 odium
1944 3205 2070 3290 oritur,

50 3326 220 3406 etpoatea
241 3313 324 3383 filiis
345 3315 418 3384 suis
440 3313 528 3383 sites
550 3313 722 3392 ostendit,
751 3334 837 3403 quas
860 3333 934 3377 non
956 3309 1030 3377 exi·
1083 3332 1157 3378 non
1180 3332 1222 3377 ex
1243 3308 1433 3398 religione,
1459 3308 1523 3379 etsi
1547 3308 1689 3401 quidam
1708 3318 1913 3397 praetexunt
1926 3304 2070 3392 religio-

49 3415 145 3486 ttimo
169 3427 259 3487 tunc
283 3416 436 3508 primum
451 3430 583 3487 creatas
598 3438 689 3499 esse,
715 3416 774 3482 sed
792 3411 947 3504 primum
962 3410 1030 3502 ipsi
1083 3434 1176 3478 nem.
1228 3407 1301 3478 Vos
1327 3433 1410 3479 vero
1432 3410 1494 3502 qui
1518 3408 1597 3479 ideo
1614 3408 1796 3478 doctrinae
1813 3406 1940 3478 studiis
1956 3405 2070 3476 dediti

49 3515 79 3587 in
105 3517 239 3588 ultima
265 3504 404 3587 senecta
435 3530 647 3588 monstratas
676 3538 749 3585 esse
778 3538 798 3584 a
820 3514 914 3596 Deo,
946 3511 1030 3605 quia
1083 3512 1182 3597 estis,
1208 3524 1249 3582 ιιι
1265 3508 1381 3582 Deum
1403 3524 1437 3581 et
1453 3507 1520 3580 Dei
1542 3534 1647 3601 opera
1665 3533 1683 3579 a
1698 3510 1804 3580 rebus
1818 3508 1920 3578 malis
1935 3506 2070 3576 discer-

47 3613 136 3690 lleus
159 3617 276 3689 foveri
295 3619 555 3708 languclactum
571 3641 698 3709 corpns
714 3629 843 3696 aetate,
870 3607 1031 3706 pleniore
1082 3638 1185 3697 nere,
1210 3626 1245 3683 et
1257 3610 1373 3683 Deum
1397 3624 1490 3683 recte
1510 3611 1675 3681 invocare
1696 3609 1857 3694 discatis,
1882 3623 1917 3680 et
1933 3607 2069 3699 ample-

47 3720 110 3793 itrn
129 3733 218 3813 potu
234 3720 359 3807 soluit,
382 3745 422 3790 ac
440 3721 547 3791 simul
561 3719 771 3811 significavit
786 3730 1028 3803 venturaepo·
1082 3715 1226 3785 ctamini
1257 3737 1311 3785 res
1337 3716 1467 3798 bonas,
1500 3712 1676 3803 agnoscite
1698 3706 1790 3782 hanc
1812 3731 1886 3780 esse
1906 3729 2069 3778 normam

47 3823 213 3908 iteritati,
239 3844 328 3915 quae
350 3836 425 3893 erat
446 3822 564 3893 iutura
588 3821 819 3904 imbecillior,
844 3838 934 3910 opus
954 3820 1030 3888 tore
1082 3813 1336 3889 doctrinarum.

47 3924 209 4017 deinceps
222 3924 286 3994 tali
301 3937 399 4015 potu.
1186 3916 1262 3987 Hae
1282 3917 1464 3988 doctrinae
1486 3916 1699 4009 expetendae
1720 3926 1821 3998 sunt,
1848 3937 1938 4007 quae
1960 3935 2069 4005 opera

146 4022 199 4097 Ac
217 4026 282 4098 diu
304 4027 343 4095 in
363 4025 508 4097 familiis
532 4022 638 4111 regiis
659 4020 820 4090 doctrina
843 4019 979 4088 medica
997 4033 1031 4088 et
1082 4017 1150 4091 Dei
1175 4034 1267 4089 recte
1286 4031 1503 4101 monstrant,
1529 4030 1562 4087 et
1585 4018 1622 4086 in
1640 4017 1689 4085 eis
1704 4015 1895 4086 ostendunt
1909 4014 2069 4083 testimo-

47 4141 248 4199 touserrata
273 4142 307 4199 et
329 4139 520 4220 propagata
536 4139 604 4209 est,
630 4136 669 4191 nt
685 4121 859 4191 celebrata
873 4135 925 4190 est
942 4117 1031 4190 Chi·
1085 4123 1143 4190 nia
1172 4122 1216 4190 de
1244 4141 1305 4204 eo,
1336 4120 1581 4190 confirmantia
1612 4117 1858 4186 adsensionem
1880 4115 1925 4182 de
1947 4112 2069 4205 provi-

45 4231 139 4301 ronis
153 4226 326 4301 Centauri
347 4226 487 4315 schola,
511 4226 573 4319 qui
591 4218 767 4294 Achillem
783 4223 905 4294 docuit
920 4235 1031 4293 artem
1083 4223 1222 4306 dentis,
1245 4235 1284 4293 ιιι
1305 4224 1501 4291 excitentur
1522 4232 1656 4289 mentes
1669 4219 1714 4287 ad
1733 4215 1978 4286 celebrandam
1995 4214 2071 4283 eiua

45 4332 227 4405 medicam.
253 4318 256 4324 ’
285 4327 333 4402 Ει
355 4327 532 4425 Eurypyli
557 4327 702 4397 vulnera
729 4337 828 4395 curat
849 4322 1032 4394 Patroclus
1082 4323 1313 4417 sapientiam,
1339 4323 1534 4392 bonitatem
1557 4334 1592 4390 ct
1611 4317 1879 4389 beneficentiam
1896 4338 1977 4404 erga
1993 4335 2071 4396 nos,

45 4433 223 4520 remediis,
246 4457 400 4527 quorum
416 4453 521 4501 usum
534 4422 731 4499 abAchille
744 4426 927 4496 didicerat.
979 4422 1032 4494 Ac
1084 4439 1118 4495 et
1141 4449 1293 4516 quarum
1315 4422 1558 4493 doctrinarum
1580 4444 1684 4491 usum
1706 4419 1870 4510 prodesse
1890 4412 1987 4486 Deus
2011 4438 2074 4504 ge-

43 4531 223 4609 Homerus
252 4529 389 4629 πικρὰν
417 4528 524 4627 ῥίζαν
545 4529 727 4613 nominat,
758 4552 849 4622 quae
873 4539 1032 4597 veterum
1084 4528 1161 4595 neri
1185 4520 1341 4595 humano
1364 4523 1497 4607 voluit,
1529 4547 1594 4592 nec
1614 4519 1763 4591 delectet
1783 4541 1846 4588 voa
1865 4516 1928 4589 illa
1949 4515 2073 4612 cynica

44 4632 268 4730 Scriptorum
292 4636 425 4707 iudicio
445 4646 498 4705 est
520 4623 768 4729 ἄριστολοχία.
819 4626 890 4698 Sed
905 4628 1031 4697 omitto
1085 4627 1275 4719 sapientia,
1299 4648 1388 4717 quae
1410 4625 1554 4717 plausus
1575 4623 1669 4713 apud
1690 4622 1817 4691 stultos
1839 4631 1957 4709 captat
1976 4617 2073 4685 vitu·

43 4741 243 4811 orationem
265 4739 310 4808 de
330 4738 416 4807 artis
432 4735 565 4814 initiis,
590 4733 674 4827 quia
691 4727 785 4811 nihil
801 4729 950 4800 dubium
969 4742 1033 4819 est,
1085 4729 1268 4822 peratione
1289 4726 1531 4797 doctrinarum
1552 4738 1586 4794 et
1607 4721 1763 4804 ordinis,
1786 4741 1891 4813 quem
1913 4716 2009 4790 Deua
2032 4715 2072 4782 in
2157 4743 2159 4749 ·

41 4842 243 4934 primorum
266 4853 404 4931 patrum
426 4836 635 4929 sapientiam
658 4827 751 4901 banc
767 4831 896 4915 fuisse,
923 4830 1034 4920 expli·
1085 4844 1157 4902 tota
1188 4843 1315 4900 natura
1342 4841 1377 4898 et
1407 4826 1446 4895 in
1475 4827 1547 4895 vita
1572 4820 1759 4893 homiuum
1783 4818 1908 4889 sanxit.
1958 4813 2072 4886 Nobis

41 4944 222 5014 rationem
244 4940 331 5036 legia
356 4940 498 5009 divinae
522 4951 559 5008 et
569 4932 815 5028 promissionis
831 4934 877 5002 de
893 4929 1035 5000 Media·
1084 4920 1251 5026 quidem,
1281 4928 1346 5022 qui
1365 4926 1539 4997 mediocri
1558 4922 1745 4994 sedulitate
1769 4918 1968 4990 doctrinam
1989 4940 2074 5009 pro-

41 5059 140 5129 tore,
165 5057 200 5115 et
215 5045 261 5113 de
274 5040 581 5122 reconciliatione,
607 5042 652 5106 de
667 5034 781 5104 causis
796 5031 1034 5103 calamitatum
1086 5052 1271 5124 pagamus,
1294 5042 1330 5101 et
1350 5050 1479 5116 magno
1498 5027 1620 5096 labore
1634 5021 1784 5112 aegrotis
1799 5021 1985 5103 adsumus,
2010 5017 2075 5086 da·

41 5141 303 5229 humanarum,
329 5156 363 5214 et
382 5144 427 5213 de
443 5138 667 5212 restitutione
680 5137 773 5207 vitae
787 5147 969 5218 aeternae,
995 5156 1036 5204 ac
1086 5156 1166 5204 mus
1181 5130 1327 5203 consilia
1342 5143 1376 5199 et
1392 5127 1566 5212 remedia,
1593 5138 1628 5196 et
1642 5146 1716 5194 non
1733 5122 1811 5192 sine
1825 5119 1949 5191 dolore
1963 5117 2075 5187 multa

41 5247 175 5318 deinde
205 5243 499 5317 consideratioem
524 5254 682 5313 naturae.
733 5234 839 5309 Certe
867 5234 964 5305 enirn
991 5233 1037 5303 ab
1088 5234 1202 5306 tristia
1240 5229 1436 5323 spectacula
1472 5228 1667 5312 cernimus,
1693 5222 1930 5316 praecipuam
1961 5217 2078 5287 adfert

41 5343 104 5420 lais
134 5347 222 5421 anui
246 5345 519 5447 descriptionem
539 5340 757 5434 accepimus,
789 5350 825 5409 et
843 5335 1038 5428 agncultu·
1090 5333 1367 5408 consolationem
1382 5325 1557 5501 luffpu
1570 5349 1692 5412 causa,
1716 5324 1813 5419 quod
1827 5321 1957 5393 scimus
1964 5314 2081 5393 Deum
