<?xml version="1.0" encoding="UTF-8"?>
<!DOCTYPE html PUBLIC "-//W3C//DTD XHTML 1.0 Transitional//EN"
    "http://www.w3.org/TR/xhtml1/DTD/xhtml1-transitional.dtd">
<html xmlns="http://www.w3.org/1999/xhtml" xml:lang="en" lang="en">
 <head>
  <title>
</title>
<meta http-equiv="Content-Type" content="text/html;charset=utf-8" />
  <meta name='ocr-system' content='tesseract 3.04.00' />
  <meta name='ocr-capabilities' content='ocr_page ocr_carea ocr_par ocr_line ocrx_word'/>
</head>
<body>
  <div class='ocr_page' id='page_1' title='image "./corpusreformato00bretgoog_0340.png"; bbox 0 0 4680 6038; ppageno 0'>
   <div class='ocr_carea' id='block_1_1' title="bbox 62 208 2098 337">
    <p class='ocr_par' dir='ltr' id='par_1_1' title="bbox 62 208 2098 337">
     <span class='ocr_line' id='line_1_1' title="bbox 62 208 2098 337; baseline 0.002 -6"><span class='ocrx_word' id='word_1_1' title='bbox 62 254 143 333; x_wconf 83' lang='lat' dir='ltr'>ssa</span> <span class='ocrx_word' id='word_1_2' title='bbox 703 246 966 325; x_wconf 80' lang='lat' dir='ltr'>vnuuuu</span> <span class='ocrx_word' id='word_1_3' title='bbox 1005 208 1457 324; x_wconf 74' lang='lat' dir='ltr'>uncturuoms.</span> <span class='ocrx_word' id='word_1_4' title='bbox 2022 261 2098 337; x_wconf 83' lang='lat' dir='ltr'>su</span> 
     </span>
    </p>
   </div>
   <div class='ocr_carea' id='block_1_2' title="bbox 64 416 2098 819">
    <p class='ocr_par' dir='ltr' id='par_1_2' title="bbox 64 416 2098 516">
     <span class='ocr_line' id='line_1_2' title="bbox 64 416 2098 516; baseline 0.004 -19"><span class='ocrx_word' id='word_1_5' title='bbox 64 446 169 516; x_wconf 84' lang='lat' dir='ltr'>mus,</span> <span class='ocrx_word' id='word_1_6' title='bbox 199 447 241 497; x_wconf 86' lang='lat' dir='ltr'>ac</span> <span class='ocrx_word' id='word_1_7' title='bbox 257 421 488 515; x_wconf 87' lang='lat' dir='ltr'>colligat-sibi</span> <span class='ocrx_word' id='word_1_8' title='bbox 504 419 598 493; x_wconf 88' lang='lat' dir='ltr'>inter</span> <span class='ocrx_word' id='word_1_9' title='bbox 612 445 679 494; x_wconf 87' lang='lat' dir='ltr'>nos</span> <span class='ocrx_word' id='word_1_10' title='bbox 693 416 966 504; x_wconf 85' lang='lat' dir='ltr'>haereditatem,</span> <span class='ocrx_word' id='word_1_11' title='bbox 998 422 1056 494; x_wconf 91' lang='lat' dir='ltr'>cui</span> <span class='ocrx_word' id='word_1_12' title='bbox 1109 444 1188 492; x_wconf 91' lang='lat' dir='ltr'>eum</span> <span class='ocrx_word' id='word_1_13' title='bbox 1203 420 1473 515; x_wconf 78' lang='lat' dir='ltr'>promissiones,</span> <span class='ocrx_word' id='word_1_14' title='bbox 1497 432 1532 492; x_wconf 90' lang='lat' dir='ltr'>et</span> <span class='ocrx_word' id='word_1_15' title='bbox 1555 416 1619 494; x_wconf 89' lang='lat' dir='ltr'>has</span> <span class='ocrx_word' id='word_1_16' title='bbox 1638 445 1799 511; x_wconf 85' lang='lat' dir='ltr'>servare,</span> <span class='ocrx_word' id='word_1_17' title='bbox 1823 441 1859 501; x_wconf 94' lang='lat' dir='ltr'>et</span> <span class='ocrx_word' id='word_1_18' title='bbox 1872 423 1940 500; x_wconf 91' lang='lat' dir='ltr'>hac</span> <span class='ocrx_word' id='word_1_19' title='bbox 1957 431 2025 503; x_wconf 88' lang='lat' dir='ltr'>fide</span> <span class='ocrx_word' id='word_1_20' title='bbox 2039 434 2098 505; x_wconf 88' lang='lat' dir='ltr'>in·</span> 
     </span>
    </p>

    <p class='ocr_par' dir='ltr' id='par_1_3' title="bbox 65 525 1508 609">
     <span class='ocr_line' id='line_1_3' title="bbox 65 525 1508 609; baseline -0.007 -5"><span class='ocrx_word' id='word_1_21' title='bbox 65 530 167 604; x_wconf 85' lang='lat' dir='ltr'>Deus</span> <span class='ocrx_word' id='word_1_22' title='bbox 179 551 280 602; x_wconf 87' lang='lat' dir='ltr'>suam</span> <span class='ocrx_word' id='word_1_23' title='bbox 295 526 492 603; x_wconf 88' lang='lat' dir='ltr'>bonitatem</span> <span class='ocrx_word' id='word_1_24' title='bbox 507 525 662 597; x_wconf 91' lang='lat' dir='ltr'>inomni</span> <span class='ocrx_word' id='word_1_25' title='bbox 677 526 883 600; x_wconf 76' lang='lat' dir='ltr'><strong>aeternitate</strong></span> <span class='ocrx_word' id='word_1_26' title='bbox 898 548 1058 597; x_wconf 87' lang='lat' dir='ltr'>commu·</span> <span class='ocrx_word' id='word_1_27' title='bbox 1110 525 1308 595; x_wconf 87' lang='lat' dir='ltr'>vocandam</span> <span class='ocrx_word' id='word_1_28' title='bbox 1326 547 1417 609; x_wconf 87' lang='lat' dir='ltr'>esse,</span> <span class='ocrx_word' id='word_1_29' title='bbox 1443 534 1508 594; x_wconf 83' lang='lat' dir='ltr'>etc.</span> 
     </span>
    </p>

    <p class='ocr_par' dir='ltr' id='par_1_4' title="bbox 67 621 2096 819">
     <span class='ocr_line' id='line_1_4' title="bbox 67 621 2096 724; baseline 0.002 -21"><span class='ocrx_word' id='word_1_30' title='bbox 67 633 183 720; x_wconf 83' lang='lat' dir='ltr'>nicet,</span> <span class='ocrx_word' id='word_1_31' title='bbox 212 628 342 706; x_wconf 85' lang='lat' dir='ltr'>Amen.</span> <span class='ocrx_word' id='word_1_32' title='bbox 1212 623 1280 701; x_wconf 91' lang='lat' dir='ltr'>lll.</span> <span class='ocrx_word' id='word_1_33' title='bbox 1313 624 1355 697; x_wconf 93' lang='lat' dir='ltr'>ln</span> <span class='ocrx_word' id='word_1_34' title='bbox 1371 621 1437 694; x_wconf 94' lang='lat' dir='ltr'>hac</span> <span class='ocrx_word' id='word_1_35' title='bbox 1452 625 1658 698; x_wconf 86' lang='lat' dir='ltr'>defiuitione</span> <span class='ocrx_word' id='word_1_36' title='bbox 1674 642 1813 703; x_wconf 89' lang='lat' dir='ltr'>tautum</span> <span class='ocrx_word' id='word_1_37' title='bbox 1832 647 2017 724; x_wconf 87' lang='lat' dir='ltr'>ponuntur</span> <span class='ocrx_word' id='word_1_38' title='bbox 2039 660 2096 707; x_wconf 90' lang='lat' dir='ltr'>re-</span> 
     </span>
     <span class='ocr_line' id='line_1_5' title="bbox 1110 722 2096 819; baseline 0.012 -22"><span class='ocrx_word' id='word_1_39' title='bbox 1110 727 1205 812; x_wconf 90' lang='lat' dir='ltr'>nati,</span> <span class='ocrx_word' id='word_1_40' title='bbox 1245 727 1337 799; x_wconf 87' lang='lat' dir='ltr'>sicut</span> <span class='ocrx_word' id='word_1_41' title='bbox 1359 722 1492 819; x_wconf 87' lang='lat' dir='ltr'>Ephes.</span> <span class='ocrx_word' id='word_1_42' title='bbox 1508 724 1562 803; x_wconf 84' lang='lat'>5.:</span> <span class='ocrx_word' id='word_1_43' title='bbox 1592 725 1787 804; x_wconf 72' lang='lat' dir='ltr'>Ecclesiam</span> <span class='ocrx_word' id='word_1_44' title='bbox 1809 758 1886 806; x_wconf 93' lang='lat' dir='ltr'>non</span> <span class='ocrx_word' id='word_1_45' title='bbox 1907 730 2096 809; x_wconf 77' lang='lat' dir='ltr'><strong>habentem</strong></span> 
     </span>
    </p>
   </div>
   <div class='ocr_carea' id='block_1_3' title="bbox 460 827 2096 1001">
    <p class='ocr_par' dir='ltr' id='par_1_5' title="bbox 460 827 2096 1001">
     <span class='ocr_line' id='line_1_6' title="bbox 460 827 2096 1001; baseline -0.004 -83"><span class='ocrx_word' id='word_1_46' title='bbox 460 860 660 963; x_wconf 43' lang='lat' dir='ltr'><strong>(Lm.)</strong></span> <span class='ocrx_word' id='word_1_47' title='bbox 1109 829 1296 1001; x_wconf 50' lang='grc' dir='ltr'>ἒὲἓὲίἶί</span> <span class='ocrx_word' id='word_1_48' title='bbox 1343 827 1436 901; x_wconf 82' lang='lat' dir='ltr'>Nam</span> <span class='ocrx_word' id='word_1_49' title='bbox 1445 827 1599 922; x_wconf 80' lang='lat' dir='ltr'>Spiritus</span> <span class='ocrx_word' id='word_1_50' title='bbox 1615 847 1756 907; x_wconf 90' lang='lat' dir='ltr'>sauctus</span> <span class='ocrx_word' id='word_1_51' title='bbox 1772 836 1934 932; x_wconf 87' lang='lat' dir='ltr'>loquitur</span> <span class='ocrx_word' id='word_1_52' title='bbox 1947 840 1992 911; x_wconf 93' lang='lat' dir='ltr'>de</span> <span class='ocrx_word' id='word_1_53' title='bbox 2005 840 2096 912; x_wconf 81' lang='lat' dir='ltr'>vivis</span> 
     </span>
    </p>
   </div>
   <div class='ocr_carea' id='block_1_4' title="bbox 182 1014 2097 1128">
    <p class='ocr_par' dir='ltr' id='par_1_6' title="bbox 182 1014 2097 1128">
     <span class='ocr_line' id='line_1_7' title="bbox 182 1014 2097 1128; baseline 0.009 -30"><span class='ocrx_word' id='word_1_54' title='bbox 182 1018 411 1098; x_wconf 79' lang='lat' dir='ltr'>cAPlTA</span> <span class='ocrx_word' id='word_1_55' title='bbox 446 1014 939 1095; x_wconf 81' lang='lat' dir='ltr'><strong>DISPUTATIONIS</strong></span> <span class='ocrx_word' id='word_1_56' title='bbox 1124 1106 1130 1117; x_wconf 55' lang='grc'>,</span> <span class='ocrx_word' id='word_1_57' title='bbox 1213 1031 1276 1107; x_wconf 87' lang='lat' dir='ltr'>lv.</span> <span class='ocrx_word' id='word_1_58' title='bbox 1310 1027 1360 1104; x_wconf 93' lang='lat' dir='ltr'>Et</span> <span class='ocrx_word' id='word_1_59' title='bbox 1377 1047 1496 1104; x_wconf 86' lang='lat' dir='ltr'>tamen</span> <span class='ocrx_word' id='word_1_60' title='bbox 1509 1029 1598 1106; x_wconf 87' lang='lat' dir='ltr'>haec</span> <span class='ocrx_word' id='word_1_61' title='bbox 1621 1037 1697 1128; x_wconf 90' lang='lat' dir='ltr'>ipsa</span> <span class='ocrx_word' id='word_1_62' title='bbox 1716 1051 1921 1109; x_wconf 90' lang='lat' dir='ltr'>renatorum</span> <span class='ocrx_word' id='word_1_63' title='bbox 1937 1035 2097 1115; x_wconf 84' lang='lat' dir='ltr'>Ecclesia</span> 
     </span>
    </p>
   </div>
   <div class='ocr_carea' id='block_1_5' title="bbox 66 1135 2098 1752">
    <p class='ocr_par' dir='ltr' id='par_1_7' title="bbox 66 1135 2097 1445">
     <span class='ocr_line' id='line_1_8' title="bbox 66 1135 2097 1234; baseline -0.001 -16"><span class='ocrx_word' id='word_1_64' title='bbox 66 1144 327 1232; x_wconf 70' lang='lat' dir='ltr'>deEccksia,</span> <span class='ocrx_word' id='word_1_65' title='bbox 348 1146 527 1234; x_wconf 75' lang='lat' dir='ltr'>Iustitia,</span> <span class='ocrx_word' id='word_1_66' title='bbox 553 1138 646 1214; x_wconf 73' lang='lat' dir='ltr'>Frate</span> <span class='ocrx_word' id='word_1_67' title='bbox 666 1163 714 1214; x_wconf 82' lang='grc' dir='ltr'>αο</span> <span class='ocrx_word' id='word_1_68' title='bbox 734 1145 945 1214; x_wconf 79' lang='lat' dir='ltr'>ministerio</span> <span class='ocrx_word' id='word_1_69' title='bbox 963 1143 1058 1230; x_wconf 65' lang='lat' dir='ltr'>dus,</span> <span class='ocrx_word' id='word_1_70' title='bbox 1109 1157 1286 1230; x_wconf 88' lang='lat' dir='ltr'>nusquam</span> <span class='ocrx_word' id='word_1_71' title='bbox 1302 1135 1507 1206; x_wconf 84' lang='lat' dir='ltr'>collocanda</span> <span class='ocrx_word' id='word_1_72' title='bbox 1524 1151 1593 1222; x_wconf 89' lang='lat' dir='ltr'>est,</span> <span class='ocrx_word' id='word_1_73' title='bbox 1628 1141 1698 1210; x_wconf 91' lang='lat' dir='ltr'>nisi</span> <span class='ocrx_word' id='word_1_74' title='bbox 1724 1141 1763 1210; x_wconf 92' lang='lat' dir='ltr'>in</span> <span class='ocrx_word' id='word_1_75' title='bbox 1779 1136 1938 1211; x_wconf 91' lang='lat' dir='ltr'>Ecclesia</span> <span class='ocrx_word' id='word_1_76' title='bbox 1964 1144 2097 1215; x_wconf 81' lang='lat' dir='ltr'>visibili</span> 
     </span>
     <span class='ocr_line' id='line_1_9' title="bbox 66 1238 2096 1341; baseline -0.002 -20"><span class='ocrx_word' id='word_1_77' title='bbox 66 1252 263 1321; x_wconf 74' lang='lat' dir='ltr'>caleante</span> <span class='ocrx_word' id='word_1_78' title='bbox 277 1252 473 1341; x_wconf 75' lang='lat' dir='ltr'>proposito</span> <span class='ocrx_word' id='word_1_79' title='bbox 487 1246 572 1319; x_wconf 71' lang='grc' dir='ltr'><strong>αἱ).</strong></span> <span class='ocrx_word' id='word_1_80' title='bbox 587 1245 837 1340; x_wconf 75' lang='lat' dir='ltr'>Bacuurdo</span> <span class='ocrx_word' id='word_1_81' title='bbox 853 1248 886 1315; x_wconf 84' lang='grc' dir='ltr'><em>Ζ</em></span> <span class='ocrx_word' id='word_1_82' title='bbox 894 1246 908 1313; x_wconf 84' lang='lat' dir='ltr'>i</span> <span class='ocrx_word' id='word_1_83' title='bbox 915 1243 1058 1340; x_wconf 74' lang='lat' dir='ltr'>plera.</span> <span class='ocrx_word' id='word_1_84' title='bbox 1110 1251 1334 1323; x_wconf 85' lang='lat' dir='ltr'>vocatorum,</span> <span class='ocrx_word' id='word_1_85' title='bbox 1367 1238 1464 1308; x_wconf 84' lang='lat' dir='ltr'>iuxta</span> <span class='ocrx_word' id='word_1_86' title='bbox 1485 1239 1574 1310; x_wconf 93' lang='lat' dir='ltr'>illud</span> <span class='ocrx_word' id='word_1_87' title='bbox 1598 1239 1720 1312; x_wconf 87' lang='lat' dir='ltr'>Pauli:</span> <span class='ocrx_word' id='word_1_88' title='bbox 1753 1240 1856 1333; x_wconf 84' lang='lat' dir='ltr'>Quos</span> <span class='ocrx_word' id='word_1_89' title='bbox 1875 1244 1998 1335; x_wconf 88' lang='lat' dir='ltr'>elegit,</span> <span class='ocrx_word' id='word_1_90' title='bbox 2029 1243 2096 1318; x_wconf 88' lang='lat' dir='ltr'>hos</span> 
     </span>
     <span class='ocr_line' id='line_1_10' title="bbox 66 1341 1313 1445; baseline -0.007 -23"><span class='ocrx_word' id='word_1_91' title='bbox 66 1346 129 1422; x_wconf 73' lang='lat' dir='ltr'>Art</span> <span class='ocrx_word' id='word_1_92' title='bbox 150 1346 251 1422; x_wconf 81' lang='lat' dir='ltr'>diem</span> <span class='ocrx_word' id='word_1_93' title='bbox 271 1358 452 1445; x_wconf 77' lang='lat' dir='ltr'>quartum</span> <span class='ocrx_word' id='word_1_94' title='bbox 470 1349 637 1444; x_wconf 82' lang='lat' dir='ltr'>Aprilis,</span> <span class='ocrx_word' id='word_1_95' title='bbox 658 1345 903 1442; x_wconf 80' lang='lat' dir='ltr'>praesidente</span> <span class='ocrx_word' id='word_1_96' title='bbox 922 1367 1059 1417; x_wconf 79' lang='lat' dir='ltr'>sacrae</span> <span class='ocrx_word' id='word_1_97' title='bbox 1111 1352 1146 1410; x_wconf 89' lang='lat' dir='ltr'>et</span> <span class='ocrx_word' id='word_1_98' title='bbox 1161 1341 1313 1413; x_wconf 86' lang='lat' dir='ltr'>vocavit.</span> 
     </span>
    </p>

    <p class='ocr_par' dir='ltr' id='par_1_8' title="bbox 66 1438 2098 1752">
     <span class='ocr_line' id='line_1_11' title="bbox 69 1438 2096 1550; baseline -0.001 -26"><span class='ocrx_word' id='word_1_99' title='bbox 69 1449 295 1550; x_wconf 71' lang='lat' dir='ltr'>Theologiue</span> <span class='ocrx_word' id='word_1_100' title='bbox 341 1455 502 1526; x_wconf 85' lang='lat' dir='ltr'>Doctorc</span> <span class='ocrx_word' id='word_1_101' title='bbox 548 1450 795 1524; x_wconf 79' lang='lat' dir='ltr'>Beruardo</span> <span class='ocrx_word' id='word_1_102' title='bbox 845 1450 1058 1545; x_wconf 72' lang='lat' dir='ltr'>Ziglero,</span> <span class='ocrx_word' id='word_1_103' title='bbox 1214 1439 1260 1514; x_wconf 83' lang='lat' dir='ltr'>V.</span> <span class='ocrx_word' id='word_1_104' title='bbox 1301 1439 1451 1530; x_wconf 87' lang='lat' dir='ltr'>Quoties</span> <span class='ocrx_word' id='word_1_105' title='bbox 1472 1441 1515 1511; x_wconf 90' lang='lat' dir='ltr'>de</span> <span class='ocrx_word' id='word_1_106' title='bbox 1537 1438 1695 1512; x_wconf 82' lang='lat' dir='ltr'>Ecclesia</span> <span class='ocrx_word' id='word_1_107' title='bbox 1721 1445 1933 1535; x_wconf 79' lang='lat' dir='ltr'>cogitamus,</span> <span class='ocrx_word' id='word_1_108' title='bbox 1975 1448 2096 1522; x_wconf 86' lang='lat' dir='ltr'>veniat</span> 
     </span>
     <span class='ocr_line' id='line_1_12' title="bbox 66 1536 2097 1648; baseline 0.002 -33"><span class='ocrx_word' id='word_1_109' title='bbox 66 1563 297 1648; x_wconf 71' lang='lat' dir='ltr'>proponetur</span> <span class='ocrx_word' id='word_1_110' title='bbox 328 1555 380 1627; x_wconf 73' lang='lat' dir='ltr'>ad</span> <span class='ocrx_word' id='word_1_111' title='bbox 412 1551 690 1648; x_wconf 52' lang='lat' dir='ltr'>disputandum</span> <span class='ocrx_word' id='word_1_112' title='bbox 710 1557 815 1627; x_wconf 60' lang='lat' dir='ltr'>torus</span> <span class='ocrx_word' id='word_1_113' title='bbox 833 1555 985 1624; x_wconf 61' lang='lat' dir='ltr'>legatae</span> <span class='ocrx_word' id='word_1_114' title='bbox 1009 1570 1060 1622; x_wconf 74' lang='lat' dir='ltr'>ex</span> <span class='ocrx_word' id='word_1_115' title='bbox 1110 1543 1150 1613; x_wconf 92' lang='lat' dir='ltr'>in</span> <span class='ocrx_word' id='word_1_116' title='bbox 1166 1556 1319 1615; x_wconf 88' lang='lat' dir='ltr'>ruentem</span> <span class='ocrx_word' id='word_1_117' title='bbox 1335 1536 1621 1614; x_wconf 89' lang='lat' dir='ltr'>huiusPaulinae</span> <span class='ocrx_word' id='word_1_118' title='bbox 1636 1544 1748 1641; x_wconf 84' lang='lat' dir='ltr'>vocis:</span> <span class='ocrx_word' id='word_1_119' title='bbox 1774 1545 1874 1635; x_wconf 91' lang='lat' dir='ltr'>Quos</span> <span class='ocrx_word' id='word_1_120' title='bbox 1890 1549 2007 1640; x_wconf 89' lang='lat' dir='ltr'>elegit,</span> <span class='ocrx_word' id='word_1_121' title='bbox 2031 1546 2097 1625; x_wconf 88' lang='lat' dir='ltr'>bos</span> 
     </span>
     <span class='ocr_line' id='line_1_13' title="bbox 68 1642 2098 1752; baseline 0.003 -35"><span class='ocrx_word' id='word_1_122' title='bbox 68 1661 199 1748; x_wconf 71' lang='lat' dir='ltr'>eapite</span> <span class='ocrx_word' id='word_1_123' title='bbox 212 1655 275 1731; x_wconf 76' lang='grc'>26,</span> <span class='ocrx_word' id='word_1_124' title='bbox 296 1658 507 1730; x_wconf 58' lang='lat' dir='ltr'>secundum</span> <span class='ocrx_word' id='word_1_125' title='bbox 526 1655 713 1752; x_wconf 59' lang='lat' dir='ltr'>quasdam</span> <span class='ocrx_word' id='word_1_126' title='bbox 728 1657 941 1729; x_wconf 59' lang='lat' dir='ltr'>,centenum</span> <span class='ocrx_word' id='word_1_127' title='bbox 955 1656 1059 1729; x_wconf 57' lang='lat' dir='ltr'>illius</span> <span class='ocrx_word' id='word_1_128' title='bbox 1111 1645 1262 1718; x_wconf 66' lang='lat' dir='ltr'>votavit.</span> <span class='ocrx_word' id='word_1_129' title='bbox 1311 1642 1413 1715; x_wconf 74' lang='lat' dir='ltr'>Nulli</span> <span class='ocrx_word' id='word_1_130' title='bbox 1436 1660 1520 1717; x_wconf 78' lang='lat' dir='ltr'>sunl</span> <span class='ocrx_word' id='word_1_131' title='bbox 1544 1648 1645 1717; x_wconf 77' lang='lat' dir='ltr'>electl</span> <span class='ocrx_word' id='word_1_132' title='bbox 1671 1648 1740 1716; x_wconf 78' lang='lat' dir='ltr'>nltl</span> <span class='ocrx_word' id='word_1_133' title='bbox 1766 1646 1804 1716; x_wconf 79' lang='lat' dir='ltr'>ln</span> <span class='ocrx_word' id='word_1_134' title='bbox 1828 1664 1930 1720; x_wconf 77' lang='lat' dir='ltr'>coeltl</span> <span class='ocrx_word' id='word_1_135' title='bbox 1953 1667 2098 1725; x_wconf 74' lang='lat' dir='ltr'>vocato-</span> 
     </span>
    </p>
   </div>
   <div class='ocr_carea' id='block_1_6' title="bbox 103 1746 2098 1958">
    <p class='ocr_par' dir='ltr' id='par_1_9' title="bbox 103 1746 2098 1958">
     <span class='ocr_line' id='line_1_14' title="bbox 103 1746 2098 1855; baseline 0.004 -36"><span class='ocrx_word' id='word_1_136' title='bbox 103 1768 205 1832; x_wconf 67' lang='grc' dir='ltr'>ωηο</span> <span class='ocrx_word' id='word_1_137' title='bbox 229 1781 387 1833; x_wconf 65' lang='lat' dir='ltr'>numero</span> <span class='ocrx_word' id='word_1_138' title='bbox 408 1759 620 1833; x_wconf 64' lang='lat' dir='ltr'>thematum</span> <span class='ocrx_word' id='word_1_139' title='bbox 640 1757 948 1855; x_wconf 50' lang='lat' dir='ltr'>comprobemus,</span> <span class='ocrx_word' id='word_1_140' title='bbox 979 1765 1021 1829; x_wconf 72' lang='lat' dir='ltr'>ut</span> <span class='ocrx_word' id='word_1_141' title='bbox 1111 1771 1202 1818; x_wconf 89' lang='lat' dir='ltr'>rum.</span> <span class='ocrx_word' id='word_1_142' title='bbox 1257 1746 1349 1817; x_wconf 88' lang='lat' dir='ltr'>Sunt</span> <span class='ocrx_word' id='word_1_143' title='bbox 1366 1759 1482 1816; x_wconf 91' lang='lat' dir='ltr'>autem</span> <span class='ocrx_word' id='word_1_144' title='bbox 1498 1750 1614 1819; x_wconf 89' lang='lat' dir='ltr'>vocati</span> <span class='ocrx_word' id='word_1_145' title='bbox 1627 1751 1827 1835; x_wconf 84' lang='lat' dir='ltr'>audientes,</span> <span class='ocrx_word' id='word_1_146' title='bbox 1852 1752 2043 1840; x_wconf 84' lang='lat' dir='ltr'>discentes,</span> <span class='ocrx_word' id='word_1_147' title='bbox 2063 1768 2098 1827; x_wconf 91' lang='lat' dir='ltr'>et</span> 
     </span>
     <span class='ocr_line' id='line_1_15' title="bbox 471 1847 2097 1958; baseline 0.004 -36"><span class='ocrx_word' id='word_1_148' title='bbox 471 1867 655 1958; x_wconf 59' lang='lat' dir='ltr'>requitur,</span> <span class='ocrx_word' id='word_1_149' title='bbox 1111 1849 1315 1942; x_wconf 87' lang='lat' dir='ltr'>prolitentes</span> <span class='ocrx_word' id='word_1_150' title='bbox 1344 1872 1470 1941; x_wconf 90' lang='lat' dir='ltr'>puram</span> <span class='ocrx_word' id='word_1_151' title='bbox 1497 1847 1684 1941; x_wconf 83' lang='lat' dir='ltr'>Evangelii</span> <span class='ocrx_word' id='word_1_152' title='bbox 1714 1853 1925 1928; x_wconf 85' lang='lat' dir='ltr'>doctrinam.</span> <span class='ocrx_word' id='word_1_153' title='bbox 1990 1854 2097 1928; x_wconf 88' lang='lat' dir='ltr'>Nulla</span> 
     </span>
    </p>
   </div>
   <div class='ocr_carea' id='block_1_7' title="bbox 365 1946 2099 2144">
    <p class='ocr_par' dir='ltr' id='par_1_10' title="bbox 365 1946 2099 2144">
     <span class='ocr_line' id='line_1_16' title="bbox 365 1946 2098 2038; baseline 0.012 -31"><span class='ocrx_word' id='word_1_154' title='bbox 365 1998 368 2007; x_wconf 95' lang='lat'><em>.</em></span> <span class='ocrx_word' id='word_1_155' title='bbox 1112 1965 1207 2022; x_wconf 79' lang='lat' dir='ltr'>extra</span> <span class='ocrx_word' id='word_1_156' title='bbox 1224 1946 1322 2022; x_wconf 90' lang='lat' dir='ltr'>huuc</span> <span class='ocrx_word' id='word_1_157' title='bbox 1338 1963 1477 2020; x_wconf 89' lang='lat' dir='ltr'>coetum</span> <span class='ocrx_word' id='word_1_158' title='bbox 1501 1953 1643 2038; x_wconf 88' lang='lat' dir='ltr'>electio,</span> <span class='ocrx_word' id='word_1_159' title='bbox 1669 1953 1770 2025; x_wconf 88' lang='lat' dir='ltr'>nulla</span> <span class='ocrx_word' id='word_1_160' title='bbox 1791 1954 2007 2027; x_wconf 86' lang='lat' dir='ltr'>illuminalio</span> <span class='ocrx_word' id='word_1_161' title='bbox 2028 1959 2098 2027; x_wconf 82' lang='lat' dir='ltr'>fin·</span> 
     </span>
     <span class='ocr_line' id='line_1_17' title="bbox 369 2049 2099 2144; baseline 0.005 -23"><span class='ocrx_word' id='word_1_162' title='bbox 369 2055 390 2121; x_wconf 88' lang='lat'><em>1</em></span> <span class='ocrx_word' id='word_1_163' title='bbox 398 2055 562 2124; x_wconf 82' lang='lat' dir='ltr'>esaiae</span> <span class='ocrx_word' id='word_1_164' title='bbox 594 2053 639 2125; x_wconf 84' lang='lat' dir='ltr'><em>X</em></span> <span class='ocrx_word' id='word_1_165' title='bbox 639 2056 680 2123; x_wconf 83' lang='grc' dir='ltr'><em>Χ</em></span> <span class='ocrx_word' id='word_1_166' title='bbox 687 2054 720 2123; x_wconf 77' lang='lat' dir='ltr'><em>V</em></span> <span class='ocrx_word' id='word_1_167' title='bbox 725 2056 757 2123; x_wconf 88' lang='lat'>1.</span> <span class='ocrx_word' id='word_1_168' title='bbox 1111 2065 1225 2144; x_wconf 90' lang='lat' dir='ltr'>gatur.</span> <span class='ocrx_word' id='word_1_169' title='bbox 1277 2052 1346 2123; x_wconf 90' lang='lat' dir='ltr'>Sed</span> <span class='ocrx_word' id='word_1_170' title='bbox 1362 2053 1514 2122; x_wconf 89' lang='lat' dir='ltr'>sciamus</span> <span class='ocrx_word' id='word_1_171' title='bbox 1530 2054 1567 2123; x_wconf 93' lang='lat' dir='ltr'>in</span> <span class='ocrx_word' id='word_1_172' title='bbox 1585 2049 1652 2123; x_wconf 90' lang='lat' dir='ltr'>hoc</span> <span class='ocrx_word' id='word_1_173' title='bbox 1668 2067 1771 2125; x_wconf 91' lang='lat' dir='ltr'>coctu</span> <span class='ocrx_word' id='word_1_174' title='bbox 1785 2071 1991 2128; x_wconf 89' lang='lat' dir='ltr'>vocatorum</span> <span class='ocrx_word' id='word_1_175' title='bbox 2006 2081 2099 2128; x_wconf 89' lang='lat' dir='ltr'>scm-</span> 
     </span>
    </p>
   </div>
   <div class='ocr_carea' id='block_1_8' title="bbox 67 2150 2099 2342">
    <p class='ocr_par' dir='ltr' id='par_1_11' title="bbox 67 2150 2099 2342">
     <span class='ocr_line' id='line_1_18' title="bbox 67 2150 2099 2291; baseline -0.016 -6"><span class='ocrx_word' id='word_1_176' title='bbox 67 2202 113 2289; x_wconf 92' lang='lat' dir='ltr'>lu</span> <span class='ocrx_word' id='word_1_177' title='bbox 140 2221 198 2291; x_wconf 91' lang='lat' dir='ltr'>die</span> <span class='ocrx_word' id='word_1_178' title='bbox 224 2220 285 2289; x_wconf 85' lang='lat' dir='ltr'>illa</span> <span class='ocrx_word' id='word_1_179' title='bbox 309 2220 512 2291; x_wconf 86' lang='lat' dir='ltr'>cantabitur</span> <span class='ocrx_word' id='word_1_180' title='bbox 535 2221 712 2291; x_wconf 87' lang='lat' dir='ltr'>canticum</span> <span class='ocrx_word' id='word_1_181' title='bbox 734 2240 868 2288; x_wconf 90' lang='lat' dir='ltr'>novum</span> <span class='ocrx_word' id='word_1_182' title='bbox 899 2214 1059 2286; x_wconf 88' lang='lat' dir='ltr'>interra</span> <span class='ocrx_word' id='word_1_183' title='bbox 1112 2150 1568 2275; x_wconf 46' lang='lat' dir='ltr'>pefaliqumsmlfclql‘</span> <span class='ocrx_word' id='word_1_184' title='bbox 1618 2153 1716 2226; x_wconf 64' lang='lat' dir='ltr'>Hm</span> <span class='ocrx_word' id='word_1_185' title='bbox 1738 2178 1864 2244; x_wconf 57' lang='lat'>&#39;&#39;¹³⁸⁰‘&#39;</span> <span class='ocrx_word' id='word_1_186' title='bbox 1887 2159 2099 2247; x_wconf 62' lang='lat' dir='ltr'>Pil⁵⁰⁰¹¹⁸⁰·</span> 
     </span>
     <span class='ocr_line' id='line_1_19' title="bbox 1112 2252 2098 2342; baseline 0.006 -18"><span class='ocrx_word' id='word_1_187' title='bbox 1112 2257 1199 2326; x_wconf 83' lang='lat' dir='ltr'>latro</span> <span class='ocrx_word' id='word_1_188' title='bbox 1223 2271 1294 2342; x_wconf 91' lang='lat' dir='ltr'>est,</span> <span class='ocrx_word' id='word_1_189' title='bbox 1328 2270 1362 2326; x_wconf 89' lang='lat' dir='ltr'>et</span> <span class='ocrx_word' id='word_1_190' title='bbox 1384 2279 1443 2325; x_wconf 88' lang='lat' dir='ltr'>cos</span> <span class='ocrx_word' id='word_1_191' title='bbox 1464 2269 1615 2340; x_wconf 86' lang='lat' dir='ltr'>ruvrtat,</span> <span class='ocrx_word' id='word_1_192' title='bbox 1645 2270 1685 2328; x_wconf 95' lang='lat' dir='ltr'>ut</span> <span class='ocrx_word' id='word_1_193' title='bbox 1709 2278 1746 2327; x_wconf 90' lang='lat' dir='ltr'>sc</span> <span class='ocrx_word' id='word_1_194' title='bbox 1768 2258 1813 2326; x_wconf 91' lang='lat' dir='ltr'>ad</span> <span class='ocrx_word' id='word_1_195' title='bbox 1835 2252 1932 2329; x_wconf 92' lang='lat' dir='ltr'>huuc</span> <span class='ocrx_word' id='word_1_196' title='bbox 1959 2275 2098 2331; x_wconf 89' lang='lat' dir='ltr'>coetum</span> 
     </span>
    </p>
   </div>
   <div class='ocr_carea' id='block_1_9' title="bbox 67 2318 2189 2530">
    <p class='ocr_par' dir='ltr' id='par_1_12' title="bbox 67 2318 2189 2530">
     <span class='ocr_line' id='line_1_20' title="bbox 68 2318 2098 2447; baseline 0.001 -17"><span class='ocrx_word' id='word_1_197' title='bbox 68 2318 174 2403; x_wconf 63' lang='lat' dir='ltr'>luda’</span> <span class='ocrx_word' id='word_1_198' title='bbox 222 2335 274 2392; x_wconf 65' lang='lat'>⁰⁵²</span> <span class='ocrx_word' id='word_1_199' title='bbox 300 2322 405 2391; x_wconf 66' lang='lat' dir='ltr'><strong>¹¹⁰bi⁸</strong></span> <span class='ocrx_word' id='word_1_200' title='bbox 437 2321 563 2439; x_wconf 51' lang='lat' dir='ltr'>‘illm</span> <span class='ocrx_word' id='word_1_201' title='bbox 593 2322 714 2439; x_wconf 58' lang='lat' dir='ltr'>fumat</span> <span class='ocrx_word' id='word_1_202' title='bbox 760 2320 908 2437; x_wconf 58' lang='lat' dir='ltr'>⁸⁸¹⁰,t‘m</span> <span class='ocrx_word' id='word_1_203' title='bbox 942 2318 1061 2411; x_wconf 64' lang='grc' dir='ltr'>ΡΟδυίι</span> <span class='ocrx_word' id='word_1_204' title='bbox 1112 2372 1316 2429; x_wconf 89' lang='lat' dir='ltr'>vocatorum</span> <span class='ocrx_word' id='word_1_205' title='bbox 1344 2357 1540 2447; x_wconf 87' lang='lat' dir='ltr'>adiungant</span> <span class='ocrx_word' id='word_1_206' title='bbox 1597 2352 1695 2429; x_wconf 92' lang='lat' dir='ltr'>hunc</span> <span class='ocrx_word' id='word_1_207' title='bbox 1719 2358 1863 2430; x_wconf 81' lang='lat' dir='ltr'>foveant</span> <span class='ocrx_word' id='word_1_208' title='bbox 1924 2382 2005 2432; x_wconf 86' lang='lat' dir='ltr'>cum</span> <span class='ocrx_word' id='word_1_209' title='bbox 2029 2358 2098 2433; x_wconf 88' lang='lat' dir='ltr'>hoc</span> 
     </span>
     <span class='ocr_line' id='line_1_21' title="bbox 67 2408 2189 2530; baseline -0.008 -38"><span class='ocrx_word' id='word_1_210' title='bbox 67 2419 345 2516; x_wconf 87' lang='lat' dir='ltr'>(Deus)muros</span> <span class='ocrx_word' id='word_1_211' title='bbox 365 2414 678 2518; x_wconf 82' lang='lat' dir='ltr'>etcopras(e1us).</span> <span class='ocrx_word' id='word_1_212' title='bbox 728 2416 875 2511; x_wconf 74' lang='lat' dir='ltr'>Aperite</span> <span class='ocrx_word' id='word_1_213' title='bbox 890 2432 1009 2510; x_wconf 88' lang='lat' dir='ltr'>portas</span> <span class='ocrx_word' id='word_1_214' title='bbox 1026 2433 1059 2489; x_wconf 92' lang='lat' dir='ltr'>et</span> <span class='ocrx_word' id='word_1_215' title='bbox 1111 2457 1227 2530; x_wconf 65' lang='lat' dir='ltr'>Deum</span> <span class='ocrx_word' id='word_1_216' title='bbox 1250 2461 1428 2530; x_wconf 46' lang='lat' dir='ltr'><strong>invocem·</strong></span> <span class='ocrx_word' id='word_1_217' title='bbox 1549 2413 1559 2445; x_wconf 90' lang='grc'><strong><em>’</em></strong></span> <span class='ocrx_word' id='word_1_218' title='bbox 1871 2408 1882 2441; x_wconf 91' lang='grc'><strong>’</strong></span> <span class='ocrx_word' id='word_1_219' title='bbox 2185 2468 2189 2475; x_wconf 92' lang='grc'>.</span> 
     </span>
    </p>
   </div>
   <div class='ocr_carea' id='block_1_10' title="bbox 68 2518 1059 2612">
    <p class='ocr_par' dir='ltr' id='par_1_13' title="bbox 68 2518 1059 2612">
     <span class='ocr_line' id='line_1_22' title="bbox 68 2518 1059 2612; baseline -0.004 -22"><span class='ocrx_word' id='word_1_220' title='bbox 68 2523 291 2610; x_wconf 90' lang='lat' dir='ltr'>ingredietur</span> <span class='ocrx_word' id='word_1_221' title='bbox 314 2547 399 2612; x_wconf 88' lang='lat' dir='ltr'>gens</span> <span class='ocrx_word' id='word_1_222' title='bbox 422 2524 534 2605; x_wconf 88' lang='lat' dir='ltr'>iusta,</span> <span class='ocrx_word' id='word_1_223' title='bbox 557 2523 761 2594; x_wconf 90' lang='lat' dir='ltr'>custodiens</span> <span class='ocrx_word' id='word_1_224' title='bbox 781 2522 900 2596; x_wconf 84' lang='lat' dir='ltr'>iidem,</span> <span class='ocrx_word' id='word_1_225' title='bbox 951 2518 1059 2609; x_wconf 87' lang='lat' dir='ltr'>Cogi-</span> 
     </span>
    </p>
   </div>
   <div class='ocr_carea' id='block_1_11' title="bbox 69 2619 2098 2855">
    <p class='ocr_par' dir='ltr' id='par_1_14' title="bbox 69 2619 2098 2855">
     <span class='ocr_line' id='line_1_23' title="bbox 69 2619 2098 2755; baseline 0.004 -60"><span class='ocrx_word' id='word_1_226' title='bbox 69 2619 422 2742; x_wconf 43' lang='lat' dir='ltr'>tatiosrrffulta.(hoe</span> <span class='ocrx_word' id='word_1_227' title='bbox 444 2637 513 2706; x_wconf 81' lang='lat' dir='ltr'>est,</span> <span class='ocrx_word' id='word_1_228' title='bbox 546 2623 706 2743; x_wconf 72' lang='lat' dir='ltr'>firmaet</span> <span class='ocrx_word' id='word_1_229' title='bbox 729 2624 893 2707; x_wconf 89' lang='lat' dir='ltr'>immota,</span> <span class='ocrx_word' id='word_1_230' title='bbox 924 2623 1060 2692; x_wconf 91' lang='lat' dir='ltr'>scilicet</span> <span class='ocrx_word' id='word_1_231' title='bbox 1111 2660 1182 2748; x_wconf 52' lang='grc' dir='ltr'>δὴ,</span> <span class='ocrx_word' id='word_1_232' title='bbox 1205 2662 1373 2732; x_wconf 59' lang='lat' dir='ltr'>obscurae</span> <span class='ocrx_word' id='word_1_233' title='bbox 1392 2674 1427 2731; x_wconf 55' lang='lat' dir='ltr'>ep</span> <span class='ocrx_word' id='word_1_234' title='bbox 1451 2662 1631 2731; x_wconf 49' lang='lat' dir='ltr'>interdum</span> <span class='ocrx_word' id='word_1_235' title='bbox 1653 2675 1822 2755; x_wconf 58' lang='lat' dir='ltr'>,anquam</span> <span class='ocrx_word' id='word_1_236' title='bbox 1846 2665 1962 2734; x_wconf 57' lang='lat' dir='ltr'>ideam</span> <span class='ocrx_word' id='word_1_237' title='bbox 1976 2662 2098 2736; x_wconf 51' lang='lat' dir='ltr'>plago-</span> 
     </span>
     <span class='ocr_line' id='line_1_24' title="bbox 70 2720 2096 2855; baseline 0.007 -33"><span class='ocrx_word' id='word_1_238' title='bbox 70 2720 504 2818; x_wconf 63' lang='lat' dir='ltr'>q¹¹⁰dl⁸⁰fvab¹⁸l³³⁶²¹¹¹0</span> <span class='ocrx_word' id='word_1_239' title='bbox 538 2723 925 2816; x_wconf 61' lang='lat' dir='ltr'>Q¹¹¹³¹¹¹¹⁰⁸P⁰m¹⁰r·</span> <span class='ocrx_word' id='word_1_240' title='bbox 969 2724 1059 2815; x_wconf 63' lang='lat' dir='ltr'><strong>spe‘</strong></span> <span class='ocrx_word' id='word_1_241' title='bbox 1112 2764 1227 2834; x_wconf 88' lang='lat' dir='ltr'>nicam</span> <span class='ocrx_word' id='word_1_242' title='bbox 1242 2762 1497 2844; x_wconf 89' lang='lat' dir='ltr'>describentes,</span> <span class='ocrx_word' id='word_1_243' title='bbox 1523 2766 1581 2833; x_wconf 88' lang='lat' dir='ltr'>scd</span> <span class='ocrx_word' id='word_1_244' title='bbox 1600 2765 1699 2855; x_wconf 92' lang='lat' dir='ltr'>pium</span> <span class='ocrx_word' id='word_1_245' title='bbox 1714 2777 1748 2833; x_wconf 91' lang='lat' dir='ltr'>et</span> <span class='ocrx_word' id='word_1_246' title='bbox 1765 2788 1886 2835; x_wconf 89' lang='lat' dir='ltr'>verum</span> <span class='ocrx_word' id='word_1_247' title='bbox 1901 2780 1965 2851; x_wconf 87' lang='lat' dir='ltr'>est,</span> <span class='ocrx_word' id='word_1_248' title='bbox 1985 2790 2096 2837; x_wconf 85' lang='lat' dir='ltr'>unam</span> 
     </span>
    </p>
   </div>
   <div class='ocr_carea' id='block_1_12' title="bbox 69 2824 2096 2938">
    <p class='ocr_par' dir='ltr' id='par_1_15' title="bbox 69 2824 2096 2938">
     <span class='ocr_line' id='line_1_25' title="bbox 69 2824 2096 2938; baseline -0 1"><span class='ocrx_word' id='word_1_249' title='bbox 69 2824 646 2914; x_wconf 50' lang='lat' dir='ltr'>¹³t⁸¹¹¹D⁰¹¹¹¹⁰⁰¹n³a⁰m⁰Q</span> <span class='ocrx_word' id='word_1_250' title='bbox 679 2851 764 2921; x_wconf 60' lang='grc' dir='ltr'>ΨΜ</span> <span class='ocrx_word' id='word_1_251' title='bbox 784 2851 822 2897; x_wconf 83' lang='lat'>¹¹¹</span> <span class='ocrx_word' id='word_1_252' title='bbox 844 2824 981 2927; x_wconf 49' lang='grc' dir='ltr'>ΠῘΒΕΟ</span> <span class='ocrx_word' id='word_1_253' title='bbox 1007 2839 1059 2896; x_wconf 64' lang='lat'>⁸³¹</span> <span class='ocrx_word' id='word_1_254' title='bbox 1111 2866 1183 2936; x_wconf 89' lang='lat' dir='ltr'>dici</span> <span class='ocrx_word' id='word_1_255' title='bbox 1208 2861 1402 2935; x_wconf 83' lang='lat' dir='ltr'>Ecclesiam</span> <span class='ocrx_word' id='word_1_256' title='bbox 1426 2877 1563 2934; x_wconf 89' lang='lat' dir='ltr'>coetum</span> <span class='ocrx_word' id='word_1_257' title='bbox 1587 2877 1790 2934; x_wconf 89' lang='lat' dir='ltr'>vocatorum</span> <span class='ocrx_word' id='word_1_258' title='bbox 1811 2867 1999 2937; x_wconf 86' lang='lat' dir='ltr'>visibilem.</span> <span class='ocrx_word' id='word_1_259' title='bbox 2052 2866 2096 2938; x_wconf 93' lang='lat' dir='ltr'>ln</span> 
     </span>
    </p>
   </div>
   <div class='ocr_carea' id='block_1_13' title="bbox 65 2940 2101 5409">
    <p class='ocr_par' dir='ltr' id='par_1_16' title="bbox 64 2940 2101 5409">
     <span class='ocr_line' id='line_1_26' title="bbox 68 2940 2095 3061; baseline 0.001 -23"><span class='ocrx_word' id='word_1_260' title='bbox 68 2940 166 3021; x_wconf 63' lang='lat' dir='ltr'>pem</span> <span class='ocrx_word' id='word_1_261' title='bbox 181 2943 336 3004; x_wconf 55' lang='lat' dir='ltr'>aelerna·</span> <span class='ocrx_word' id='word_1_262' title='bbox 376 3026 382 3037; x_wconf 92' lang='lat'><strong><em>.</em></strong></span> <span class='ocrx_word' id='word_1_263' title='bbox 1112 2992 1183 3061; x_wconf 92' lang='lat' dir='ltr'>quo</span> <span class='ocrx_word' id='word_1_264' title='bbox 1201 2966 1337 3038; x_wconf 89' lang='lat' dir='ltr'>etiamsi</span> <span class='ocrx_word' id='word_1_265' title='bbox 1355 2988 1481 3055; x_wconf 89' lang='lat' dir='ltr'>magna</span> <span class='ocrx_word' id='word_1_266' title='bbox 1496 2967 1600 3037; x_wconf 90' lang='lat' dir='ltr'>turba</span> <span class='ocrx_word' id='word_1_267' title='bbox 1623 2981 1673 3036; x_wconf 89' lang='lat' dir='ltr'>est</span> <span class='ocrx_word' id='word_1_268' title='bbox 1695 2990 1767 3036; x_wconf 93' lang='lat' dir='ltr'>non</span> <span class='ocrx_word' id='word_1_269' title='bbox 1791 2983 2015 3055; x_wconf 89' lang='lat' dir='ltr'>renatorum,</span> <span class='ocrx_word' id='word_1_270' title='bbox 2042 2982 2095 3040; x_wconf 88' lang='lat' dir='ltr'>ta-</span> 
     </span>
     <span class='ocr_line' id='line_1_27' title="bbox 439 3064 2089 3174; baseline 0.001 -35"><span class='ocrx_word' id='word_1_271' title='bbox 439 3095 685 3174; x_wconf 53' lang='lat' dir='ltr'>mmam</span> <span class='ocrx_word' id='word_1_272' title='bbox 1112 3094 1193 3138; x_wconf 89' lang='lat' dir='ltr'>men</span> <span class='ocrx_word' id='word_1_273' title='bbox 1216 3070 1254 3137; x_wconf 93' lang='lat' dir='ltr'>in</span> <span class='ocrx_word' id='word_1_274' title='bbox 1277 3064 1345 3137; x_wconf 91' lang='lat' dir='ltr'>hoc</span> <span class='ocrx_word' id='word_1_275' title='bbox 1366 3067 1441 3137; x_wconf 91' lang='lat' dir='ltr'>solo</span> <span class='ocrx_word' id='word_1_276' title='bbox 1465 3081 1568 3138; x_wconf 91' lang='lat' dir='ltr'>coetu</span> <span class='ocrx_word' id='word_1_277' title='bbox 1591 3080 1673 3138; x_wconf 91' lang='lat' dir='ltr'>suut</span> <span class='ocrx_word' id='word_1_278' title='bbox 1709 3070 1823 3138; x_wconf 88' lang='lat' dir='ltr'>renati</span> <span class='ocrx_word' id='word_1_279' title='bbox 1857 3084 1891 3141; x_wconf 93' lang='lat' dir='ltr'>et</span> <span class='ocrx_word' id='word_1_280' title='bbox 1921 3067 2089 3141; x_wconf 89' lang='lat' dir='ltr'>haeredes</span> 
     </span>
     <span class='ocr_line' id='line_1_28' title="bbox 1112 3171 1394 3241; baseline 0.014 -4"><span class='ocrx_word' id='word_1_281' title='bbox 1112 3171 1205 3241; x_wconf 88' lang='lat' dir='ltr'>vitae</span> <span class='ocrx_word' id='word_1_282' title='bbox 1222 3182 1394 3241; x_wconf 86' lang='lat' dir='ltr'><strong>aeternae.</strong></span> 
     </span>
     <span class='ocr_line' id='line_1_29' title="bbox 1216 3265 2097 3361; baseline 0.006 -23"><span class='ocrx_word' id='word_1_283' title='bbox 1216 3268 1417 3340; x_wconf 70' lang='lat' dir='ltr'>t³11.·Etst</span> <span class='ocrx_word' id='word_1_284' title='bbox 1445 3283 1619 3361; x_wconf 86' lang='lat' dir='ltr'>quaerunt</span> <span class='ocrx_word' id='word_1_285' title='bbox 1650 3268 1720 3337; x_wconf 87' lang='lat' dir='ltr'>viri</span> <span class='ocrx_word' id='word_1_286' title='bbox 1747 3269 1883 3360; x_wconf 86' lang='lat' dir='ltr'>politici</span> <span class='ocrx_word' id='word_1_287' title='bbox 1904 3265 2097 3343; x_wconf 88' lang='lat' dir='ltr'>Ecclesiam</span> 
     </span>
     <span class='ocr_line' id='line_1_30' title="bbox 1111 3366 2096 3464; baseline 0.003 -23"><span class='ocrx_word' id='word_1_288' title='bbox 1111 3371 1262 3442; x_wconf 90' lang='lat' dir='ltr'>similem</span> <span class='ocrx_word' id='word_1_289' title='bbox 1277 3371 1437 3461; x_wconf 88' lang='lat' dir='ltr'>imperiis</span> <span class='ocrx_word' id='word_1_290' title='bbox 1456 3370 1600 3454; x_wconf 89' lang='lat' dir='ltr'>mundi,</span> <span class='ocrx_word' id='word_1_291' title='bbox 1628 3394 1718 3464; x_wconf 81' lang='lat' dir='ltr'>quac</span> <span class='ocrx_word' id='word_1_292' title='bbox 1741 3366 1875 3441; x_wconf 89' lang='lat' dir='ltr'>habeut</span> <span class='ocrx_word' id='word_1_293' title='bbox 1896 3396 2009 3443; x_wconf 91' lang='lat' dir='ltr'>unum</span> <span class='ocrx_word' id='word_1_294' title='bbox 2030 3376 2096 3444; x_wconf 90' lang='lat' dir='ltr'>ali-</span> 
     </span>
     <span class='ocr_line' id='line_1_31' title="bbox 1112 3472 2096 3569; baseline 0.004 -26"><span class='ocrx_word' id='word_1_295' title='bbox 1112 3497 1216 3569; x_wconf 90' lang='lat' dir='ltr'>quem</span> <span class='ocrx_word' id='word_1_296' title='bbox 1245 3474 1441 3565; x_wconf 89' lang='lat' dir='ltr'>principem</span> <span class='ocrx_word' id='word_1_297' title='bbox 1468 3472 1664 3557; x_wconf 90' lang='lat' dir='ltr'>visibilem,</span> <span class='ocrx_word' id='word_1_298' title='bbox 1704 3473 1915 3543; x_wconf 89' lang='lat' dir='ltr'>instructum</span> <span class='ocrx_word' id='word_1_299' title='bbox 1938 3477 2096 3565; x_wconf 89' lang='lat' dir='ltr'>potentia</span> 
     </span>
     <span class='ocr_line' id='line_1_32' title="bbox 1112 3573 2097 3667; baseline 0.002 -21"><span class='ocrx_word' id='word_1_300' title='bbox 1112 3589 1145 3646; x_wconf 90' lang='lat' dir='ltr'>et</span> <span class='ocrx_word' id='word_1_301' title='bbox 1161 3575 1366 3667; x_wconf 85' lang='lat' dir='ltr'>praesidiis,</span> <span class='ocrx_word' id='word_1_302' title='bbox 1390 3587 1425 3643; x_wconf 91' lang='lat' dir='ltr'>et</span> <span class='ocrx_word' id='word_1_303' title='bbox 1445 3573 1583 3663; x_wconf 87' lang='lat' dir='ltr'>legibus</span> <span class='ocrx_word' id='word_1_304' title='bbox 1606 3597 1646 3643; x_wconf 89' lang='lat' dir='ltr'>ac</span> <span class='ocrx_word' id='word_1_305' title='bbox 1667 3574 1797 3645; x_wconf 88' lang='lat' dir='ltr'>ritibus</span> <span class='ocrx_word' id='word_1_306' title='bbox 1818 3576 2097 3665; x_wconf 86' lang='lat' dir='ltr'>distinguentem</span> 
     </span>
     <span class='ocr_line' id='line_1_33' title="bbox 1111 3675 2097 3771; baseline 0.004 -25"><span class='ocrx_word' id='word_1_307' title='bbox 1111 3701 1214 3747; x_wconf 88' lang='lat' dir='ltr'>suum</span> <span class='ocrx_word' id='word_1_308' title='bbox 1231 3689 1370 3746; x_wconf 90' lang='lat' dir='ltr'>coetum</span> <span class='ocrx_word' id='word_1_309' title='bbox 1387 3700 1407 3744; x_wconf 91' lang='lat' dir='ltr'>a</span> <span class='ocrx_word' id='word_1_310' title='bbox 1423 3675 1569 3746; x_wconf 91' lang='lat' dir='ltr'>caeteris</span> <span class='ocrx_word' id='word_1_311' title='bbox 1583 3676 1719 3765; x_wconf 89' lang='lat' dir='ltr'>regnis,</span> <span class='ocrx_word' id='word_1_312' title='bbox 1743 3689 1784 3748; x_wconf 93' lang='lat' dir='ltr'>ut</span> <span class='ocrx_word' id='word_1_313' title='bbox 1797 3676 1987 3768; x_wconf 89' lang='lat' dir='ltr'>imperium</span> <span class='ocrx_word' id='word_1_314' title='bbox 2004 3705 2097 3771; x_wconf 91' lang='lat' dir='ltr'>pon-</span> 
     </span>
     <span class='ocr_line' id='line_1_34' title="bbox 1110 3774 2096 3871; baseline 0.001 -21"><span class='ocrx_word' id='word_1_315' title='bbox 1110 3780 1258 3850; x_wconf 85' lang='lat' dir='ltr'>tificium</span> <span class='ocrx_word' id='word_1_316' title='bbox 1275 3781 1319 3847; x_wconf 91' lang='lat' dir='ltr'>ad</span> <span class='ocrx_word' id='word_1_317' title='bbox 1336 3774 1428 3847; x_wconf 88' lang='lat' dir='ltr'>hanc</span> <span class='ocrx_word' id='word_1_318' title='bbox 1441 3774 1681 3848; x_wconf 90' lang='lat' dir='ltr'>humanorum</span> <span class='ocrx_word' id='word_1_319' title='bbox 1696 3778 1927 3871; x_wconf 88' lang='lat' dir='ltr'>imperiorum</span> <span class='ocrx_word' id='word_1_320' title='bbox 1943 3782 2096 3851; x_wconf 81' lang='lat' dir='ltr'>formam</span> 
     </span>
     <span class='ocr_line' id='line_1_35' title="bbox 1111 3877 2096 3959; baseline 0 -6"><span class='ocrx_word' id='word_1_321' title='bbox 1111 3882 1343 3953; x_wconf 90' lang='lat' dir='ltr'>coustitutum</span> <span class='ocrx_word' id='word_1_322' title='bbox 1363 3893 1433 3959; x_wconf 90' lang='lat' dir='ltr'>est,</span> <span class='ocrx_word' id='word_1_323' title='bbox 1458 3893 1577 3950; x_wconf 89' lang='lat' dir='ltr'>tamen</span> <span class='ocrx_word' id='word_1_324' title='bbox 1597 3877 1754 3950; x_wconf 84' lang='lat' dir='ltr'>Ecclesia</span> <span class='ocrx_word' id='word_1_325' title='bbox 1769 3879 1922 3950; x_wconf 88' lang='lat' dir='ltr'>visibilis</span> <span class='ocrx_word' id='word_1_326' title='bbox 1944 3904 2005 3952; x_wconf 88' lang='lat' dir='ltr'>seu</span> <span class='ocrx_word' id='word_1_327' title='bbox 2031 3909 2096 3954; x_wconf 88' lang='lat' dir='ltr'>vo·</span> 
     </span>
     <span class='ocr_line' id='line_1_36' title="bbox 1111 3976 2098 4067; baseline 0.002 -13"><span class='ocrx_word' id='word_1_328' title='bbox 1111 3998 1288 4063; x_wconf 89' lang='lat' dir='ltr'>catorum,</span> <span class='ocrx_word' id='word_1_329' title='bbox 1329 3995 1382 4052; x_wconf 90' lang='lat' dir='ltr'>est</span> <span class='ocrx_word' id='word_1_330' title='bbox 1402 3976 1584 4050; x_wconf 88' lang='lat' dir='ltr'>dissimilis</span> <span class='ocrx_word' id='word_1_331' title='bbox 1606 3979 1765 4067; x_wconf 87' lang='lat' dir='ltr'>imperiis</span> <span class='ocrx_word' id='word_1_332' title='bbox 1782 3982 1920 4051; x_wconf 86' lang='lat' dir='ltr'>mundi.</span> <span class='ocrx_word' id='word_1_333' title='bbox 1979 3980 2098 4056; x_wconf 86' lang='lat' dir='ltr'>Habet</span> 
     </span>
     <span class='ocr_line' id='line_1_37' title="bbox 1112 4079 2097 4177; baseline 0 -22"><span class='ocrx_word' id='word_1_334' title='bbox 1112 4098 1216 4177; x_wconf 86' lang='lat' dir='ltr'>caput</span> <span class='ocrx_word' id='word_1_335' title='bbox 1236 4079 1451 4167; x_wconf 77' lang='lat' dir='ltr'>Christum,</span> <span class='ocrx_word' id='word_1_336' title='bbox 1475 4095 1510 4150; x_wconf 91' lang='lat' dir='ltr'>ct</span> <span class='ocrx_word' id='word_1_337' title='bbox 1535 4082 1698 4172; x_wconf 89' lang='lat' dir='ltr'>colligata</span> <span class='ocrx_word' id='word_1_338' title='bbox 1720 4094 1772 4153; x_wconf 89' lang='lat' dir='ltr'>est</span> <span class='ocrx_word' id='word_1_339' title='bbox 1790 4105 1876 4152; x_wconf 85' lang='lat' dir='ltr'>voce</span> <span class='ocrx_word' id='word_1_340' title='bbox 1899 4096 1934 4154; x_wconf 90' lang='lat' dir='ltr'>et</span> <span class='ocrx_word' id='word_1_341' title='bbox 1957 4087 2097 4155; x_wconf 91' lang='lat' dir='ltr'>coules-</span> 
     </span>
     <span class='ocr_line' id='line_1_38' title="bbox 177 4178 2097 4373; baseline -0.001 -13.111"><span class='ocrx_word' id='word_1_342' title='bbox 177 4251 257 4327; x_wconf 58' lang='grc' dir='ltr'>ω.</span> <span class='ocrx_word' id='word_1_343' title='bbox 1112 4210 1211 4373; x_wconf 67' lang='lat'>3¹:32¹?</span> <span class='ocrx_word' id='word_1_344' title='bbox 1225 4180 1756 4357; x_wconf 67' lang='lat' dir='ltr'>turttuttutu</span> <span class='ocrx_word' id='word_1_345' title='bbox 1775 4178 1947 4357; x_wconf 70' lang='lat' dir='ltr'>tuta</span> <span class='ocrx_word' id='word_1_346' title='bbox 1963 4209 2097 4361; x_wconf 69' lang='lat' dir='ltr'>aaz:</span> 
     </span>
     <span class='ocr_line' id='line_1_39' title="bbox 177 4382 2099 4480; baseline 0 -18"><span class='ocrx_word' id='word_1_347' title='bbox 177 4390 226 4464; x_wconf 90' lang='lat' dir='ltr'>ll.</span> <span class='ocrx_word' id='word_1_348' title='bbox 278 4388 407 4479; x_wconf 87' lang='lat' dir='ltr'>Qualis</span> <span class='ocrx_word' id='word_1_349' title='bbox 438 4400 555 4459; x_wconf 86' lang='lat' dir='ltr'>antem</span> <span class='ocrx_word' id='word_1_350' title='bbox 589 4400 710 4457; x_wconf 86' lang='lat' dir='ltr'>coetus</span> <span class='ocrx_word' id='word_1_351' title='bbox 734 4388 810 4458; x_wconf 83' lang='lat' dir='ltr'>est?</span> <span class='ocrx_word' id='word_1_352' title='bbox 850 4382 915 4457; x_wconf 88' lang='lat' dir='ltr'>Est</span> <span class='ocrx_word' id='word_1_353' title='bbox 936 4384 1060 4456; x_wconf 88' lang='lat' dir='ltr'>civitas</span> <span class='ocrx_word' id='word_1_354' title='bbox 1113 4393 1190 4463; x_wconf 86' lang='lat' dir='ltr'>bus.</span> <span class='ocrx_word' id='word_1_355' title='bbox 1249 4389 1309 4460; x_wconf 87' lang='lat' dir='ltr'>Sic</span> <span class='ocrx_word' id='word_1_356' title='bbox 1331 4389 1370 4457; x_wconf 93' lang='lat' dir='ltr'>in</span> <span class='ocrx_word' id='word_1_357' title='bbox 1384 4385 1491 4458; x_wconf 86' lang='lat' dir='ltr'>Iesaia</span> <span class='ocrx_word' id='word_1_358' title='bbox 1513 4387 1644 4457; x_wconf 90' lang='lat' dir='ltr'>dicitur</span> <span class='ocrx_word' id='word_1_359' title='bbox 1663 4387 1776 4478; x_wconf 86' lang='lat' dir='ltr'>capite</span> <span class='ocrx_word' id='word_1_360' title='bbox 1791 4385 1869 4460; x_wconf 63' lang='lat' dir='ltr'>lta</span> <span class='ocrx_word' id='word_1_361' title='bbox 1896 4385 1971 4477; x_wconf 85' lang='lat' dir='ltr'>Qui</span> <span class='ocrx_word' id='word_1_362' title='bbox 1983 4403 2099 4480; x_wconf 88' lang='lat' dir='ltr'>gesta·</span> 
     </span>
     <span class='ocr_line' id='line_1_40' title="bbox 65 4484 2095 4582; baseline -0 -18"><span class='ocrx_word' id='word_1_363' title='bbox 65 4500 196 4580; x_wconf 78' lang='lat' dir='ltr'>firma,</span> <span class='ocrx_word' id='word_1_364' title='bbox 236 4492 337 4563; x_wconf 91' lang='lat' dir='ltr'>cuius</span> <span class='ocrx_word' id='word_1_365' title='bbox 358 4491 453 4563; x_wconf 90' lang='lat' dir='ltr'>muri</span> <span class='ocrx_word' id='word_1_366' title='bbox 475 4502 558 4560; x_wconf 88' lang='lat' dir='ltr'>sunt</span> <span class='ocrx_word' id='word_1_367' title='bbox 578 4491 693 4570; x_wconf 82' lang='lat' dir='ltr'>salus,</span> <span class='ocrx_word' id='word_1_368' title='bbox 735 4490 773 4559; x_wconf 92' lang='lat' dir='ltr'>in</span> <span class='ocrx_word' id='word_1_369' title='bbox 800 4513 906 4582; x_wconf 71' lang='lat' dir='ltr'>utram</span> <span class='ocrx_word' id='word_1_370' title='bbox 932 4489 1061 4579; x_wconf 90' lang='lat' dir='ltr'>apertis</span> <span class='ocrx_word' id='word_1_371' title='bbox 1113 4492 1202 4562; x_wconf 91' lang='lat' dir='ltr'>mini</span> <span class='ocrx_word' id='word_1_372' title='bbox 1229 4491 1268 4559; x_wconf 94' lang='lat' dir='ltr'>in</span> <span class='ocrx_word' id='word_1_373' title='bbox 1291 4502 1392 4560; x_wconf 89' lang='lat' dir='ltr'>utero</span> <span class='ocrx_word' id='word_1_374' title='bbox 1411 4510 1503 4561; x_wconf 86' lang='lat' dir='ltr'>meo.</span> <span class='ocrx_word' id='word_1_375' title='bbox 1554 4487 1803 4560; x_wconf 79' lang='lat' dir='ltr'>senescentem</span> <span class='ocrx_word' id='word_1_376' title='bbox 1816 4484 2011 4561; x_wconf 86' lang='lat' dir='ltr'>Ecclesiam</span> <span class='ocrx_word' id='word_1_377' title='bbox 2032 4515 2095 4580; x_wconf 86' lang='lat' dir='ltr'>ego</span> 
     </span>
     <span class='ocr_line' id='line_1_41' title="bbox 66 4589 2097 4693; baseline -0.002 -24"><span class='ocrx_word' id='word_1_378' title='bbox 66 4598 187 4693; x_wconf 87' lang='lat' dir='ltr'>portis</span> <span class='ocrx_word' id='word_1_379' title='bbox 216 4595 417 4684; x_wconf 78' lang='lat' dir='ltr'>ingreditur</span> <span class='ocrx_word' id='word_1_380' title='bbox 448 4616 532 4682; x_wconf 91' lang='lat' dir='ltr'>gens</span> <span class='ocrx_word' id='word_1_381' title='bbox 563 4593 673 4677; x_wconf 88' lang='lat' dir='ltr'>iusta,</span> <span class='ocrx_word' id='word_1_382' title='bbox 711 4591 913 4662; x_wconf 88' lang='lat' dir='ltr'>custodiens</span> <span class='ocrx_word' id='word_1_383' title='bbox 941 4591 1060 4664; x_wconf 86' lang='lat' dir='ltr'>fidem.</span> <span class='ocrx_word' id='word_1_384' title='bbox 1114 4593 1284 4685; x_wconf 86' lang='lat' dir='ltr'>portabo,</span> <span class='ocrx_word' id='word_1_385' title='bbox 1310 4614 1373 4681; x_wconf 87' lang='lat' dir='ltr'>ego</span> <span class='ocrx_word' id='word_1_386' title='bbox 1389 4589 1479 4674; x_wconf 83' lang='lat' dir='ltr'>feci,</span> <span class='ocrx_word' id='word_1_387' title='bbox 1505 4613 1568 4682; x_wconf 90' lang='lat' dir='ltr'>ego</span> <span class='ocrx_word' id='word_1_388' title='bbox 1584 4593 1746 4681; x_wconf 87' lang='lat' dir='ltr'>gestabo,</span> <span class='ocrx_word' id='word_1_389' title='bbox 1769 4612 1833 4681; x_wconf 85' lang='lat' dir='ltr'>ego</span> <span class='ocrx_word' id='word_1_390' title='bbox 1849 4592 2005 4666; x_wconf 80' lang='lat' dir='ltr'>salvabo.</span> <span class='ocrx_word' id='word_1_391' title='bbox 2048 4591 2097 4665; x_wconf 89' lang='lat' dir='ltr'>Et</span> 
     </span>
     <span class='ocr_line' id='line_1_42' title="bbox 67 4689 2098 4786; baseline -0.004 -13"><span class='ocrx_word' id='word_1_392' title='bbox 67 4701 173 4773; x_wconf 75' lang='lat' dir='ltr'>Haec</span> <span class='ocrx_word' id='word_1_393' title='bbox 185 4696 344 4770; x_wconf 86' lang='lat' dir='ltr'>delinitio</span> <span class='ocrx_word' id='word_1_394' title='bbox 359 4697 480 4765; x_wconf 86' lang='lat' dir='ltr'>dextre</span> <span class='ocrx_word' id='word_1_395' title='bbox 497 4694 674 4764; x_wconf 90' lang='lat' dir='ltr'>intellecta</span> <span class='ocrx_word' id='word_1_396' title='bbox 690 4706 785 4765; x_wconf 90' lang='lat' dir='ltr'>recte</span> <span class='ocrx_word' id='word_1_397' title='bbox 807 4692 974 4763; x_wconf 89' lang='lat' dir='ltr'>describit</span> <span class='ocrx_word' id='word_1_398' title='bbox 991 4689 1061 4762; x_wconf 91' lang='lat' dir='ltr'>Ec·</span> <span class='ocrx_word' id='word_1_399' title='bbox 1114 4721 1190 4786; x_wconf 87' lang='lat' dir='ltr'>cap.</span> <span class='ocrx_word' id='word_1_400' title='bbox 1207 4694 1284 4769; x_wconf 80' lang='lat'><strong>51.:</strong></span> <span class='ocrx_word' id='word_1_401' title='bbox 1310 4692 1421 4762; x_wconf 88' lang='lat' dir='ltr'>Posui</span> <span class='ocrx_word' id='word_1_402' title='bbox 1435 4692 1543 4763; x_wconf 91' lang='lat' dir='ltr'>verba</span> <span class='ocrx_word' id='word_1_403' title='bbox 1557 4716 1634 4764; x_wconf 90' lang='lat' dir='ltr'>mea</span> <span class='ocrx_word' id='word_1_404' title='bbox 1661 4692 1699 4762; x_wconf 92' lang='lat' dir='ltr'>in</span> <span class='ocrx_word' id='word_1_405' title='bbox 1721 4715 1783 4763; x_wconf 89' lang='lat' dir='ltr'>ore</span> <span class='ocrx_word' id='word_1_406' title='bbox 1804 4705 1884 4778; x_wconf 89' lang='lat' dir='ltr'>tuo,</span> <span class='ocrx_word' id='word_1_407' title='bbox 1914 4705 1949 4762; x_wconf 90' lang='lat' dir='ltr'>et</span> <span class='ocrx_word' id='word_1_408' title='bbox 1970 4695 2098 4766; x_wconf 88' lang='lat' dir='ltr'>umbra</span> 
     </span>
     <span class='ocr_line' id='line_1_43' title="bbox 68 4793 2101 4886; baseline -0.005 -11"><span class='ocrx_word' id='word_1_409' title='bbox 68 4800 236 4884; x_wconf 82' lang='lat' dir='ltr'>clesiam,</span> <span class='ocrx_word' id='word_1_410' title='bbox 279 4812 315 4868; x_wconf 93' lang='lat' dir='ltr'>et</span> <span class='ocrx_word' id='word_1_411' title='bbox 343 4796 511 4868; x_wconf 90' lang='lat' dir='ltr'>convenit</span> <span class='ocrx_word' id='word_1_412' title='bbox 541 4820 622 4866; x_wconf 93' lang='lat' dir='ltr'>cum</span> <span class='ocrx_word' id='word_1_413' title='bbox 655 4796 749 4867; x_wconf 91' lang='lat' dir='ltr'>dicto</span> <span class='ocrx_word' id='word_1_414' title='bbox 779 4795 927 4866; x_wconf 89' lang='lat' dir='ltr'>Psalmi:</span> <span class='ocrx_word' id='word_1_415' title='bbox 964 4793 1063 4864; x_wconf 87' lang='lat' dir='ltr'>Haec</span> <span class='ocrx_word' id='word_1_416' title='bbox 1115 4819 1242 4868; x_wconf 90' lang='lat' dir='ltr'>manus</span> <span class='ocrx_word' id='word_1_417' title='bbox 1255 4818 1353 4866; x_wconf 88' lang='lat' dir='ltr'>meae</span> <span class='ocrx_word' id='word_1_418' title='bbox 1367 4795 1503 4885; x_wconf 87' lang='lat' dir='ltr'>protexi</span> <span class='ocrx_word' id='word_1_419' title='bbox 1519 4808 1565 4880; x_wconf 90' lang='lat' dir='ltr'>te,</span> <span class='ocrx_word' id='word_1_420' title='bbox 1588 4807 1628 4864; x_wconf 94' lang='lat' dir='ltr'>ut</span> <span class='ocrx_word' id='word_1_421' title='bbox 1646 4796 1782 4886; x_wconf 87' lang='lat' dir='ltr'>plantes</span> <span class='ocrx_word' id='word_1_422' title='bbox 1795 4794 1910 4863; x_wconf 89' lang='lat' dir='ltr'>coelos</span> <span class='ocrx_word' id='word_1_423' title='bbox 1925 4808 1991 4866; x_wconf 82' lang='lat' dir='ltr'>etc.</span> <span class='ocrx_word' id='word_1_424' title='bbox 2028 4794 2101 4881; x_wconf 81' lang='lat' dir='ltr'>Hic</span> 
     </span>
     <span class='ocr_line' id='line_1_44' title="bbox 68 4891 2100 5001; baseline -0.002 -28"><span class='ocrx_word' id='word_1_425' title='bbox 68 4916 180 5001; x_wconf 84' lang='lat' dir='ltr'>porta</span> <span class='ocrx_word' id='word_1_426' title='bbox 202 4899 370 4985; x_wconf 88' lang='lat' dir='ltr'>Domini,</span> <span class='ocrx_word' id='word_1_427' title='bbox 404 4898 491 4968; x_wconf 89' lang='lat' dir='ltr'>iusti</span> <span class='ocrx_word' id='word_1_428' title='bbox 512 4897 697 4970; x_wconf 86' lang='lat' dir='ltr'>intrabunt</span> <span class='ocrx_word' id='word_1_429' title='bbox 722 4898 868 4971; x_wconf 87' lang='lat' dir='ltr'>ineam.</span> <span class='ocrx_word' id='word_1_430' title='bbox 928 4892 1063 4990; x_wconf 88' lang='lat' dir='ltr'>Estque</span> <span class='ocrx_word' id='word_1_431' title='bbox 1116 4923 1257 4994; x_wconf 90' lang='lat' dir='ltr'>quoque</span> <span class='ocrx_word' id='word_1_432' title='bbox 1272 4896 1417 4967; x_wconf 92' lang='lat' dir='ltr'>deducit</span> <span class='ocrx_word' id='word_1_433' title='bbox 1431 4893 1634 4966; x_wconf 90' lang='lat' dir='ltr'>noslesaias</span> <span class='ocrx_word' id='word_1_434' title='bbox 1650 4891 1896 4965; x_wconf 84' lang='lat' dir='ltr'>adEcclesiam</span> <span class='ocrx_word' id='word_1_435' title='bbox 1911 4897 2100 4984; x_wconf 89' lang='lat' dir='ltr'>visibilem,</span> 
     </span>
     <span class='ocr_line' id='line_1_45' title="bbox 71 4993 2101 5095; baseline -0.006 -15"><span class='ocrx_word' id='word_1_436' title='bbox 71 5004 270 5080; x_wconf 79' lang='lat' dir='ltr'>sententia:</span> <span class='ocrx_word' id='word_1_437' title='bbox 296 4999 453 5072; x_wconf 88' lang='lat' dir='ltr'>Ecclesia</span> <span class='ocrx_word' id='word_1_438' title='bbox 469 5011 520 5068; x_wconf 86' lang='lat' dir='ltr'>est</span> <span class='ocrx_word' id='word_1_439' title='bbox 536 5011 674 5084; x_wconf 89' lang='lat' dir='ltr'>coetus,</span> <span class='ocrx_word' id='word_1_440' title='bbox 700 5024 804 5095; x_wconf 91' lang='lat' dir='ltr'>quem</span> <span class='ocrx_word' id='word_1_441' title='bbox 820 4997 916 5069; x_wconf 87' lang='lat' dir='ltr'>Deus</span> <span class='ocrx_word' id='word_1_442' title='bbox 937 5011 1064 5082; x_wconf 87' lang='lat' dir='ltr'>servat,</span> <span class='ocrx_word' id='word_1_443' title='bbox 1116 5004 1154 5071; x_wconf 94' lang='lat' dir='ltr'>in</span> <span class='ocrx_word' id='word_1_444' title='bbox 1179 5024 1250 5095; x_wconf 89' lang='lat' dir='ltr'>qua</span> <span class='ocrx_word' id='word_1_445' title='bbox 1271 5013 1375 5069; x_wconf 91' lang='lat' dir='ltr'>sonat</span> <span class='ocrx_word' id='word_1_446' title='bbox 1400 5022 1467 5067; x_wconf 84' lang='lat' dir='ltr'>vox</span> <span class='ocrx_word' id='word_1_447' title='bbox 1490 4995 1690 5087; x_wconf 88' lang='lat' dir='ltr'>Evangelii.</span> <span class='ocrx_word' id='word_1_448' title='bbox 1747 4993 1832 5095; x_wconf 88' lang='lat' dir='ltr'>ldeo</span> <span class='ocrx_word' id='word_1_449' title='bbox 1854 4997 1956 5068; x_wconf 88' lang='lat' dir='ltr'>dicit:</span> <span class='ocrx_word' id='word_1_450' title='bbox 1990 4997 2101 5071; x_wconf 88' lang='lat' dir='ltr'>Posui</span> 
     </span>
     <span class='ocr_line' id='line_1_46' title="bbox 70 5095 2101 5199; baseline -0.004 -20"><span class='ocrx_word' id='word_1_451' title='bbox 70 5121 222 5181; x_wconf 77' lang='lat' dir='ltr'>vocatus</span> <span class='ocrx_word' id='word_1_452' title='bbox 235 5097 713 5199; x_wconf 89' lang='lat' dir='ltr'>praedicationeEvangelii,</span> <span class='ocrx_word' id='word_1_453' title='bbox 739 5102 853 5172; x_wconf 88' lang='lat' dir='ltr'>iustus</span> <span class='ocrx_word' id='word_1_454' title='bbox 867 5124 906 5170; x_wconf 91' lang='lat' dir='ltr'>ac</span> <span class='ocrx_word' id='word_1_455' title='bbox 923 5100 1064 5191; x_wconf 89' lang='lat' dir='ltr'>placens</span> <span class='ocrx_word' id='word_1_456' title='bbox 1117 5105 1225 5174; x_wconf 90' lang='lat' dir='ltr'>verba</span> <span class='ocrx_word' id='word_1_457' title='bbox 1241 5124 1318 5171; x_wconf 91' lang='lat' dir='ltr'>mea</span> <span class='ocrx_word' id='word_1_458' title='bbox 1335 5101 1373 5169; x_wconf 91' lang='lat' dir='ltr'>iu</span> <span class='ocrx_word' id='word_1_459' title='bbox 1389 5123 1451 5170; x_wconf 92' lang='lat' dir='ltr'>ore</span> <span class='ocrx_word' id='word_1_460' title='bbox 1466 5113 1538 5172; x_wconf 89' lang='lat' dir='ltr'>tuo.</span> <span class='ocrx_word' id='word_1_461' title='bbox 1589 5096 1637 5169; x_wconf 91' lang='lat' dir='ltr'>Et</span> <span class='ocrx_word' id='word_1_462' title='bbox 1653 5095 1745 5168; x_wconf 89' lang='lat' dir='ltr'>hanc</span> <span class='ocrx_word' id='word_1_463' title='bbox 1764 5097 1939 5172; x_wconf 84' lang='lat' dir='ltr'>divinitus</span> <span class='ocrx_word' id='word_1_464' title='bbox 1954 5101 2101 5172; x_wconf 82' lang='lat' dir='ltr'>defendi</span> 
     </span>
     <span class='ocr_line' id='line_1_47' title="bbox 70 5204 1247 5299; baseline -0.005 -19"><span class='ocrx_word' id='word_1_465' title='bbox 70 5209 175 5296; x_wconf 75' lang='lat' dir='ltr'>Deo,</span> <span class='ocrx_word' id='word_1_466' title='bbox 198 5204 536 5287; x_wconf 88' lang='lat' dir='ltr'>custodieusfidem,</span> <span class='ocrx_word' id='word_1_467' title='bbox 562 5204 686 5284; x_wconf 88' lang='lat' dir='ltr'>idest,</span> <span class='ocrx_word' id='word_1_468' title='bbox 711 5226 889 5274; x_wconf 89' lang='lat' dir='ltr'>assensum</span> <span class='ocrx_word' id='word_1_469' title='bbox 903 5226 973 5294; x_wconf 93' lang='lat' dir='ltr'>quo</span> <span class='ocrx_word' id='word_1_470' title='bbox 990 5226 1064 5272; x_wconf 91' lang='lat' dir='ltr'>am·</span> <span class='ocrx_word' id='word_1_471' title='bbox 1118 5204 1247 5299; x_wconf 88' lang='lat' dir='ltr'>inquit.</span> 
     </span>
     <span class='ocr_line' id='line_1_48' title="bbox 72 5295 2100 5409; baseline -0.005 -25"><span class='ocrx_word' id='word_1_472' title='bbox 72 5311 248 5409; x_wconf 80' lang='lat' dir='ltr'>plectitur</span> <span class='ocrx_word' id='word_1_473' title='bbox 260 5301 504 5391; x_wconf 84' lang='lat' dir='ltr'>verbumDei,</span> <span class='ocrx_word' id='word_1_474' title='bbox 530 5300 598 5375; x_wconf 92' lang='lat' dir='ltr'>hoc</span> <span class='ocrx_word' id='word_1_475' title='bbox 613 5310 681 5391; x_wconf 83' lang='lat' dir='ltr'>est,</span> <span class='ocrx_word' id='word_1_476' title='bbox 708 5329 792 5376; x_wconf 88' lang='lat' dir='ltr'>vere</span> <span class='ocrx_word' id='word_1_477' title='bbox 806 5305 969 5383; x_wconf 87' lang='lat' dir='ltr'>credens,</span> <span class='ocrx_word' id='word_1_478' title='bbox 992 5328 1066 5375; x_wconf 89' lang='lat' dir='ltr'>esse</span> <span class='ocrx_word' id='word_1_479' title='bbox 1217 5301 1320 5378; x_wconf 85' lang='lat' dir='ltr'>tht.</span> <span class='ocrx_word' id='word_1_480' title='bbox 1361 5301 1461 5372; x_wconf 91' lang='lat' dir='ltr'>ldem</span> <span class='ocrx_word' id='word_1_481' title='bbox 1484 5302 1563 5372; x_wconf 92' lang='lat' dir='ltr'>vult</span> <span class='ocrx_word' id='word_1_482' title='bbox 1585 5297 1714 5372; x_wconf 87' lang='lat' dir='ltr'>lesaias</span> <span class='ocrx_word' id='word_1_483' title='bbox 1739 5300 1778 5371; x_wconf 92' lang='lat' dir='ltr'>in</span> <span class='ocrx_word' id='word_1_484' title='bbox 1801 5295 1870 5372; x_wconf 88' lang='lat' dir='ltr'>huc</span> <span class='ocrx_word' id='word_1_485' title='bbox 1892 5301 2006 5395; x_wconf 86' lang='lat' dir='ltr'>capite</span> <span class='ocrx_word' id='word_1_486' title='bbox 2023 5302 2100 5376; x_wconf 77' lang='lat'><strong>26.:</strong></span> 
     </span>
    </p>
   </div>
   <div class='ocr_carea' id='block_1_14' title="bbox 73 5401 2103 5540">
    <p class='ocr_par' dir='ltr' id='par_1_17' title="bbox 73 5401 2103 5540">
     <span class='ocr_line' id='line_1_49' title="bbox 73 5401 2103 5540; baseline -0.003 -56"><span class='ocrx_word' id='word_1_487' title='bbox 73 5413 217 5500; x_wconf 62' lang='lat' dir='ltr'>mum,</span> <span class='ocrx_word' id='word_1_488' title='bbox 255 5433 331 5485; x_wconf 82' lang='lat' dir='ltr'>esse</span> <span class='ocrx_word' id='word_1_489' title='bbox 352 5408 387 5479; x_wconf 90' lang='lat' dir='ltr'>ei</span> <span class='ocrx_word' id='word_1_490' title='bbox 407 5430 513 5480; x_wconf 83' lang='lat' dir='ltr'>curae</span> <span class='ocrx_word' id='word_1_491' title='bbox 539 5428 651 5499; x_wconf 86' lang='lat' dir='ltr'>genus</span> <span class='ocrx_word' id='word_1_492' title='bbox 678 5402 896 5494; x_wconf 81' lang='lat' dir='ltr'>humanum,</span> <span class='ocrx_word' id='word_1_493' title='bbox 929 5407 1066 5478; x_wconf 90' lang='lat' dir='ltr'>dedisse</span> <span class='ocrx_word' id='word_1_494' title='bbox 1099 5401 1278 5481; x_wconf 81' lang='lat' dir='ltr'>Ecclesia</span> <span class='ocrx_word' id='word_1_495' title='bbox 1292 5417 1345 5479; x_wconf 86' lang='lat' dir='ltr'>est</span> <span class='ocrx_word' id='word_1_496' title='bbox 1356 5404 1482 5477; x_wconf 86' lang='lat' dir='ltr'>civitas</span> <span class='ocrx_word' id='word_1_497' title='bbox 1502 5403 1606 5540; x_wconf 59' lang='lat' dir='ltr'>lippia</span> <span class='ocrx_word' id='word_1_498' title='bbox 1613 5453 1625 5490; x_wconf 98' lang='lat'>,</span> <span class='ocrx_word' id='word_1_499' title='bbox 1651 5403 1751 5476; x_wconf 86' lang='lat' dir='ltr'>cuius</span> <span class='ocrx_word' id='word_1_500' title='bbox 1774 5403 1870 5478; x_wconf 89' lang='lat' dir='ltr'>muri</span> <span class='ocrx_word' id='word_1_501' title='bbox 1892 5418 1977 5477; x_wconf 89' lang='lat' dir='ltr'>sunt</span> <span class='ocrx_word' id='word_1_502' title='bbox 1998 5406 2103 5494; x_wconf 88' lang='lat' dir='ltr'>salus,</span> 
     </span>
    </p>
   </div>
   <div class='ocr_carea' id='block_1_15' title="bbox 1213 2558 2099 2636">
    <p class='ocr_par' dir='ltr' id='par_1_18' title="bbox 1213 2558 2099 2636">
     <span class='ocr_line' id='line_1_50' title="bbox 1213 2558 2099 2636; baseline 0.009 -9"><span class='ocrx_word' id='word_1_503' title='bbox 1213 2558 1276 2633; x_wconf 86' lang='lat' dir='ltr'>Vl.</span> <span class='ocrx_word' id='word_1_504' title='bbox 1301 2559 1437 2629; x_wconf 86' lang='lat' dir='ltr'>Multae</span> <span class='ocrx_word' id='word_1_505' title='bbox 1452 2561 1644 2631; x_wconf 90' lang='lat' dir='ltr'>traduntur</span> <span class='ocrx_word' id='word_1_506' title='bbox 1657 2559 1902 2632; x_wconf 90' lang='lat' dir='ltr'>distinctiones</span> <span class='ocrx_word' id='word_1_507' title='bbox 1918 2564 1962 2632; x_wconf 89' lang='lat' dir='ltr'>de</span> <span class='ocrx_word' id='word_1_508' title='bbox 1974 2559 2099 2636; x_wconf 90' lang='lat' dir='ltr'>Eccle-</span> 
     </span>
    </p>
   </div>
   <div class='ocr_carea' id='block_1_16' title="bbox 65 3228 1059 4236">
    <p class='ocr_par' dir='ltr' id='par_1_19' title="bbox 65 3228 1059 4236">
     <span class='ocr_line' id='line_1_51' title="bbox 175 3228 1059 3320; baseline 0 -16"><span class='ocrx_word' id='word_1_509' title='bbox 175 3233 203 3309; x_wconf 88' lang='grc' dir='ltr'>Ι.</span> <span class='ocrx_word' id='word_1_510' title='bbox 232 3233 431 3306; x_wconf 91' lang='lat' dir='ltr'>Luculenta</span> <span class='ocrx_word' id='word_1_511' title='bbox 446 3232 637 3320; x_wconf 89' lang='lat' dir='ltr'>descriptio</span> <span class='ocrx_word' id='word_1_512' title='bbox 654 3247 706 3302; x_wconf 92' lang='lat' dir='ltr'>est</span> <span class='ocrx_word' id='word_1_513' title='bbox 722 3228 900 3302; x_wconf 84' lang='lat' dir='ltr'>Ecclesiae</span> <span class='ocrx_word' id='word_1_514' title='bbox 916 3231 999 3318; x_wconf 89' lang='lat' dir='ltr'>Dei,</span> <span class='ocrx_word' id='word_1_515' title='bbox 1026 3246 1059 3304; x_wconf 92' lang='lat' dir='ltr'>et</span> 
     </span>
     <span class='ocr_line' id='line_1_52' title="bbox 69 3331 1058 3430; baseline -0.003 -24"><span class='ocrx_word' id='word_1_516' title='bbox 69 3336 281 3429; x_wconf 88' lang='lat' dir='ltr'>promissio,</span> <span class='ocrx_word' id='word_1_517' title='bbox 313 3360 403 3430; x_wconf 90' lang='lat' dir='ltr'>quae</span> <span class='ocrx_word' id='word_1_518' title='bbox 427 3346 574 3405; x_wconf 87' lang='lat' dir='ltr'>testatur</span> <span class='ocrx_word' id='word_1_519' title='bbox 596 3357 800 3404; x_wconf 89' lang='lat' dir='ltr'>mansuram</span> <span class='ocrx_word' id='word_1_520' title='bbox 821 3357 894 3403; x_wconf 87' lang='lat' dir='ltr'>esse</span> <span class='ocrx_word' id='word_1_521' title='bbox 907 3332 973 3405; x_wconf 89' lang='lat' dir='ltr'>Dei</span> <span class='ocrx_word' id='word_1_522' title='bbox 991 3331 1058 3404; x_wconf 87' lang='lat' dir='ltr'>Ec-</span> 
     </span>
     <span class='ocr_line' id='line_1_53' title="bbox 68 3433 1058 3527; baseline -0.006 -18"><span class='ocrx_word' id='word_1_523' title='bbox 68 3438 213 3509; x_wconf 87' lang='lat' dir='ltr'>clesiam</span> <span class='ocrx_word' id='word_1_524' title='bbox 230 3440 335 3510; x_wconf 90' lang='lat' dir='ltr'>etiam</span> <span class='ocrx_word' id='word_1_525' title='bbox 357 3439 545 3508; x_wconf 92' lang='lat' dir='ltr'>ruentibus</span> <span class='ocrx_word' id='word_1_526' title='bbox 569 3435 739 3527; x_wconf 88' lang='lat' dir='ltr'>imperiis.</span> <span class='ocrx_word' id='word_1_527' title='bbox 797 3433 874 3505; x_wconf 88' lang='lat' dir='ltr'>Hac</span> <span class='ocrx_word' id='word_1_528' title='bbox 897 3437 1058 3506; x_wconf 88' lang='lat' dir='ltr'>consola-</span> 
     </span>
     <span class='ocr_line' id='line_1_54' title="bbox 68 3535 1058 3632; baseline -0.005 -22"><span class='ocrx_word' id='word_1_529' title='bbox 68 3542 169 3611; x_wconf 90' lang='lat' dir='ltr'>tione</span> <span class='ocrx_word' id='word_1_530' title='bbox 187 3554 221 3611; x_wconf 92' lang='lat' dir='ltr'>et</span> <span class='ocrx_word' id='word_1_531' title='bbox 236 3555 321 3612; x_wconf 90' lang='lat' dir='ltr'>tuuc</span> <span class='ocrx_word' id='word_1_532' title='bbox 334 3535 512 3632; x_wconf 85' lang='lat' dir='ltr'>Propheta</span> <span class='ocrx_word' id='word_1_533' title='bbox 541 3539 617 3629; x_wconf 88' lang='lat' dir='ltr'>ipse</span> <span class='ocrx_word' id='word_1_534' title='bbox 643 3552 679 3608; x_wconf 89' lang='lat' dir='ltr'>et</span> <span class='ocrx_word' id='word_1_535' title='bbox 701 3537 761 3605; x_wconf 89' lang='lat' dir='ltr'>alii</span> <span class='ocrx_word' id='word_1_536' title='bbox 786 3538 835 3628; x_wconf 90' lang='lat' dir='ltr'>pii</span> <span class='ocrx_word' id='word_1_537' title='bbox 857 3561 894 3606; x_wconf 90' lang='lat' dir='ltr'>se</span> <span class='ocrx_word' id='word_1_538' title='bbox 918 3552 1058 3608; x_wconf 89' lang='lat' dir='ltr'>susten-</span> 
     </span>
     <span class='ocr_line' id='line_1_55' title="bbox 68 3640 1059 3729; baseline -0.008 -13"><span class='ocrx_word' id='word_1_539' title='bbox 68 3645 207 3723; x_wconf 86' lang='lat' dir='ltr'>tabant,</span> <span class='ocrx_word' id='word_1_540' title='bbox 233 3657 267 3714; x_wconf 89' lang='lat' dir='ltr'>ct</span> <span class='ocrx_word' id='word_1_541' title='bbox 281 3666 347 3713; x_wconf 90' lang='lat' dir='ltr'>nos</span> <span class='ocrx_word' id='word_1_542' title='bbox 361 3642 400 3712; x_wconf 91' lang='lat' dir='ltr'>in</span> <span class='ocrx_word' id='word_1_543' title='bbox 417 3641 524 3713; x_wconf 89' lang='lat' dir='ltr'>tantis</span> <span class='ocrx_word' id='word_1_544' title='bbox 537 3640 750 3711; x_wconf 88' lang='lat' dir='ltr'>tumultibus</span> <span class='ocrx_word' id='word_1_545' title='bbox 767 3663 956 3729; x_wconf 91' lang='lat' dir='ltr'>regnorum</span> <span class='ocrx_word' id='word_1_546' title='bbox 972 3664 1059 3709; x_wconf 90' lang='lat' dir='ltr'>cou-</span> 
     </span>
     <span class='ocr_line' id='line_1_56' title="bbox 66 3742 1059 3832; baseline -0.007 -15"><span class='ocrx_word' id='word_1_547' title='bbox 66 3748 251 3817; x_wconf 80' lang='lat' dir='ltr'>firmemus</span> <span class='ocrx_word' id='word_1_548' title='bbox 266 3768 350 3831; x_wconf 90' lang='lat' dir='ltr'>nos,</span> <span class='ocrx_word' id='word_1_549' title='bbox 376 3768 421 3812; x_wconf 93' lang='lat' dir='ltr'>ne</span> <span class='ocrx_word' id='word_1_550' title='bbox 437 3743 540 3812; x_wconf 80' lang='lat' dir='ltr'>fracti</span> <span class='ocrx_word' id='word_1_551' title='bbox 554 3742 800 3832; x_wconf 86' lang='lat' dir='ltr'>desperatione</span> <span class='ocrx_word' id='word_1_552' title='bbox 820 3742 977 3813; x_wconf 88' lang='lat' dir='ltr'>studium</span> <span class='ocrx_word' id='word_1_553' title='bbox 992 3744 1059 3811; x_wconf 90' lang='lat' dir='ltr'>do-</span> 
     </span>
     <span class='ocr_line' id='line_1_57' title="bbox 67 3841 1059 3935; baseline -0.007 -15"><span class='ocrx_word' id='word_1_554' title='bbox 67 3848 178 3921; x_wconf 88' lang='lat' dir='ltr'>cendi</span> <span class='ocrx_word' id='word_1_555' title='bbox 202 3860 236 3918; x_wconf 87' lang='lat' dir='ltr'>et</span> <span class='ocrx_word' id='word_1_556' title='bbox 256 3847 417 3917; x_wconf 88' lang='lat' dir='ltr'>discendi</span> <span class='ocrx_word' id='word_1_557' title='bbox 432 3841 620 3935; x_wconf 85' lang='lat' dir='ltr'>Evangelii</span> <span class='ocrx_word' id='word_1_558' title='bbox 635 3844 852 3915; x_wconf 88' lang='lat' dir='ltr'>abiiciamus.</span> <span class='ocrx_word' id='word_1_559' title='bbox 905 3842 991 3914; x_wconf 86' lang='lat' dir='ltr'>ldeo</span> <span class='ocrx_word' id='word_1_560' title='bbox 1008 3845 1059 3913; x_wconf 91' lang='lat' dir='ltr'>sic</span> 
     </span>
     <span class='ocr_line' id='line_1_58' title="bbox 66 3944 1057 4040; baseline -0.009 -17"><span class='ocrx_word' id='word_1_561' title='bbox 66 3950 213 4023; x_wconf 89' lang='lat' dir='ltr'>orditur</span> <span class='ocrx_word' id='word_1_562' title='bbox 225 3944 421 4040; x_wconf 88' lang='lat' dir='ltr'>Propheta:</span> <span class='ocrx_word' id='word_1_563' title='bbox 459 3945 499 4016; x_wconf 92' lang='lat' dir='ltr'>lu</span> <span class='ocrx_word' id='word_1_564' title='bbox 515 3948 571 4016; x_wconf 92' lang='lat' dir='ltr'>die</span> <span class='ocrx_word' id='word_1_565' title='bbox 588 3948 649 4015; x_wconf 92' lang='lat' dir='ltr'>illa</span> <span class='ocrx_word' id='word_1_566' title='bbox 666 3947 867 4017; x_wconf 87' lang='lat' dir='ltr'>cantabitur</span> <span class='ocrx_word' id='word_1_567' title='bbox 883 3947 1057 4017; x_wconf 90' lang='lat' dir='ltr'>canticum</span> 
     </span>
     <span class='ocr_line' id='line_1_59' title="bbox 65 4043 1059 4132; baseline -0.007 -8"><span class='ocrx_word' id='word_1_568' title='bbox 65 4076 207 4127; x_wconf 85' lang='lat' dir='ltr'>novum</span> <span class='ocrx_word' id='word_1_569' title='bbox 228 4051 265 4120; x_wconf 95' lang='lat' dir='ltr'>in</span> <span class='ocrx_word' id='word_1_570' title='bbox 283 4066 376 4124; x_wconf 88' lang='lat' dir='ltr'>terra</span> <span class='ocrx_word' id='word_1_571' title='bbox 387 4047 487 4119; x_wconf 88' lang='lat' dir='ltr'>luda.</span> <span class='ocrx_word' id='word_1_572' title='bbox 527 4046 568 4117; x_wconf 91' lang='lat' dir='ltr'>ld</span> <span class='ocrx_word' id='word_1_573' title='bbox 586 4060 648 4129; x_wconf 90' lang='lat' dir='ltr'>est,</span> <span class='ocrx_word' id='word_1_574' title='bbox 673 4045 742 4119; x_wconf 88' lang='lat' dir='ltr'>hoc</span> <span class='ocrx_word' id='word_1_575' title='bbox 757 4043 1059 4132; x_wconf 67' lang='lat' dir='ltr'>canticum,vhanc</span> 
     </span>
     <span class='ocr_line' id='line_1_60' title="bbox 65 4146 1059 4236; baseline -0.007 -9"><span class='ocrx_word' id='word_1_576' title='bbox 65 4151 354 4227; x_wconf 88' lang='lat' dir='ltr'>consolationem</span> <span class='ocrx_word' id='word_1_577' title='bbox 381 4164 582 4236; x_wconf 88' lang='lat' dir='ltr'>teneamus,</span> <span class='ocrx_word' id='word_1_578' title='bbox 616 4174 820 4223; x_wconf 88' lang='lat' dir='ltr'>mansuram</span> <span class='ocrx_word' id='word_1_579' title='bbox 843 4172 918 4224; x_wconf 87' lang='lat' dir='ltr'>esse</span> <span class='ocrx_word' id='word_1_580' title='bbox 936 4146 1059 4221; x_wconf 88' lang='lat' dir='ltr'>Eccle-</span> 
     </span>
    </p>
   </div>
   <div class='ocr_carea' id='block_1_17' title="bbox 0 0 2353 6036">
    <p class='ocr_par' dir='ltr' id='par_1_20' title="bbox 0 0 2353 6036">
     <span class='ocr_line' id='line_1_61' title="bbox 0 0 2353 6036; baseline 0 0"><span class='ocrx_word' id='word_1_581' title='bbox 0 0 2353 6036; x_wconf 95' lang='lat' dir='ltr'> </span> 
     </span>
    </p>
   </div>
  </div>
 </body>
</html>
