4680 6038
150 218 203 295 7⁵
582 210 744 285 unct.
795 207 871 284 DE
903 205 1186 282 Gnoueto
1218 207 1467 282 eutxcu’.
1501 207 1760 281 asum.
2136 215 2188 286 'ld

152 389 219 460 stri
234 386 314 458 lesu
328 381 474 456 Cbristi.
525 376 577 450 Et
591 379 732 468 ignorat
753 377 986 445 mediatorem
1010 390 1045 443 et
1065 398 1151 463 pro-
1168 373 1177 415 ¹
1198 375 1372 444 rectiones
1387 388 1629 453 mortuorum,
1653 388 1688 444 et
1704 376 1774 443 alia
1787 376 1949 447 miranda
1963 377 2078 448 faeta?
2113 375 2189 449 lam

152 491 360 570 missiones,
391 491 452 555 sed
473 484 636 566 dubitat,
666 508 715 550 au
738 498 773 550 et
793 504 859 548 rur
886 503 954 546 uos
984 478 1152 566 indignos
1171 470 1177 539 ζ
1199 475 1268 548 boe
1287 478 1534 547 dulcissimum
1555 492 1630 555 est,
1662 481 1759 569 quod
1776 478 1828 547 ait
1845 501 1884 547 se
1899 473 2087 551 minum
2104 505 2190 552 eou-

153 594 253 666 Μ,
266 593 444 661 aaudiat,
1170 584 1178 657 l
1198 582 1387 650 suetudine
1413 579 1598 649 deleturi:
1630 577 1828 649 Nobiscu-
1845 583 1964 666 adest,
1993 582 2131 676 colligit
2153 595 2187 653 el

258 694 419 763 Taxabat
448 704 484 759 et
515 688 714 756 doctrinam
745 679 1029 766 Monacborum,
1059 705 1151 774 quae
1171 722 1178 755 ι
1198 697 1315 752 serrat
1329 678 1524 751 Faciesiam
1541 707 1627 750 voce
1642 679 1842 773 Evangelii.

157 800 257 867 iubet
277 797 416 865 adferre
438 792 697 862 dubitationem
719 792 764 855 ad
778 784 917 869 Deum,
945 788 1038 855 sicut
1053 764 1180 885 adst-l
1301 784 1407 853 Talia
1435 800 1538 854 erant
1558 798 1768 873 argumenta
1795 787 2027 859 Qun
2055 811 2191 860 sermo·

156 914 245 971 runt
259 892 421 969 Etbnici.
474 892 622 963 lubebat
644 914 747 981 saepe
767 891 933 973 recitaoe,
956 903 993 959 et
1015 910 1154 978 suuper
1200 913 1308 968 num,
1330 887 1471 980 quoties
1492 883 1531 955 bi
1546 888 1616 956 viri
1636 888 1916 974 conmiebant,
1938 915 2094 984 qnorum
2116 907 2190 964 erat

158 1007 198 1075 in
216 1002 441 1071 invocatione
458 995 612 1084 cogitare
634 993 907 1085 promissiones,
931 992 1015 1086 quia
1030 1014 1152 1058 earum
1200 990 1376 1061 Ascanius
1397 1005 1568 1083 tanquam
1590 987 1849 1087 dymode‘trss,
1875 1017 1942 1063 nec
1962 1008 2038 1065 erat
2057 989 2191 1089 zntpdr

158 1105 373 1196 cogitatione
387 1102 473 1169 fides
488 1099 713 1166 accendenda
727 1097 794 1177 sit,
819 1110 855 1163 et
868 1097 1061 1164 damnabat
1076 1088 1153 1161 En·
1173 1094 1180 1181 ᾗ
1199 1089 1415 1186 πρόσωπον,
1440 1095 1502 1161 sed
1517 1117 1624 1162 suum
1641 1094 1816 1164 iudicium
1832 1096 1973 1166 erudite
1988 1100 2034 1166 de
2044 1112 2190 1169 coutro-

160 1204 413 1278 tbusiastarum
428 1204 579 1284 furores,
603 1201 665 1293 qui
682 1201 866 1268 abducunt
879 1191 1041 1267 homines
1058 1222 1080 1265 a
1093 1220 1153 1263 cn-
1173 1246 1181 1289 ,
1203 1198 1326 1266 versiis
1346 1211 1383 1267 et
1403 1200 1450 1265 de
1470 1197 1760 1269 enarrationibus
1781 1199 1953 1283 addebat,
1976 1199 2190 1270 miscebstet

157 1310 330 1398 gitatione
364 1306 515 1395 scriptae
553 1302 818 1394 promissionis,
860 1302 999 1369 dicebat
1035 1314 1153 1369 autem
1174 1300 1181 1327 ⁸
1203 1301 1260 1393 pia
1280 1314 1380 1383 rota,
1404 1325 1445 1367 ac
1462 1297 1540 1369 Deo
1555 1301 1687 1389 gratias
1700 1301 1826 1388 agebat
1844 1324 1927 1370 cum
1942 1325 2006 1392 pro
2027 1302 2109 1372 aliis
2130 1303 2191 1372 be·

158 1406 252 1480 hanc
284 1410 483 1477 doctrinam
509 1406 670 1499 quotidie
701 1405 739 1472 in
765 1406 905 1472 ardenti
930 1403 1155 1472 invocatione
1175 1390 1182 1465 l
1203 1404 1354 1486 uebciis,
1375 1417 1451 1471 tum
1468 1404 1574 1472 etiam
1591 1397 1888 1493 probocingenti
1906 1428 2072 1489 munere,
2094 1408 2190 1498 quod

160 1514 393 1583 exercendam
416 1533 500 1579 esse.
1176 1500 1360 1597 ·depulsis
1389 1507 1543 1574 tenebris
1573 1505 1770 1596 papisticis‚
1800 1531 1892 1599 quae
1916 1520 2002 1578 sunt
2032 1502 2190 1578 ethnica-

265 1613 335 1682 liic
367 1638 448 1680 cum
484 1635 606 1679 rursus
642 1611 873 1699 interrogaret
906 1609 1081 1678 ,ascanius
1111 1608 1156 1674 de
1176 1656 1183 1713 ἱ
1203 1634 1283 1679 rum
1299 1610 1449 1690 similes,
1474 1609 1630 1678 reddidit
1657 1609 1761 1676 nobis
1776 1606 1961 1699 Evangelii
1981 1610 2110 1681 locem.

161 1717 367 1788 discrimine
385 1712 646 1795 Personarum,
671 1738 736 1781 cur
752 1714 845 1781 lilius
867 1705 974 1808 λόγος
992 1710 1155 1778 nomine·
1176 1718 1183 1749 ⁵
1308 1710 1415 1779 lonae
1430 1710 1507 1779 viro
1522 1712 1665 1781 enidito
1680 1712 1719 1777 in
1733 1713 1896 1780 doctrina
1909 1710 2090 1782 Ecclesiae
2105 1727 2140 1783 et
2155 1713 2190 1783 in

160 1836 242 1902 tur,
268 1819 372 1888 tertia
388 1840 538 1908 persona
551 1816 726 1906 Spiritus,
749 1817 903 1903 graviter
923 1813 1157 1902 ingemiscens
1203 1816 1286 1884 lure
1298 1817 1448 1895 dixerat,
1468 1816 1581 1882 videri
1599 1815 1667 1882 sibi
1683 1810 1931 1911 coenoloyc‘crr
1944 1815 2068 1884 essein
2085 1816 2192 1886 latina

162 1919 341 1994 Lutberus
368 1921 555 2010 deplorare
579 1919 797 1987 calamitates
818 1913 997 1985 Ecclesiae
1027 1916 1158 2006 coepit,
1177 1928 1183 1967 ἱ
1205 1918 1498 2008 interpretatione
1515 1918 1768 1985 inconcinnam
1781 1932 1816 1986 et
1831 1919 2039 2001 obscuram,
2063 1918 2104 1988 iu
2120 1921 2192 2010 pri-

161 2041 295 2095 veteres
329 2024 585 2092 controversias
619 2021 804 2111 repetivit,
835 2034 870 2088 et
896 2033 1076 2087 execratus
1105 2033 1156 2087 est
1177 2014 1184 2068 ἕ
1203 2047 1259 2088 ma
1276 2019 1424 2110 epistola
1441 2015 1634 2101 lobannis,
1658 2021 1697 2087 in
1713 2015 1969 2111 capiteftertio:
2007 2019 2191 2092 Peccatum

160 2127 356 2197 diabolicos
380 2125 517 2193 furores
540 2123 782 2203 samosateni,
815 2121 895 2191 :lcii
918 2140 952 2191 et
971 2121 1158 2203 similium,
1178 2144 1184 2225 ζ
1203 2140 1255 2193 est
1277 2123 1458 2214 iniquitas.
1508 2120 1710 2210 Respondit
1733 2121 1839 2191 lonas
1863 2122 2065 2214 interpretis
2082 2126 2193 2215 negli-

161 2255 203 2299 er
218 2228 348 2322 quibus
362 2240 440 2296 orta
455 2240 506 2295 est
522 2226 652 2294 deinde
672 2222 892 2316 blasphemia
905 2221 1158 2306 Mabometica,
1178 2228 1184 2313 i
1203 2227 1322 2316 geutia
1332 2226 1609 2296 eruditissimam
1616 2226 1861 2295 definitionem
1874 2227 2098 2298 obscuratam
2111 2252 2192 2298 esse.

160 2332 290 2400 deinde
305 2344 340 2399 et
354 2329 535 2422 querelam
552 2329 690 2397 addidit
716 2331 761 2395 de
778 2328 994 2417 negligentia
1007 2326 1158 2416 scripto-
1178 2322 1184 2411 Ι
1206 2328 1256 2401 [t
1269 2331 1365 2396 enim
1381 2328 1597 2418 privationes
1609 2328 1832 2397 definiuntur
1844 2329 2045 2413 collatione,
2057 2345 2100 2402 ut
2115 2356 2193 2401 cum

160 2459 243 2504 rum
265 2433 480 2513 recentium,
513 2432 727 2523 inquorum
750 2430 1052 2520 disputationibus
1077 2453 1158 2496 vere
1178 2420 1185 2469 ¹
1205 2430 1357 2501 dicimus
1381 2432 1546 2498 tenebras
1567 2455 1643 2499 esse
1666 2432 1901 2518 privationem
1923 2432 2033 2512 lucis,
2060 2432 2112 2505 ita
2137 2432 2193 2503 lo·

160 2533 230 2606 boe
252 2534 399 2616 accidit,
432 2548 471 2603 ut
503 2533 604 2624 plura
630 2535 701 2602 sint
727 2526 898 2629 πάρεργα
919 2557 1027 2625 qnam
1055 2530 1158 2628 ἔργα.
1178 2492 1185 2595 l
1206 2531 1361 2603 hannem
1383 2534 1575 2602 rectissime
1590 2535 1760 2611 delinire,
1787 2547 1967 2624 peecatum
1982 2558 2069 2614 esse,
2090 2537 2193 2628 quic-

161 2634 239 2720 Est,
260 2637 380 2729 inquit
400 2636 506 2714 lilios,
529 2636 665 2723 integra
686 2636 802 2726 imago
816 2636 950 2705 aeterni
967 2635 1077 2726 patris
1094 2630 1158 2704 aeni
1178 2604 1185 2795 ἰ
1204 2638 1293 2731 quid
1316 2651 1369 2705 est
1391 2638 1608 2705 contrarium
1630 2637 1718 2724 legi,
1751 2630 1772 2727 ἦ
1793 2626 1961 2727 ἁμαρτία
1983 2632 2087 2710 ἐπὶν
2104 2636 2192 2710 dro-

160 2735 408 2836 ὑφισταμένη,
418 2732 547 2834 Λόγος
561 2753 678 2808 antem
695 2741 828 2808 dicitur
841 2763 916 2806 uon
932 2739 1060 2820 solum,
1073 2737 1159 2830 quia
1204 2737 1285 2829 μία.
1339 2736 1471 2806 Norma
1493 2755 1546 2809 est
1567 2740 1747 2822 iustitiae,
1773 2739 1828 2807 lex
1846 2737 1933 2819 Dei,
1957 2764 2049 2833 qnae
2064 2755 2118 2812 est
2137 2765 2191 2810 aa·

164 2843 275 2935 patris
298 2865 374 2911 sese
397 2841 572 2910 intuentis
596 2842 812 2930 cogitatione
839 2844 981 2930 genitus
1000 2854 1071 2922 est,
1097 2842 1158 2908 sed
1206 2843 1338 2933 pientia
1372 2843 1412 2908 in
1439 2841 1514 2910 Deo
1545 2857 1688 2910 aeterna
1717 2858 1754 2911 et
1778 2843 1944 2920 immota,
1974 2843 2079 2914 maius
2103 2845 2191 2914 radii

162 2946 289 3029 etiam,
319 2945 405 3038 quia
437 2967 500 3035 per
527 2968 609 3013 eum
631 2950 834 3026 decretum,
868 2947 914 3013 de
936 2957 1009 3013 toto
1031 2944 1159 3011 ordine
1179 3000 1184 3013 .
1206 2944 1374 3014 transfusi
1394 2958 1479 3013 sunt
1501 2945 1539 3011 in
1564 2945 1756 3012 rationales
1776 2959 1974 3025 creaturas,
1998 2961 2140 3040 aquae
2156 2948 2193 3016 iu

164 3048 355 3118 creationis
381 3061 416 3116 et
439 3046 673 3116 restitutionis
702 3044 850 3115 bomani
868 3048 1009 3136 generis
1024 3047 1158 3113 dictum
1206 3047 1490 3139 promulgatione
1514 3047 1679 3136 Decalogi
1712 3047 1860 3138 repetita
1887 3062 1953 3118 est.
2006 3045 2191 3120 Contraria

162 3165 233 3222 est:
263 3147 335 3219 Hie
350 3163 404 3219 est
416 3149 563 3237 angelus
576 3151 696 3238 magni
711 3150 871 3228 consilii,
899 3150 1082 3241 proferens
1093 3150 1160 3216 ad-
1205 3146 1290 3220 huic
1321 3136 1472 3218 normae
1491 3164 1527 3218 et
1550 3151 1745 3241 sapientiae
1771 3174 1858 3219 suae
1878 3149 1975 3239 Betis
1991 3152 2140 3225 damnat
2159 3168 2192 3223 et

161 3254 368 3323 tuirandum
391 3267 424 3322 et
446 3277 614 3321 arcanum
638 3258 840 3336 decretum,
862 3256 908 3322 de
931 3249 1087 3320 bumana
1102 3276 1158 3320 sa-
1204 3267 1343 3345 peecata
1360 3254 1542 3333 nominat,
1567 3278 1608 3320 ac
1624 3268 1769 3344 propter
1784 3279 1825 3320 ee
1846 3253 2008 3322 fontibus
2021 3254 2194 3339 irascitur,

162 3358 248 3436 lute,
274 3381 314 3424 es
330 3356 412 3426 sinu
427 3356 562 3424 aeterni
578 3357 697 3447 patris,
712 3371 816 3425 sonat
834 3381 955 3424 vocem
972 3351 1157 3441 Evangelii
1203 3373 1238 3425 et
1257 3380 1318 3424 eos
1333 3356 1496 3428 destmit.
1547 3354 1600 3424 Ac
1614 3360 1759 3445 adp-rer
1778 3352 1949 3425 loannem
1969 3372 2107 3429 motum
2120 3382 2193 3429 esse

161 3460 208 3527 ad
225 3456 342 3527 Adam
358 3472 392 3528 et
408 3456 567 3539 blevam,
591 3471 707 3526 servat
725 3482 820 3525 nunc
836 3481 980 3550 quoque
995 3457 1159 3524 ministe-
1204 3459 1348 3527 licentia
1358 3483 1502 3540 eorum,
1528 3459 1590 3549 qui
1605 3485 1646 3526 cx
1660 3459 1826 3546 gentibus
1840 3462 1885 3527 ad
1899 3455 2096 3529 Ecclesia·
2107 3484 2194 3531 eon·

162 3560 259 3629 rium
275 3554 484 3647 Evangelii,
513 3574 550 3628 et
573 3584 659 3626 voce
680 3555 865 3647 Evangelii
889 3559 976 3629 dicit
996 3555 1159 3626 consola-
1204 3561 1297 3629 versi
1322 3574 1443 3643 eraut,
1467 3563 1599 3651 quibus
1620 3563 1839 3629 ostendenda
1861 3561 1930 3631 fuit
1949 3586 2077 3632 uonna
2098 3567 2192 3634 unde

163 3663 300 3732 tionem
316 3662 354 3728 iu
368 3662 555 3742 cordibus,
581 3674 756 3731 monstrat
778 3678 929 3752 patrem,
956 3661 1076 3729 reddit
1091 3685 1158 3728 no-
1205 3664 1420 3745 iudicarent,
1445 3688 1536 3754 quae
1554 3664 1646 3730 mala
1661 3665 1734 3731 siut
1748 3691 1769 3731 a
1784 3661 1863 3732 Deo
1876 3668 2064 3748 damnata,
2083 3667 2194 3737 dedu-

164 3765 220 3833 bis
241 3765 371 3841 vitam,
396 3776 431 3832 et
451 3764 514 3833 dat
526 3764 703 3854 Spiritum
727 3780 907 3842 sanctum,
934 3765 997 3856 qui
1021 3764 1060 3830 iu
1077 3788 1158 3832 cor-
1203 3767 1252 3834 cit
1268 3767 1377 3854 igitur
1391 3788 1457 3834 nos
1473 3769 1517 3832 ad
1536 3765 1669 3853 legem,
1693 3791 1802 3859 quam
1820 3782 1914 3836 recte
1928 3767 2006 3837 vult
2020 3768 2183 3859 intelligi.

162 3867 271 3935 dibus
295 3864 490 3947 laeticiam,
522 3866 802 3950 invocationem,
829 3883 865 3936 et
885 3867 1045 3935 accendit
1068 3867 1158 3934 alios
1306 3865 1557 3937 Delectabatur
1578 3884 1615 3937 et
1634 3870 1871 3939 similitudine
1889 3895 1996 3962 quam
2024 3871 2194 3942 micabat

160 3968 251 4041 tales
273 3981 412 4051 motus,
436 3968 555 4061 qualis
568 3983 619 4038 est
642 3970 735 4060 ipse,
759 3971 906 4040 undeet
923 3967 1078 4058 Spiritus
1093 3995 1158 4060 ap-
1176 4038 1183 4089 Ι
1204 3969 1249 4043 D.
1265 3970 1494 4041 Pomeranus,
1547 3969 1593 4040 [t
1609 3973 1765 4040 annulus
1780 3996 1908 4062 magno
1921 3972 2142 4058 aesdmnm
2161 3989 2195 4045 et

161 4072 308 4164 pellatio
323 4085 387 4153 est,
412 4072 497 4163 quia
514 4072 616 4141 tertia
631 4095 781 4163 persona
800 4073 850 4141 sic
867 4073 972 4140 nobis
986 4072 1155 4162 patefacta
1202 4089 1344 4142 amatur
1358 4089 1502 4165 psopter
1516 4098 1711 4162 gemmam,
1735 4078 1994 4158 Adamantem,
2014 4089 2079 4146 aut
2092 4074 2194 4147 Sma-

162 4189 233 4256 est,
259 4175 356 4264 quod
370 4174 514 4242 divinos
529 4189 647 4243 motus
664 4176 702 4242 in
720 4177 826 4244 corde
844 4175 1016 4244 accendit.
1204 4180 1365 4262 ragdum,
1386 4200 1460 4243 non
1477 4193 1621 4265 propter
1635 4202 1776 4260 aurum,
1799 4180 1851 4247 sic
1862 4180 2009 4248 dicitur:
2035 4175 2127 4249 ttae
2140 4180 2194 4249 in-

267 4272 310 4341 lu
330 4269 422 4342 banc
435 4279 809 4348 commemorationem
826 4278 1005 4365 ingressus
1019 4271 1155 4347 Lutbe·
1203 4280 1346 4348 stibeari
1374 4274 1537 4348 homines
1571 4296 1717 4369 propter
1745 4305 1943 4369 gemmam,
1974 4282 2092 4354 atium
2119 4280 2196 4367 Dei,

161 4398 223 4444 rus
239 4376 350 4445 multa
368 4376 463 4444 dicta
479 4379 685 4462 enarrabat,
710 4377 780 4472 τὴν
794 4377 916 4473 ἀρχὴν
931 4376 987 4451 ὅτι
1003 4375 1068 4451 καὶ
1090 4383 1154 4448 lu·
1203 4377 1295 4450 banc
1309 4398 1428 4451 antem
1444 4405 1619 4468 mutam
1636 4383 1705 4450 lide
1721 4385 1980 4474 amplectimur.

160 4481 214 4547 tu}
232 4471 335 4568 ὑμῖν.
387 4473 436 4547 Et
449 4478 487 4546 in
503 4477 696 4550 Salomone
709 4484 755 4551 de
770 4485 962 4576 sapientia:
988 4481 1154 4552 Puteum
1315 4482 1409 4554 Cum
1453 4479 1634 4552 loacbimo
1672 4484 1875 4555 Camerario
1915 4488 2111 4560 disserebat
2151 4491 2195 4559 de

160 4603 205 4648 eo
220 4580 367 4663 artifex,
392 4580 521 4649 ludens
537 4582 576 4649 in
591 4584 679 4651 urbe
695 4597 809 4655 terrae
822 4612 924 4669 suae,
948 4600 984 4655 et
999 4588 1154 4655 delecta·
1201 4588 1365 4656 omnium
1381 4600 1535 4655 aetatum
1560 4582 1738 4670 historiis,
1763 4593 1809 4658 de
1829 4591 2060 4679 imperiorum
2077 4603 2194 4666 muta·

160 4682 274 4751 tiones
288 4706 388 4751 meae
401 4707 483 4752 cum
498 4681 580 4755 filiis
596 4680 798 4755 bominum.
824 4687 923 4776 Quid
937 4689 1078 4759 dulcius
1093 4703 1154 4771 est,
1202 4692 1362 4761 tionibus
1378 4704 1411 4757 et
1433 4688 1614 4778 periodis,
1626 4705 1664 4758 et
1677 4715 1800 4759 eanum
1817 4692 1951 4773 causis,
1975 4701 2021 4763 de
2039 4693 2194 4769 motibus

160 4784 298 4878 inquit,
332 4781 398 4854 bac
417 4788 611 4868 sententia,
643 4788 688 4855 de
718 4789 791 4857 lilio
815 4792 909 4859 enim
930 4793 1081 4867 dicitur,
1114 4794 1154 4859 iu
1200 4793 1413 4863 coelestibus
1436 4794 1537 4860 etde
1560 4794 1727 4885 syderum
1751 4795 1947 4865 effectione.
2012 4798 2132 4874 Multa
2161 4825 2194 4877 et

157 4910 231 4978 quo
253 4889 364 4976 fulget
386 4888 465 4956 idea
491 4890 623 4978 opificii
639 4893 784 4972 mundi,
805 4895 915 4984 etqui
931 4917 968 4961 se
990 4894 1154 4983 patefecit
1201 4901 1246 4965 de
1272 4891 1393 4983 pbrasi
1416 4895 1453 4961 in
1481 4896 1585 4961 libris
1607 4896 1811 4983 apostolicis
1834 4898 2090 4975 sciscitabatur.
2143 4907 2193 4980 Ac

156 4992 278 5077 generi
302 4986 460 5058 humano
482 4992 577 5060 edita
594 5016 699 5072 voce,
726 4993 819 5065 ludit
843 4995 1017 5066 mirandis
1032 4998 1153 5087 operi·
1200 5014 1240 5068 ut
1260 4999 1362 5067 aiunt
1378 4995 1563 5066 Platonem
1581 4998 1632 5064 sie
1653 5022 1788 5067 amam
1806 5003 2092 5101 yronelopcaedy
2107 5015 2192 5083 mi.

155 5089 224 5159 bns
239 5094 279 5160 in
292 5091 471 5161 creatione
486 5107 522 5161 et
543 5094 581 5161 in
599 5094 800 5184 colligenda
814 5094 982 5167 Ecclesia.
1035 5098 1153 5189 Quale
1200 5115 1320 5190 ptum,
1343 5100 1403 5168 eui
1426 5099 1551 5168 titulus
1570 5099 1639 5169 fuit
1653 5096 1843 5191 Sophron,
1864 5116 1905 5173 ut
1927 5109 1995 5174 sub
2009 5111 2191 5185 culcitram

154 5193 251 5259 enim
282 5193 521 5284 spectaculum
552 5210 605 5264 est
631 5192 788 5266 bominis
819 5201 1003 5285 formatio,
1031 5202 1151 5295 qualia
1199 5202 1403 5282 collocarit,
1428 5216 1467 5269 ut
1492 5203 1530 5268 in
1556 5202 1646 5269 lecto
1662 5203 1768 5270 etiam
1789 5211 1833 5273 ad
1852 5230 1999 5274 manum
2012 5230 2120 5298 aser,
2144 5219 2191 5286 sic

153 5298 350 5384 spectacula
366 5311 450 5364 siint
464 5296 667 5389 adsumptio
683 5314 832 5370 naturae
847 5297 1034 5389 humanae,
1060 5305 1150 5373 libe·
1171 5348 1175 5387 ÷
1199 5304 1374 5373 Ascanius
1387 5304 1528 5371 amabat
1545 5303 1780 5373 Solomonem
1795 5322 1831 5375 et
1844 5306 2042 5396 Siraciden,
2067 5333 2102 5388 et
2118 5343 2190 5390 m.

151 5397 243 5466 ratio
257 5394 380 5468 Nobae
397 5400 436 5468 in
454 5399 604 5484 diluvio,
630 5402 755 5493 populi
771 5405 811 5473 in
829 5403 1005 5499 Aegypto,
1032 5430 1149 5477 nsue-
1170 5392 1176 5475 i
1199 5431 1244 5498 pe
1265 5408 1406 5477 dicebat
1427 5428 1576 5494 gnomas
1597 5428 1673 5475 esse
1695 5409 1864 5479 eximitmi
1883 5405 2040 5505 ἑφόδιον
2056 5420 2097 5490 in
2110 5425 2191 5505 vita,
