4680 6038
157 211 230 285 727
398 202 610 281 SCRIPTA
636 203 713 275 PH.
738 198 859 275 MEL.
884 198 956 275 Ao
980 197 1107 275 flts‘r.
1134 194 1278 276 attor.
1298 194 1367 275 ET
1390 194 1586 283 ambos,
1609 197 1931 279 sabertum
2098 204 2173 281 m

149 408 241 465 esse,
277 394 314 451 et
334 378 542 449 ardentibus
565 375 658 447 votis
679 388 859 466 petamus,
892 387 932 444 ut
953 373 1048 445 lilius
1069 368 1139 442 Dei
1159 444 1164 452 ,
1188 374 1345 444 secundo
1369 373 1525 465 proximi
1548 373 1656 454 anni,
1681 374 1739 446 die
1760 375 1910 467 septimo
1933 366 1971 445 et
1995 374 2169 447 vicesimo.

149 479 341 558 nosiuhae
356 479 516 575 squalida
533 492 670 549 senecta
686 477 870 568 gubernet,
891 490 932 547 ut
942 473 1138 549 Esaiaessd·
1162 478 1165 483 ’
1190 475 1281 546 Nam
1316 476 1361 545 ad
1402 498 1541 546 menses
1581 476 1723 547 lunares
1763 476 1950 547 duodecim
1992 478 2170 549 addendae

42 632 52 645 =
150 591 300 661 dicitur:
326 581 445 655 Etiam
462 583 500 650 in
517 594 655 653 senecta
669 603 732 651 vos
745 578 899 670 gestabo.
1162 580 1166 597 '
1190 592 1274 651 suut
1295 579 1417 648 decem
1436 579 1529 663 dies,
1555 578 1617 673 qui
1643 578 1871 652 nominantur
1893 575 2064 670 Epactae.
2122 576 2174 651 lta

255 687 388 761 Scribit
412 684 519 756 etiam
541 678 732 775 Iosephus,
765 673 912 751 Adam
936 681 1024 751 duas
1047 677 1140 771 lapi·
1190 680 1355 771 congruit
1371 680 1462 752 ratio
1479 682 1524 751 ad
1540 680 1628 752 anni
1643 679 1769 751 solaris
1790 680 1993 774 periodum.
2043 676 2095 753 Et
2109 704 2175 753 nu·

154 797 236 866 deas
258 790 398 862 tabulas
419 787 625 871 collocasse,
657 786 696 854 in
719 785 850 878 quibus
877 782 1017 875 scripsit
1036 781 1141 854 initia
1190 806 1309 855 merus
1341 783 1517 855 mensium
1557 797 1591 855 ct
1624 782 1762 854 dierum
1797 783 1836 854 in
1870 779 1936 853 hac
1971 784 2176 855 narratione

154 893 359 975 creationis,
390 890 529 981 lapsum
556 883 764 973 bominum,
798 899 834 957 et
855 885 1141 978 promissionem.
1192 885 1365 969 ostendit,
1397 909 1533 955 annum
1560 885 1712 957 solarem
1740 885 1963 977 complexum
1987 906 2066 955 esse
2090 886 2175 957 duo-

153 997 229 1068 Has
243 994 379 1069 tabulas
402 990 563 1062 existimo
578 1000 748 1083 tanquam
762 989 935 1079 templum
954 987 1081 1072 fuisse,
1107 999 1143 1056 et
1191 988 1306 1058 decim
1331 1010 1467 1057 menses
1489 989 1649 1073 lunares,
1676 1001 1710 1059 et
1732 987 1806 1057 dies
1829 989 1965 1058 decem.
2020 986 2109 1059 ldeo
2122 988 2175 1057 di·

154 1099 242 1172 certi
264 1096 333 1166 loci
356 1093 515 1182 signum,
545 1091 586 1161 in
608 1116 714 1185 quem
739 1091 866 1164 solitus
880 1105 932 1162 est
947 1111 1143 1160 convocare
1192 1090 1303 1176 citur,
1337 1085 1442 1159 Noha
1468 1112 1623 1178 egressus
1646 1111 1721 1160 esse
1751 1112 1793 1159 ex
1821 1112 1901 1161 arca
1926 1111 2031 1161 anno
2061 1090 2174 1163 senus

154 1225 254 1273 suam
276 1194 487 1279 Ecclesiam,
518 1206 552 1265 et
571 1195 637 1264 ubi
667 1193 835 1265 sacrificia
857 1195 949 1265 sacta
973 1206 1076 1277 sunt,
1108 1203 1145 1263 et
1192 1216 1275 1265 suae
1290 1191 1542 1263 sexcentesimo
1560 1192 1694 1285 primo,
1718 1190 1882 1263 videlieet
1903 1214 2004 1271 anno
2022 1192 2173 1264 aconrli-

153 1296 486 1374 recitatadoctrina.
525 1294 683 1389 Fuitque
698 1320 768 1365 vox
784 1294 1030 1386 promissionis
1045 1293 1145 1365 testi·
1193 1309 1231 1368 to
1252 1295 1408 1380 mundo,
1440 1293 1630 1366 millesimo
1651 1292 1901 1366 sexcentesimo
1922 1294 2175 1389 quinquagesi-

153 1403 317 1475 monium
331 1399 535 1470 discernens
549 1421 669 1468 veram
683 1394 878 1469 Ecclesiam
896 1421 916 1469 a
931 1412 1033 1468 coetu
1042 1393 1145 1480 Cain,
1193 1423 1252 1469 mo
1268 1396 1432 1488 septimo.

155 1506 220 1602 qui
235 1516 422 1577 secesserat
437 1522 458 1569 a
473 1512 583 1590 patre,
606 1514 640 1570 et
654 1495 780 1570 habuit
794 1522 876 1570 suos
891 1500 979 1569 ritus
996 1513 1030 1569 et
1044 1521 1144 1568 suam
1296 1497 1435 1570 lnterea
1457 1500 1544 1571 dum
1566 1497 1605 1567 in
1626 1520 1705 1568 arca
1723 1493 1867 1569 vehitur
1887 1496 2031 1568 familia
2050 1491 2175 1586 Nohae,

157 1622 297 1680 sectam.
349 1601 403 1672 lta
428 1601 547 1672 statim
571 1601 675 1672 initio
698 1626 802 1671 verae
824 1601 1006 1672 doctrinae
1022 1623 1145 1669 vocem
1196 1613 1309 1672 totum
1332 1624 1443 1691 genus
1467 1596 1666 1671 humanum
1688 1600 1882 1672 universali
1903 1601 2050 1671 diluvio
2067 1601 2174 1692 periit.

157 1724 193 1783 et
209 1731 330 1778 veram
347 1700 543 1774 Ecclesiam
562 1727 642 1793 pars
659 1699 807 1774 humani
823 1704 960 1792 generis
981 1702 1147 1788 deseruit,
1195 1701 1292 1774 Haec
1305 1726 1420 1796 poena
1434 1704 1589 1796 primum
1605 1702 1787 1792 significat,
1809 1703 1995 1774 conditam
2012 1698 2174 1773 machere

157 1826 193 1883 et
210 1807 483 1903 promissionem
506 1804 617 1876 oblita
639 1820 706 1878 est:
733 1818 909 1877 ettamen
931 1805 1072 1876 condita
1096 1805 1148 1874 ci-
1197 1830 1315 1876 rerum
1332 1820 1516 1887 naturam,
1543 1818 1584 1877 ut
1600 1806 1728 1877 serviat
1742 1805 1864 1877 electis
1876 1818 1910 1876 et
1932 1805 2051 1880 iustis.
2098 1802 2174 1875 ldeo

157 1914 266 1984 vitate
287 1931 427 1980 necesse
455 1917 526 1991 est,
558 1929 618 1978 eos
643 1909 800 2003 aliquam
825 1908 912 1997 legis
935 1908 1147 2000 particulam
1197 1920 1431 2001 sequuturum
1444 1931 1518 1979 esse
1527 1907 1763 1979 universalem
1778 1907 1967 1980 interitum
1984 1907 2173 1999 impiorum,

160 2013 362 2087 retinuisse.
1198 2024 1232 2082 et
1263 2010 1374 2081 iustos
1407 2032 1593 2081 mansuros
1624 2033 1697 2080 esse
1730 2008 1770 2079 in
1795 2009 2022 2102 possessione
2047 2022 2173 2080 aeterua

261 2113 387 2184 Postea
411 2112 450 2182 in
473 2109 592 2183 Moise
614 2108 769 2182 breviter
788 2124 957 2183 annotata
972 2125 1024 2183 est
1040 2110 1148 2182 series
1197 2135 1346 2205 operum
1375 2113 1513 2183 mundi.
1572 2112 1716 2184 Deinde
1746 2106 1815 2183 boc
1840 2112 2007 2203 exemplo
2042 2124 2175 2182 testatur

159 2240 338 2292 annorum
370 2215 556 2308 usquead
586 2212 775 2288 diluvium.
837 2213 950 2302 Quia,
982 2228 1148 2306 utsupra
1198 2215 1306 2301 Deus,
1332 2237 1368 2285 se
1383 2216 1550 2306 deinceps
1564 2239 1707 2308 quoque
1722 2228 1861 2305 peccata
1874 2215 2176 2307 puniturumesse,

160 2323 381 2402 dictumest,
406 2317 485 2388 vult
506 2313 603 2386 Deus
616 2314 700 2384 sciri
723 2313 827 2386 initia
843 2338 984 2400 rerum,
1008 2329 1044 2388 et
1059 2331 1150 2387 tem·
1199 2340 1405 2411 quanquam
1431 2319 1481 2387 sic
1503 2317 1644 2408 mitigat
1666 2317 1774 2403 iram,
1799 2329 1841 2387 ut
1866 2314 2175 2407 promittatcondi·

160 2446 248 2517 pora
263 2443 407 2491 suarum
423 2418 708 2510 patefactionum.
761 2412 816 2488 Ac
837 2440 894 2487 res
910 2418 1073 2488 miranda
1091 2442 1149 2488 re·
1198 2417 1364 2500 talride,
1397 2443 1435 2490 se
1456 2419 1622 2511 deinceps
1645 2444 1719 2488 non
1743 2419 1954 2509 puniturum
1979 2441 2053 2489 esse
2073 2438 2175 2507 genus

161 2528 292 2597 citatur
305 2516 391 2590 haec
414 2521 488 2590 sola
509 2521 554 2590 de
575 2510 786 2599 Henoch,
813 2520 876 2612 qui
892 2542 966 2587 non
985 2532 1036 2589 est
1052 2543 1150 2587 mor·
1200 2514 1399 2590 humanum
1418 2521 1614 2592 universali
1633 2518 1783 2591 diluvio.
1833 2519 1908 2593 Sed
1928 2520 2032 2590 simul
2043 2517 2172 2607 signid-

161 2624 352 2710 tuus,·sed
367 2623 491 2693 vivens
507 2622 545 2691 in
567 2620 706 2690 coelum
723 2621 912 2689 translatus
927 2632 990 2693 est.
1041 2617 1150 2708 Quod
1200 2635 1274 2701 cat,
1308 2622 1348 2692 in
1368 2636 1521 2695 extrema
1544 2646 1659 2715 poena
1687 2622 1765 2713 igni
1792 2622 2088 2712 conllegratnrum
2108 2641 2176 2699 esse

160 2752 240 2799 non
262 2725 501 2797 existimemus
519 2723 610 2793 clam
640 2719 784 2788 nemine
813 2732 992 2811 spectante
1018 2720 1150 2792 lactum
1200 2726 1398 2810 mundum,
1432 2739 1468 2797 et
1488 2750 1526 2797 se
1547 2749 1589 2795 ex
1615 2749 1656 2796 ea
1676 2747 1790 2795 massa
1810 2746 1945 2795 novam
1965 2722 2093 2792 mundi
2111 2720 2173 2790 lor·

164 2853 257 2914 esse,
286 2828 416 2897 sedvel
432 2826 470 2894 in
485 2822 663 2921 Ecclesiae
680 2821 970 2910 congregatione,
996 2822 1053 2891 vel
1071 2845 1151 2915 spe-
1200 2848 1297 2895 mam
1318 2828 1492 2898 facturum
1518 2851 1600 2899 esse.
1655 2825 1741 2898 Ideo
1765 2826 1905 2897 colores
1929 2824 2072 2897 suntin
2091 2819 2170 2893 bide

162 2931 340 3004 ctantibus
354 2928 491 3020 aliquot
507 2924 670 3017 patribus
688 2921 755 2991 fide
772 2923 901 3012 dignis.
947 2920 1043 3012 Quia
1058 2919 1152 2996 hanc
1201 2928 1286 2997 duo.
1342 2923 1513 2999 Ceruleus
1537 2928 1709 3019 significat
1731 2949 1842 3019 genus
1865 2922 2067 2999 humanum
2085 2923 2169 3018 aquit

164 3032 433 3107 translationem
449 3027 563 3097 voluit
578 3021 676 3099 Deus
690 3024 933 3094 testimonium
949 3048 1022 3095 esse
1037 3027 1082 3097 de
1095 3026 1152 3095 vi·
1200 3028 1357 3119 periisse.
1413 3027 1542 3120 lgneus
1573 3054 1635 3101 seu
1665 3053 1867 3122 purpureus
1905 3043 2034 3123 postea
2056 3027 2168 3120 petitu·

164 3151 198 3208 ta
226 3148 261 3206 et
281 3135 394 3204 salute
415 3142 576 3211 aeterna,
608 3125 725 3194 danda
744 3120 820 3209 his,
845 3128 906 3220 qui
924 3128 1042 3197 Deum
1060 3143 1152 3199 recte
1201 3154 1282 3200 rum
1307 3154 1382 3201 esse
1401 3131 1495 3223 igni,
1519 3133 1620 3204 utin
1644 3134 1797 3204 secunda
1819 3132 1975 3225 epistola
1995 3130 2091 3202 Petri
2101 3125 2171 3199 scri·

162 3237 378 3309 invocabant
410 3231 448 3300 in
477 3227 658 3317 agnitione
689 3229 852 3317 promissi
883 3229 1039 3298 seminis.
1097 3226 1152 3301 Ac
1201 3245 1301 3324 ptum
1323 3245 1385 3306 est.

164 3343 237 3411 duo
273 3336 405 3408 similia
440 3329 640 3401 testimonia
675 3330 794 3416 generi
831 3325 986 3400 humano
1014 3345 1152 3403 ostensa
1302 3328 1441 3405 Eodem
1465 3358 1561 3406 anno
1592 3359 1613 3406 a
1640 3337 1776 3408 mundo
1798 3334 1948 3407 condito
1979 3328 2088 3409 165⁷.
2108 3352 2172 3401 cun

166 3455 250 3513 sunt
283 3452 364 3507 ante
393 3434 583 3503 adventum
614 3427 780 3498 Messias:
822 3431 971 3501 alterum
1002 3429 1153 3503 Henoch
1203 3429 1305 3504 Nohe
1321 3458 1478 3525 egressus
1493 3451 1584 3508 esset
1597 3463 1639 3508 ex
1654 3462 1751 3522 arca,
1775 3460 1901 3508 rursus
1915 3433 2173 3508 Ecclesiaedete

164 3558 247 3613 ante
285 3536 485 3618 diluvium,
533 3535 683 3601 alterum
717 3527 818 3600 Eliae
851 3548 930 3623 post
965 3536 1152 3609 diluvium.
1203 3549 1287 3606 sunt
1301 3538 1522 3625 testimonia,
1548 3564 1629 3610 cum
1652 3539 1859 3611 sacrificium
1881 3541 1929 3609 de
1953 3540 2056 3610 coelo
2072 3536 2172 3606 inccn-

165 3642 214 3713 Ili
233 3636 429 3732 Prophetae
448 3634 562 3707 testati
580 3645 681 3712 sunt,
708 3630 875 3703 Messiam
891 3636 1022 3707 abolita
1040 3650 1153 3707 morte
1204 3661 1285 3708 sum
1299 3653 1370 3724 est,
1396 3653 1431 3710 et
1453 3641 1656 3710 testimonio
1672 3640 1849 3712 Ecclesiae
1870 3642 1972 3711 duae
1985 3636 2169 3713 metretae

167 3744 390 3815 redditurum
414 3760 488 3807 esse
508 3737 616 3805 vitam
640 3746 839 3818 aeternam,
870 3749 905 3807 et
928 3739 1155 3809 conculcatu-
1204 3750 1305 3810 sunt:
1337 3734 1530 3811 Promissio
1555 3745 1599 3812 de
1620 3767 1787 3813 mansuro
1810 3756 1966 3814 naturae
1989 3741 2118 3814 ordint:
2142 3748 2173 3805 tl

168 3869 252 3917 rum
269 3854 374 3932 caput
390 3839 572 3930 serpentis.
1204 3840 1383 3913 institutio
1417 3844 1583 3933 politicae
1614 3845 1894 3935 gubernationis.
1959 3844 2068 3917 Tunc
2095 3837 2173 3909 min

269 3944 410 4017 Citatur
437 3954 471 4011 et
491 3933 679 4032 prophetia
704 3933 874 4025 Henoch,
906 3940 951 4010 de
977 3958 1155 4033 postremo
1204 3962 1364 4033 expresse
1392 3944 1463 4015 lata
1485 3959 1536 4016 est
1557 3946 1707 4031 lex,·ut
1741 3939 1990 4017 homicida
2016 3944 2174 4017 occidatur

168 4047 301 4120 iudicio
326 4046 365 4114 in
385 4041 547 4134 Epistola
570 4041 693 4109 ludae:
721 4035 764 4107 E
771 4062 839 4110 cce
861 4041 982 4112 venit
1007 4040 1156 4115 domi·
1204 4045 1250 4117 ab
1265 4040 1423 4126 homine,
1450 4048 1511 4139 qui
1526 4064 1662 4138 praeest
1674 4050 1820 4143 caeteris
1833 4044 2063 4122 hominihus.
2100 4041 2175 4114 lbet

168 4175 253 4219 ures
277 4172 357 4218 cum
381 4158 501 4214 sancto
519 4142 674 4213 exercitu
695 4166 779 4226 suo,
804 4156 844 4214 ut
859 4145 966 4217 faciat
983 4147 1156 4219 iudicium
1205 4147 1264 4218 lex
1296 4148 1483 4239 praecipua
1506 4151 1543 4218 in
1569 4151 1696 4221 ordine
1729 4150 1874 4242 politico
1897 4164 1973 4236 est,
2006 4164 2044 4221 et
2069 4164 2176 4220 nm

168 4265 291 4322 contra
306 4267 445 4329 omnes,
469 4258 504 4314 et
519 4258 643 4334 arguat
657 4267 780 4315 omnes
797 4245 926 4337 impios
941 4263 1004 4321 etc.
1057 4249 1156 4322 lnea
1178 4272 1182 4319 t
1206 4243 1383 4319 humanae
1405 4250 1591 4322 societatis.
1643 4251 1695 4323 lta
1717 4253 1831 4323 cernis
1848 4275 1977 4324 rursus
1997 4252 2104 4325 initia
2122 4240 2175 4319 Er·

169 4345 355 4445 prophetia
372 4341 467 4415 haud
484 4347 594 4416 dubie
614 4340 869 4439 comprehensa
889 4348 960 4420 fuit
978 4352 1157 4443 copiosior
1205 4351 1332 4423 clesiae
1349 4365 1384 4423 et
1397 4352 1552 4442 politiae.
1603 4351 1743 4424 Deinde
1759 4355 1957 4425 recitantur
1971 4355 2121 4425 nomina
2132 4370 2176 4419 eo·

169 4452 334 4524 doctrina
351 4451 394 4519 de
408 4448 662 4538 promissione,
688 4451 734 4520 de
753 4441 813 4518 M
816 4448 961 4534 essia,
988 4456 1082 4526 etde
1098 4455 1156 4528 fu·
1206 4476 1309 4539 rum,
1336 4454 1399 4546 qui
1423 4478 1464 4524 ex
1487 4455 1570 4527 filiis
1592 4452 1718 4526 Nohae
1733 4454 1915 4549 propagati
1929 4468 2041 4541 sunt,
2067 4450 2176 4527 etstir·

31 4608 37 4617 ·
168 4556 259 4629 turis
273 4550 529 4626 mutationibus
546 4551 685 4641 generis
699 4546 861 4625 humani.
1000 4614 1004 4619 .
1204 4578 1269 4648 pes
1290 4556 1510 4627 diversarum
1530 4559 1701 4647 gentium.
1754 4557 1879 4629 Voluit
1891 4571 2018 4629 autem
2039 4552 2178 4629 haeer-

596 4724 605 4742 ‚
688 4726 697 4743 ‚
1206 4658 1296 4728 riem
1310 4653 1408 4729 Deus
1421 4674 1542 4731 uotam
1558 4683 1648 4742 csse,
1671 4672 1712 4731 ut
1726 4659 1913 4746 sciremus,
1942 4683 2078 4754 exque
2092 4655 2178 4747 etim

549 4724 773 4796 mmmm·
1206 4760 1361 4832 voluerit
1376 4759 1473 4833 Deus
1488 4761 1584 4833 nasci
1603 4755 1664 4831 M
1666 4759 1857 4844 eseiam,
1879 4775 1916 4833 et
1928 4761 2000 4833 ubi
2014 4761 2179 4834 faeritas·

271 4851 421 4924 Annua
443 4850 589 4924 condito
610 4852 747 4923 mundo
769 4854 960 4926 millesimo
975 4870 1156 4931 sexcente·
1206 4864 1400 4955 portandus
1414 4877 1451 4936 et
1465 4863 1747 4955 conspiciendus.
1797 4862 1911 4935 Nobis
1932 4865 1980 4933 ad
1998 4858 2075 4937 hoc
2093 4860 2180 4935 ed-

171 4957 260 5028 simo
276 4955 570 5050 quinquagesimo
590 4966 706 5041 sexto,
730 4978 812 5028 curn
830 4951 933 5028 Noha
956 4953 1157 5034 inchoasset
1204 4967 1350 5059 prodest
1363 4988 1467 5037 nosse
1480 4979 1620 5059 patrum
1637 4968 1796 5054 nomina,
1817 4978 1857 5037 ut
1870 4965 2033 5039 sciamus
2041 4963 2183 5059 genli-

170 5056 628 5142 annums‘excentesimum‚
652 5078 774 5128 mense
796 5061 951 5131 secundo
966 5060 1043 5132 eius
1058 5064 1157 5151 anni,
1205 5067 1381 5158 origines,
1413 5071 1512 5164 quod
1539 5091 1614 5139 non
1645 5071 1764 5141 solum
1787 5068 1990 5142 iucundum
2026 5082 2102 5155 est,
2133 5058 2182 5133 td

169 5163 229 5233 die
243 5159 395 5253 septimo
409 5159 570 5246 decimo,
594 5159 774 5250 ingressus
787 5175 840 5234 est
852 5156 957 5233 Noha
971 5184 1054 5235 cum
1068 5190 1156 5238 con·
1205 5170 1312 5241 etiam
1326 5170 1427 5248 utile.
1464 5168 1582 5243 Series
1597 5173 1692 5243 enim
1704 5184 1867 5256 testatur,
1891 5169 2057 5261 primam
2069 5162 2183 5242 docui

170 5263 252 5353 iuge
268 5275 302 5333 et
316 5261 400 5333 filiis
423 5260 460 5329 in
486 5283 623 5342 arcam,
649 5274 685 5333 et
708 5261 749 5332 in
768 5286 809 5333 ea
832 5263 962 5337 mansit
977 5265 1155 5359 integrum
1205 5296 1290 5342 nam
1305 5275 1351 5344 de
1366 5271 1444 5345 Deo
1458 5295 1532 5343 esse
1549 5269 1663 5361 hanc,
1688 5297 1778 5370 quae
1795 5273 1834 5343 in
1851 5271 2002 5365 scripsis
2027 5270 2139 5345 Moisi
2156 5278 2184 5337 tl

173 5386 308 5436 annum
322 5365 482 5435 solarem.
533 5361 675 5439 Rursus
687 5363 957 5459 enimegressus
968 5382 1021 5443 est
1032 5393 1156 5444 mense
1205 5374 1372 5471 deinceps
1389 5375 1429 5447 in
1445 5370 1705 5470 Prophetarum
1717 5374 1859 5470 scriptis
1872 5374 2015 5449 tradita
2038 5389 2106 5451 est.
2145 5362 2184 5443 Π
