4680 6038
144 200 223 277 aaa
440 149 444 157 ’
649 240 653 247 .
919 178 1410 264 ursrucarrouus
2099 190 2173 273 ras

148 376 220 461 tio,
251 367 358 445 etiam
383 365 415 440 si
436 388 511 437 uon
531 360 645 451 lallit,
671 354 890 435 tamennon
911 353 1020 433 babet
1040 361 1141 434 testi·
1190 362 1311 432 nando
1339 382 1416 431 uon
1434 372 1610 455 repugnat
1630 373 1780 434 naturae
1806 358 1980 448 dominii,
2016 371 2061 435 ut
2078 362 2172 440 docet

149 474 314 549 monium
336 467 420 543 Dei.
1190 461 1359 535 Bastulus
1373 461 1415 534 L.
1431 463 1481 535 ita
1496 463 1597 559 quis,
1621 463 1667 534 de
1680 464 1871 536 verborum
1887 464 2173 556 obligationibus.

254 574 415 667 Quidam
431 571 507 643 siue
523 567 595 638 line
615 564 829 657 disputavit,
853 564 917 661 qui
940 575 1142 638 contractus
1292 561 1363 635 llic
1377 577 1578 640 contractus
1591 564 1775 638 dissimilis
1796 579 1848 639 est
1867 579 2015 654 mutuo,
2037 568 2121 661 quia
2135 569 2173 641 in

152 685 226 755 sint
239 673 430 775 probandi.
467 662 592 763 Neque
605 669 688 741 linis
701 666 798 740 ullus
811 681 863 740 est
875 666 1004 739 talium
1018 667 1143 762 dispu-
1190 679 1318 739 mutuo
1348 666 1432 739 licet
1459 669 1559 740 danti
1586 681 1713 740 mutuo
1745 682 1904 762 repetere
1923 682 2082 757 sortem,
2118 664 2173 743 b't

152 784 350 866 sationum,
388 773 685 847 siconsideretur
707 769 884 857 nonies,
921 770 984 841 sed
1013 781 1142 844 natura
1191 769 1344 864 emptori
1360 792 1435 841 non
1451 770 1535 842 licet
1549 771 1736 863 pecuniam
1753 784 1922 863 repetere.

155 885 287 982 operis.
843 966 848 975 ι
1293 869 1384 942 Tres
1397 872 1529 964 species
1545 894 1718 966 ponemus
1740 865 1850 945 buius
1870 885 2096 961 contractus,
2116 889 2174 948 aut

258 984 319 1059 Sic
350 982 389 1053 in
418 978 499 1053 aliis
528 975 650 1049 multis
682 973 837 1065 negociis
870 973 1038 1069 pleraque
1066 972 1144 1065 lege
1191 973 1323 1045 emitur
1343 988 1460 1045 certus
1480 974 1634 1061 fundus,
1658 987 1719 1046 aut
1741 974 1828 1045 certi
1846 975 1986 1047 fruetus
2003 975 2048 1045 iu
2068 977 2172 1050 luade

154 1091 248 1163 iusta
263 1098 368 1172 suut,
393 1079 532 1153 etiamsi
546 1080 638 1152 ratio
651 1079 695 1149 de
708 1090 835 1149 natura
850 1075 1045 1168 praesentis
1057 1099 1144 1168 ope-
1191 1088 1288 1148 certo
1302 1098 1369 1167 pro
1382 1077 1625 1169 proportione.
1879 1097 1883 1103 ·

156 1193 207 1265 ris
231 1189 336 1262 aliter
357 1185 511 1269 iudicet,
542 1195 604 1269 ut,
633 1181 731 1275 quod
753 1179 1019 1271 suspenduntur
1038 1180 1145 1266 iures,
1294 1175 1414 1250 Facile
1425 1179 1577 1250 iudicari
1592 1191 1727 1272 potest,
1750 1179 1792 1249 in
1807 1174 1864 1251 bis
1884 1179 2029 1251 duabus
2051 1180 2171 1275 spesi-

155 1295 189 1367 si
206 1291 324 1387 operis
345 1303 474 1360 natura
487 1296 723 1378 spectaretur,
747 1279 908 1352 inlinitae
923 1281 1145 1374 quaestiones
1191 1284 1260 1353 bus
1276 1302 1422 1373 prorsus
1434 1276 1528 1351 nibil
1543 1304 1616 1352 esse
1628 1281 1730 1368 vicii,
1755 1305 1837 1353 cum
1852 1296 1946 1352 recte
1965 1298 2171 1357 mneurran

156 1394 357 1469 existerent.
386 1386 519 1461 'Nunc
540 1384 652 1456 iudici
672 1382 757 1455 satis
783 1393 854 1465 est,
895 1383 1009 1474 legem
1031 1383 1145 1479 sequi,
1194 1384 1335 1468 omnia,
1382 1407 1473 1478 quae
1508 1384 1742 1478 requiruntur
1768 1383 1807 1453 in
1836 1384 2039 1475 emptione,
2086 1406 2171 1457 mers

154 1498 240 1593 quia
257 1493 356 1569 Deus
369 1491 544 1584 approbat
558 1486 680 1557 civiles
694 1483 949 1559 ordinationes.
1193 1499 1306 1570 certa,
1330 1499 1466 1556 certum
1481 1487 1657 1578 precium,
1684 1507 1889 1558 consensus.

261 1594 342 1669 lloc
372 1614 486 1665 unum
516 1588 670 1683 pertinet
699 1589 745 1657 ad
767 1580 1013 1676 Theologum,
1048 1586 1145 1681 quod
1296 1585 1418 1658 Tertia
1444 1589 1575 1679 species
1599 1600 1670 1669 est,
1707 1612 1789 1658 cum
1818 1587 1952 1659 emitur
1981 1588 2170 1660 reditus'n

159 1700 230 1773 iam
258 1692 531 1775 admonuimus,
571 1690 757 1763 ostendere
787 1690 883 1781 quod
910 1684 1146 1778 Evangelium
1194 1688 1371 1759 universis
1383 1691 1486 1760 bonis
1500 1690 1650 1761 alicuius
1666 1688 1840 1774 civitatis,
1864 1689 1928 1760 ubi
1945 1688 2076 1761 civitas
2090 1690 2170 1761 aaa·

157 1800 332 1896 approbet
362 1807 562 1869 contractus
585 1790 844 1863 consentientes
868 1789 1022 1878 legibus,
1062 1791 1146 1884 quia
1195 1804 1274 1881 gata
1291 1805 1342 1863 est
1363 1792 1503 1863 actione
1521 1792 1722 1885 personali,
1752 1791 1885 1876 etius,
1917 1792 2021 1885 quod
2042 1806 2172 1865 vomer

156 1903 330 1996 approbat
342 1894 474 1971 'civiles
495 1894 757 1976 ordinationes,
790 1890 881 1962 sicut
903 1892 948 1961 de
970 1892 1147 1962 medicina
1195 1888 1256 1964 hic
1270 1916 1387 1979 merx,
1412 1917 1488 1964 non
1506 1894 1646 1965 videtur
1660 1893 1699 1963 in
1716 1906 1811 1963 certo
1828 1915 1983 1986 corpore
1995 1916 2086 1965 esse.

19 2002 25 2015 '
157 1983 352 2089 admonet,
370 1999 467 2096 quod
493 1997 596 2070 liceat
617 1995 673 2069 uti
695 1992 861 2065 remediis
888 1993 981 2066 sicut
1003 1994 1083 2066 cibo
1105 2016 1147 2064 ac
1296 1992 1572 2068 Panormitauus
1602 2008 1723 2066 tamen
1753 2006 1787 2065 et
1817 1989 1911 2064 hauc
1933 1995 2086 2067 tertium
2104 2018 2170 2089 sps-

158 2122 256 2203 pom,
1194 2094 1286 2167 ciem
1299 2098 1484 2191 approbat,
1499 2121 1582 2168 euru
1597 2097 1731 2190 inquit:
1756 2096 1856 2167 Sicut
1872 2098 2060 2191 ergoquis
2072 2112 2172 2193 potet

260 2206 396 2296 Quales
413 2194 662 2275 debeaut'esse
685 2209 905 2281 contractus,
936 2220 1012 2267 nou
1034 2198 1147 2288 magis
1194 2223 1311 2269 emere
1334 2200 1446 2273 libere
1466 2212 1575 2272 totam
1597 2199 1853 2291 possessiouem
1877 2199 1919 2267 in
1943 2192 2172 2297 ἐμφύτων,

155 2310 202 2384 acl
224 2304 453 2397 Theologum
478 2302 649 2397 pertinet,
686 2324 794 2395 quam
816 2298 936 2394 qualia
956 2293 1145 2392 pharmaca
1194 2301 1253 2371 vel
1279 2324 1397 2372 emere
1420 2325 1580 2372 annuum
1603 2300 1760 2372 reditum
1784 2300 1856 2370 iam
1878 2301 2111 2375 constitutum
2128 2302 2173 2375 ab

157 2414 310 2485 debeant
324 2411 364 2479 in
378 2406 529 2498 singulis
541 2403 677 2475 morbis
690 2401 783 2476 dari.
1194 2402 1363 2497 antiquo,
1404 2405 1452 2474 ita
1472 2403 1610 2474 licitum
1632 2416 1686 2475 est
1707 2404 1752 2472 de
1775 2426 1873 2472 novo
1903 2402 2118 2477 comtituere
2141 2418 2175 2477 ct

259 2510 385 2605 ltaque
424 2531 500 2578 non
538 2520 591 2578 est
630 2503 896 2576 concedendum
936 2501 1147 2574 docentibus
1194 2529 1322 2580 emere.
1373 2501 1428 2577 De
1443 2505 1560 2576 usuris
1572 2505 1703 2599 cap.iu
1719 2504 1873 2578 civitate.

157 2610 417 2707 Evangelium,
440 2624 481 2680 ut
495 2621 619 2681 contra
633 2606 783 2678 usitatos
798 2616 1000 2675 contractus
1015 2605 1060 2675 ad
1081 2628 1147 2697 po-
1296 2603 1345 2679 Et
1366 2632 1447 2679 cum
1463 2608 1519 2678 ius
1536 2620 1698 2699 oporteat
1719 2607 1757 2675 in
1780 2606 1908 2700 aliquo
1933 2628 2078 2700 corpore
2097 2628 2176 2695 esse,

183 2716 285 2789 ulum
313 2713 574 2797 vociferentur,
617 2710 680 2780 sed
709 2706 928 2778 admonendi
958 2720 1061 2792 sunt,
1105 2720 1146 2778 ut
1194 2723 1247 2781 est
1263 2722 1298 2780 et
1312 2705 1372 2779 hic
1386 2710 1442 2780 ius
1457 2710 1495 2777 in
1511 2733 1670 2801 corpore.

155 2740 266 2892 buius
280 2816 334 2889 rei
350 2814 524 2887 iudicium
548 2812 594 2884 ad
615 2808 841 2902 magistratus
861 2821 896 2879 et
920 2808 1039 2879 lorum
1061 2809 1145 2879 reii-
1295 2808 1345 2882 Ut
1359 2812 1392 2880 si
1405 2811 1487 2904 quis
1502 2826 1597 2882 emat
1619 2812 1659 2880 in
1681 2811 1828 2885 alterius
1847 2811 1961 2885 bonis
1984 2811 2172 2887 servitutes

155 2922 263 2995 clarat.
1194 2912 1323 3004 agendi
1339 2912 1478 2983 itineris
1494 2934 1713 3005 peragram,
1738 2914 1787 2984 ita
1811 2914 1851 2983 in
1874 2915 1992 2986 rebus
2013 2914 2170 2987 radeba-

260 3016 445 3111 Praeclare
485 3028 575 3103 disit
607 3024 887 3111 Cameracensis,
936 3021 1145 3097 Cavendum
1195 3015 1347 3085 ctifieare
1360 3028 1475 3107 potest
1486 3015 1656 3086 constitui
1669 3016 1834 3101 servitus,
1851 3029 1894 3087 ut
1909 3040 1999 3109 pars
2013 3017 2168 3090 frocum

155 3164 249 3221 esse,
274 3160 322 3207 ne
348 3134 454 3209 facile
476 3131 735 3224 pronunciatur
755 3127 938 3201 usurarios
960 3150 1035 3198 esse
1057 3152 1146 3198 cou-
1195 3118 1317 3188 redeat
1348 3119 1394 3187 ad
1426 3118 1594 3209 aliquem.
1653 3113 1702 3189 Εἰ
1721 3112 1830 3188 buius
1852 3118 2050 3192 servitutis
2066 3140 2168 3213 corp·

154 3255 309 3325 tractus,
347 3237 432 3332 quia
462 3233 553 3304 varii
578 3244 780 3309 contractus
800 3231 840 3301 in
861 3229 935 3301 vita
958 3230 1146 3301 necessarii
1194 3218 1365 3290 constitui
1394 3232 1544 3311 possunt
1573 3218 1694 3291 omnia
1724 3219 1819 3291 bona
1843 3219 2009 3293 alicuius
2026 3242 2168 3316 person

154 3357 262 3425 sunt,
288 3363 371 3412 cum
386 3338 459 3409 sint
475 3336 565 3405 iuris
578 3335 751 3424 gentium.
1196 3334 1257 3392 aut
1271 3321 1547 3395 communitatis.

257 3460 331 3533 Sed
357 3454 468 3530 buius
490 3452 577 3527 dicti
601 3453 692 3526 ratio
714 3451 868 3523 tenenda
887 3462 958 3535 est,
990 3412 1036 3521 ne
1059 3474 1147 3523 cou-
1297 3421 1457 3511 Qul‘hffl
1479 3422 1698 3509 delendum»
1723 3426 1819 3496 ‘13¹¹
1841 3448 2011 3517 P‘Mm
2028 3420 2167 3499 Μὴ·

31 3624 35 3631 .
155 3563 302 3635 scientia
325 3560 550 3652 relinquatur
573 3555 761 3646 ambigua,
792 3549 958 3624 videlicet
980 3552 1061 3622 ideo
1084 3577 1148 3623 va·
1195 3546 1297 3616 P0³⁸e
1326 3524 1492 3595 sedilum·
1550 3523 1659 3613 Q¹¹⁰d
1682 3528 1747 3596 0¹⁸1
1771 3528 1965 3600 whiililer
1985 3530 2166 3625 dispffl.

155 3666 230 3736 lere
264 3673 488 3743 contractus,
526 3656 611 3750 quia
640 3653 738 3725 Deus
769 3654 940 3746 approbat
971 3654 1146 3726 iudicium
1194 3640 1315 3698 ”¹⁰⁰⁰
1332 3627 1447 3745 illm}
1467 3622 1553 3711 h⁰⁰s
1578 3628 1674 3721 ‘lumi
1691 3625 1952 3747 lufifffflssffllli
1975 3628 2163 3745 Μή·

155 3764 383 3857 magistratus
397 3782 440 3833 ac
454 3759 549 3849 leges
565 3758 610 3828 cle
626 3756 793 3828 civilibus
806 3754 967 3845 negotiis.
1196 3730 1304 3801 ¹⁰b¹¹⁸
1317 3730 1609 3802 ‘minuendum
1621 3752 1696 3800 ὅδε
1709 3731 1879 3815 reddum,
1906 3748 1955 3805 ut
1969 3732 2165 3806 videlicet!

1196 3830 1315 3925 aliqua
1331 3842 1425 3900 certa
1442 3853 1563 3914 merx,
1588 3833 1693 3903 etius
1709 3833 1810 3904 sitin
1826 3833 1963 3928 aliquo
1977 3856 2126 3931 corpus.

1301 3929 1426 4026 ltaque
1444 3957 1526 4003 cum
1537 3946 1573 4003 et
1588 3928 1647 4003 hic
1662 3934 1710 4006 sit
1727 3959 1845 4021 merx,
1878 3937 2059 4011 videlieet
2074 3938 2125 4009 ias
2136 3956 2163 4005 ss

1196 4033 1324 4104 alienis
1335 4034 1443 4104 bonis
1456 4035 1676 4128 percipiendi
1690 4037 1826 4109 sructus
1839 4040 2036 4129 precium,
2058 4052 2094 4113 et
2104 4058 2164 4109 cn·

1195 4158 1338 4215 seusus,
1362 4137 1549 4227 probanda
1564 4152 1665 4210 estet
1680 4133 1766 4209 baec
1781 4141 1888 4211 tertia
1906 4144 2063 4235 species.

1297 4235 1483 4307 Praeclare
1506 4240 1626 4333 iuquit
1649 4238 1801 4324 Baldus,
1841 4236 1950 4315 hunc
1972 4254 2163 4319 cunm

1196 4337 1334 4410 licitum
1352 4362 1446 4424 esse,
1471 4340 1500 4411 si
1524 4335 1653 4412 habeat
1675 4343 1865 4437 aequitatis
1886 4342 2163 4442 oeeompenu‘

1195 4462 1277 4510 nem
1292 4453 1327 4511 et
1342 4442 1630 4533 proportionem,
1654 4467 1728 4536 cap.
1748 4448 1780 4515 1.
1798 4446 1843 4514 de
1860 4444 2114 4523 iureiurando.

153 4500 700 4684 ...sisetrudis
715 4500 1146 4697 cissa
1193 4656 1246 4714 a
1296 4540 1523 4634 ⁸
1537 4545 1672 4718 {aaliz
1685 4544 2164 4733 secessas-5¹¹:

153 4710 289 4784 Vffidll·
608 4819 619 4842 ο
724 4820 762 4840 ..
1105 4826 1115 4844 ·
1194 4759 1234 4815 ut
1261 4746 1419 4837 pericula
1448 4749 1582 4839 pariter
1609 4766 1908 4841 compensentur,
1949 4758 2120 4831 videlieet
2133 4770 2162 4823 Ι

253 4822 348 4900 Cum
369 4838 488 4899 autem
510 4834 644 4915 emptio
665 4820 846 4911 legitimus
864 4835 1067 4896 contractus
1085 4839 1145 4911 sar,
1193 4868 1320 4918 ,mm
1334 4847 1512 4938 exigam,
1536 4849 1568 4921 ,p
1581 4851 1689 4943 9025st
1704 4876 1849 4946 corpu,

152 4928 333 5025 seq-itur.
356 4922 505 5001 ebone
519 4936 742 5042 musiacum
763 4921 964 5042 segisamam
985 4947 1076 5009 esses
1103 4928 1143 4996 in
1293 4943 1342 5019 Es
1359 4962 1476 5020 umen
1492 4952 1532 5021 sn
1545 4946 1604 5021 his
1618 4954 1759 5025 casibus
1774 4980 1923 5051 quoque
1946 4974 1994 5033 us
2016 4962 2059 5033 ia
2079 4948 2162 5033 d

152 5055 227 5127 ,aa
259 5027 526 5150 ineassum
552 5028 825 5118 ademrtwms·
889 5022 932 5097 δι
952 5038 1073 5099 emen
1095 5030 1144 5101 sit
1192 5049 1527 5124 saranescum
1556 5054 1634 5124 aas
1665 5056 1788 5143 assa,
1827 5061 2005 5134 meacm
2026 5054 2159 5137 sues

151 5156 238 5205 vera
255 5146 404 5225 emptio.
1191 5143 1318 5223 πλάτει
1334 5154 1439 5229 sumi.

255 5246 305 5323 lit
320 5250 364 5333 is,
388 5245 454 5341 qui
468 5243 567 5329 emit,
590 5242 793 5315 dominium
807 5247 1050 5341 consequitur,
1075 5251 1142 5320 etsi
1292 5255 1338 5324 lu
1353 5277 1512 5335 summa,
1537 5279 1619 5328 rum
1635 5253 1676 5328 bi
1693 5273 1901 5333 contractus
1916 5264 1996 5356 legi
2011 5266 2156 5341 iustiti

153 5349 312 5423 abesam
339 5372 418 5420 uon
443 5358 581 5440 potest,
611 5345 696 5439 quia
719 5360 864 5440 pactum
888 5349 934 5419 de
954 5372 1032 5421 non
1053 5350 1143 5422 alie·
1164 5402 1169 5425 2
1191 5367 1226 5426 et
1248 5351 1447 5429 Christiani
1475 5371 1554 5430 tuto
1582 5359 1722 5453 legibus
1750 5376 1787 5435 et
1817 5365 1992 5456 politicis
2010 5358 2154 5445 reb-d
2189 5369 2212 5425 Ι

258 3880 493 3972 Magistratus
524 3888 646 3950 autem
675 3898 752 3947 non
774 3886 915 3949 tantum
938 3897 1049 3945 unam
1071 3876 1147 3946 lor·

154 4008 250 4059 mam
267 3994 470 4055 contractus
486 3978 527 4051 in
546 3977 681 4073 specie,
717 3990 779 4048 aut
800 3976 958 4047 medium
981 3976 1147 4048 indivisi-

154 4088 231 4159 bile
257 4084 454 4158 constituit.
519 4078 592 4155 Sed
621 4079 731 4151 sumit
760 4078 920 4150 medium
950 4076 992 4150 ἐν
1017 4071 1147 4155 sasaim

155 4189 252 4261 iuxta
268 4183 473 4281 probabiles
491 4183 666 4269 rationes,
690 4180 788 4276 quod
808 4180 855 4251 ad
879 4202 1001 4272 pacem
1026 4193 1062 4252 et
1084 4205 1146 4253 so·

155 4290 317 4361 rietatem
345 4284 534 4359 bominum
565 4284 729 4381 quadrat.
795 4280 934 4352 Vemm
965 4295 1019 4354 est
1047 4283 1145 4353 enim

155 4388 267 4476 illud,
290 4410 470 4461 summum
484 4386 560 4473 ius,
584 4408 721 4457 summa
736 4382 881 4458 iniuria.
