<?xml version="1.0" encoding="UTF-8"?>
<!DOCTYPE html PUBLIC "-//W3C//DTD XHTML 1.0 Transitional//EN"
    "http://www.w3.org/TR/xhtml1/DTD/xhtml1-transitional.dtd">
<html xmlns="http://www.w3.org/1999/xhtml" xml:lang="en" lang="en">
 <head>
  <title>
</title>
<meta http-equiv="Content-Type" content="text/html;charset=utf-8" />
  <meta name='ocr-system' content='tesseract 3.04.00' />
  <meta name='ocr-capabilities' content='ocr_page ocr_carea ocr_par ocr_line ocrx_word'/>
</head>
<body>
  <div class='ocr_page' id='page_1' title='image "./corpusreformato00bretgoog_0129.png"; bbox 0 0 4680 6038; ppageno 0'>
   <div class='ocr_carea' id='block_1_1' title="bbox 153 187 2184 289">
    <p class='ocr_par' dir='ltr' id='par_1_1' title="bbox 153 187 2184 289">
     <span class='ocr_line' id='line_1_1' title="bbox 153 187 2184 289; baseline -0.021 0"><span class='ocrx_word' id='word_1_1' title='bbox 153 211 231 289; x_wconf 71' lang='lat'>235</span> <span class='ocrx_word' id='word_1_2' title='bbox 649 198 814 278; x_wconf 86' lang='lat' dir='ltr'>DECL.</span> <span class='ocrx_word' id='word_1_3' title='bbox 835 194 912 276; x_wconf 84' lang='lat' dir='ltr'>DE</span> <span class='ocrx_word' id='word_1_4' title='bbox 942 190 1220 273; x_wconf 82' lang='lat' dir='ltr'>ERNESTO</span> <span class='ocrx_word' id='word_1_5' title='bbox 1252 187 1408 267; x_wconf 89' lang='lat' dir='ltr'>DUCE</span> <span class='ocrx_word' id='word_1_6' title='bbox 1437 191 1685 275; x_wconf 84' lang='lat' dir='ltr'><strong>BRUNSV.</strong></span> <span class='ocrx_word' id='word_1_7' title='bbox 2097 204 2184 283; x_wconf 58' lang='lat' dir='ltr'>,gg-</span> 
     </span>
    </p>
   </div>
   <div class='ocr_carea' id='block_1_2' title="bbox 151 365 2177 779">
    <p class='ocr_par' dir='ltr' id='par_1_2' title="bbox 151 365 2177 779">
     <span class='ocr_line' id='line_1_2' title="bbox 152 365 2175 475; baseline -0.002 -20"><span class='ocrx_word' id='word_1_8' title='bbox 152 381 291 475; x_wconf 85' lang='lat' dir='ltr'>magnis</span> <span class='ocrx_word' id='word_1_9' title='bbox 304 377 473 475; x_wconf 87' lang='lat' dir='ltr'>periculis</span> <span class='ocrx_word' id='word_1_10' title='bbox 488 376 613 464; x_wconf 88' lang='lat' dir='ltr'>fuisse,</span> <span class='ocrx_word' id='word_1_11' title='bbox 637 390 671 449; x_wconf 88' lang='lat' dir='ltr'>et</span> <span class='ocrx_word' id='word_1_12' title='bbox 687 372 959 449; x_wconf 72' lang='lat' dir='ltr'>deliberationes</span> <span class='ocrx_word' id='word_1_13' title='bbox 972 368 1139 442; x_wconf 90' lang='lat' dir='ltr'>incidisse</span> <span class='ocrx_word' id='word_1_14' title='bbox 1189 365 1335 460; x_wconf 90' lang='lat' dir='ltr'>quinto,</span> <span class='ocrx_word' id='word_1_15' title='bbox 1359 388 1431 459; x_wconf 75' lang='lat' dir='ltr'>quo</span> <span class='ocrx_word' id='word_1_16' title='bbox 1452 377 1613 459; x_wconf 84' lang='lat' dir='ltr'>tempore</span> <span class='ocrx_word' id='word_1_17' title='bbox 1634 381 1670 443; x_wconf 90' lang='lat' dir='ltr'>et</span> <span class='ocrx_word' id='word_1_18' title='bbox 1692 369 1732 439; x_wconf 91' lang='lat' dir='ltr'>in</span> <span class='ocrx_word' id='word_1_19' title='bbox 1746 368 1924 465; x_wconf 82' lang='lat' dir='ltr'>Turiugia</span> <span class='ocrx_word' id='word_1_20' title='bbox 1943 386 1980 447; x_wconf 89' lang='lat' dir='ltr'>et</span> <span class='ocrx_word' id='word_1_21' title='bbox 2000 370 2042 445; x_wconf 86' lang='lat' dir='ltr'>iu</span> <span class='ocrx_word' id='word_1_22' title='bbox 2058 375 2175 451; x_wconf 80' lang='lat' dir='ltr'>vicina</span> 
     </span>
     <span class='ocr_line' id='line_1_3' title="bbox 152 448 2177 572; baseline -0.002 -16"><span class='ocrx_word' id='word_1_23' title='bbox 152 490 198 556; x_wconf 86' lang='lat' dir='ltr'>‹le</span> <span class='ocrx_word' id='word_1_24' title='bbox 222 488 328 555; x_wconf 87' lang='lat' dir='ltr'>rebus</span> <span class='ocrx_word' id='word_1_25' title='bbox 348 480 533 566; x_wconf 82' lang='lat' dir='ltr'>maximis,</span> <span class='ocrx_word' id='word_1_26' title='bbox 565 481 604 551; x_wconf 94' lang='lat' dir='ltr'>in</span> <span class='ocrx_word' id='word_1_27' title='bbox 627 479 756 572; x_wconf 89' lang='lat' dir='ltr'>quibus</span> <span class='ocrx_word' id='word_1_28' title='bbox 778 500 859 548; x_wconf 88' lang='lat' dir='ltr'>curn</span> <span class='ocrx_word' id='word_1_29' title='bbox 881 473 1030 546; x_wconf 88' lang='lat' dir='ltr'>consilio</span> <span class='ocrx_word' id='word_1_30' title='bbox 1055 469 1138 543; x_wconf 87' lang='lat' dir='ltr'>Dux</span> <span class='ocrx_word' id='word_1_31' title='bbox 1190 466 1360 539; x_wconf 83' lang='lat' dir='ltr'>Franciae</span> <span class='ocrx_word' id='word_1_32' title='bbox 1374 488 1437 539; x_wconf 88' lang='lat' dir='ltr'>ora</span> <span class='ocrx_word' id='word_1_33' title='bbox 1450 468 1609 561; x_wconf 90' lang='lat' dir='ltr'>primurn</span> <span class='ocrx_word' id='word_1_34' title='bbox 1619 448 1803 564; x_wconf 78' lang='lat' dir='ltr'>iepressus</span> <span class='ocrx_word' id='word_1_35' title='bbox 1819 477 2177 551; x_wconf 87' lang='lat' dir='ltr'>estfurorfanatico-</span> 
     </span>
     <span class='ocr_line' id='line_1_4' title="bbox 152 570 2177 674; baseline -0.003 -16"><span class='ocrx_word' id='word_1_36' title='bbox 152 585 325 658; x_wconf 80' lang='lat' dir='ltr'>Ernestus</span> <span class='ocrx_word' id='word_1_37' title='bbox 355 583 557 666; x_wconf 84' lang='lat' dir='ltr'>excelleret,</span> <span class='ocrx_word' id='word_1_38' title='bbox 596 580 775 651; x_wconf 90' lang='lat' dir='ltr'>neminem</span> <span class='ocrx_word' id='word_1_39' title='bbox 806 576 972 649; x_wconf 75' lang='lat' dir='ltr'>audiebat</span> <span class='ocrx_word' id='word_1_40' title='bbox 992 572 1138 647; x_wconf 79' lang='lat' dir='ltr'>Elector</span> <span class='ocrx_word' id='word_1_41' title='bbox 1189 593 1270 641; x_wconf 89' lang='lat' dir='ltr'>rum</span> <span class='ocrx_word' id='word_1_42' title='bbox 1285 570 1471 641; x_wconf 90' lang='lat' dir='ltr'>doctorum</span> <span class='ocrx_word' id='word_1_43' title='bbox 1486 585 1523 655; x_wconf 86' lang='lat' dir='ltr'>et</span> <span class='ocrx_word' id='word_1_44' title='bbox 1533 571 1718 644; x_wconf 90' lang='lat' dir='ltr'>seditiosae</span> <span class='ocrx_word' id='word_1_45' title='bbox 1735 575 2177 674; x_wconf 79' lang='lat' dir='ltr'>multitudinis,·qmeiu·</span> 
     </span>
     <span class='ocr_line' id='line_1_5' title="bbox 151 666 2177 779; baseline -0.002 -20"><span class='ocrx_word' id='word_1_46' title='bbox 151 689 377 770; x_wconf 80' lang='lat' dir='ltr'>familiarius,</span> <span class='ocrx_word' id='word_1_47' title='bbox 402 707 508 779; x_wconf 85' lang='lat' dir='ltr'>quarn</span> <span class='ocrx_word' id='word_1_48' title='bbox 522 684 649 774; x_wconf 91' lang='lat' dir='ltr'>ipsum.</span> <span class='ocrx_word' id='word_1_49' title='bbox 699 677 753 750; x_wconf 85' lang='lat' dir='ltr'>Ex</span> <span class='ocrx_word' id='word_1_50' title='bbox 770 704 811 750; x_wconf 90' lang='lat' dir='ltr'>eo</span> <span class='ocrx_word' id='word_1_51' title='bbox 826 692 1003 751; x_wconf 89' lang='lat' dir='ltr'>conventu</span> <span class='ocrx_word' id='word_1_52' title='bbox 1019 699 1136 747; x_wconf 88' lang='lat' dir='ltr'>secum</span> <span class='ocrx_word' id='word_1_53' title='bbox 1190 671 1295 743; x_wconf 88' lang='lat' dir='ltr'>citata</span> <span class='ocrx_word' id='word_1_54' title='bbox 1311 672 1460 742; x_wconf 88' lang='lat' dir='ltr'>fuerata</span> <span class='ocrx_word' id='word_1_55' title='bbox 1476 670 1680 746; x_wconf 89' lang='lat' dir='ltr'>Monetario</span> <span class='ocrx_word' id='word_1_56' title='bbox 1696 688 1731 747; x_wconf 89' lang='lat' dir='ltr'>et</span> <span class='ocrx_word' id='word_1_57' title='bbox 1744 679 1921 752; x_wconf 89' lang='lat' dir='ltr'>similibus</span> <span class='ocrx_word' id='word_1_58' title='bbox 1935 683 1981 752; x_wconf 93' lang='lat' dir='ltr'>ad</span> <span class='ocrx_word' id='word_1_59' title='bbox 1989 666 2106 753; x_wconf 76' lang='lat' dir='ltr'>&#39;arm</span> <span class='ocrx_word' id='word_1_60' title='bbox 2119 704 2177 755; x_wconf 83' lang='lat' dir='ltr'>ca·</span> 
     </span>
    </p>
   </div>
   <div class='ocr_carea' id='block_1_3' title="bbox 51 768 2180 5365">
    <p class='ocr_par' dir='ltr' id='par_1_3' title="bbox 51 768 2180 5365">
     <span class='ocr_line' id='line_1_6' title="bbox 153 768 2177 880; baseline -0.002 -19"><span class='ocrx_word' id='word_1_61' title='bbox 153 790 304 861; x_wconf 77' lang='lat' dir='ltr'>abduxit</span> <span class='ocrx_word' id='word_1_62' title='bbox 325 787 363 856; x_wconf 93' lang='lat' dir='ltr'>in</span> <span class='ocrx_word' id='word_1_63' title='bbox 380 786 529 880; x_wconf 86' lang='lat' dir='ltr'>patriam</span> <span class='ocrx_word' id='word_1_64' title='bbox 548 781 731 856; x_wconf 87' lang='lat' dir='ltr'>Urbanum</span> <span class='ocrx_word' id='word_1_65' title='bbox 750 779 904 872; x_wconf 84' lang='lat' dir='ltr'>Regium</span> <span class='ocrx_word' id='word_1_66' title='bbox 919 775 1137 869; x_wconf 77' lang='lat' dir='ltr'>Theologiae</span> <span class='ocrx_word' id='word_1_67' title='bbox 1189 774 1331 865; x_wconf 78' lang='lat' dir='ltr'>pianda.</span> <span class='ocrx_word' id='word_1_68' title='bbox 1384 771 1428 843; x_wconf 93' lang='lat' dir='ltr'>ln</span> <span class='ocrx_word' id='word_1_69' title='bbox 1448 768 1517 844; x_wconf 93' lang='lat' dir='ltr'>hoc</span> <span class='ocrx_word' id='word_1_70' title='bbox 1535 787 1635 847; x_wconf 94' lang='lat' dir='ltr'>tanto</span> <span class='ocrx_word' id='word_1_71' title='bbox 1667 779 1826 870; x_wconf 90' lang='lat' dir='ltr'>periculo</span> <span class='ocrx_word' id='word_1_72' title='bbox 1849 779 2068 855; x_wconf 85' lang='lat' dir='ltr'>Germaniae</span> <span class='ocrx_word' id='word_1_73' title='bbox 2095 806 2177 857; x_wconf 75' lang='lat' dir='ltr'>cn</span> 
     </span>
     <span class='ocr_line' id='line_1_7' title="bbox 153 871 2177 974; baseline -0.001 -13"><span class='ocrx_word' id='word_1_74' title='bbox 153 895 355 971; x_wconf 87' lang='lat' dir='ltr'>doctorem,</span> <span class='ocrx_word' id='word_1_75' title='bbox 381 888 480 959; x_wconf 87' lang='lat' dir='ltr'>cuius</span> <span class='ocrx_word' id='word_1_76' title='bbox 499 898 617 956; x_wconf 83' lang='lat' dir='ltr'>extant</span> <span class='ocrx_word' id='word_1_77' title='bbox 638 885 752 958; x_wconf 89' lang='lat' dir='ltr'>multa</span> <span class='ocrx_word' id='word_1_78' title='bbox 773 894 1023 965; x_wconf 89' lang='lat' dir='ltr'>monumenta,</span> <span class='ocrx_word' id='word_1_79' title='bbox 1046 901 1138 974; x_wconf 90' lang='lat' dir='ltr'>quae</span> <span class='ocrx_word' id='word_1_80' title='bbox 1190 873 1365 946; x_wconf 78' lang='lat' dir='ltr'>Senoniae</span> <span class='ocrx_word' id='word_1_81' title='bbox 1376 871 1493 946; x_wconf 84' lang='lat' dir='ltr'>Duces</span> <span class='ocrx_word' id='word_1_82' title='bbox 1509 877 1615 969; x_wconf 89' lang='lat' dir='ltr'>primi</span> <span class='ocrx_word' id='word_1_83' title='bbox 1630 882 1875 973; x_wconf 71' lang='lat' dir='ltr'>repressissent</span> <span class='ocrx_word' id='word_1_84' title='bbox 1889 884 2070 957; x_wconf 64' lang='lat' dir='ltr'>nantem</span> <span class='ocrx_word' id='word_1_85' title='bbox 2083 886 2177 959; x_wconf 76' lang='lat' dir='ltr'>nul·</span> 
     </span>
     <span class='ocr_line' id='line_1_8' title="bbox 154 976 2177 1077; baseline -0.002 -14"><span class='ocrx_word' id='word_1_86' title='bbox 154 994 347 1063; x_wconf 88' lang='lat' dir='ltr'>ostendunt</span> <span class='ocrx_word' id='word_1_87' title='bbox 371 990 446 1060; x_wconf 89' lang='lat' dir='ltr'>eins</span> <span class='ocrx_word' id='word_1_88' title='bbox 468 987 707 1059; x_wconf 89' lang='lat' dir='ltr'>eruditionem</span> <span class='ocrx_word' id='word_1_89' title='bbox 736 1000 771 1057; x_wconf 88' lang='lat' dir='ltr'>et</span> <span class='ocrx_word' id='word_1_90' title='bbox 802 984 981 1077; x_wconf 89' lang='lat' dir='ltr'>pietatem.</span> <span class='ocrx_word' id='word_1_91' title='bbox 1030 979 1138 1052; x_wconf 88' lang='lat' dir='ltr'>Hunc</span> <span class='ocrx_word' id='word_1_92' title='bbox 1189 976 1400 1059; x_wconf 69' lang='lat' dir='ltr'>titudinem,</span> <span class='ocrx_word' id='word_1_93' title='bbox 1424 978 1663 1070; x_wconf 62' lang='lat' dir='ltr'>perterrefacti</span> <span class='ocrx_word' id='word_1_94' title='bbox 1680 984 1809 1055; x_wconf 81' lang='lat' dir='ltr'>caeteri</span> <span class='ocrx_word' id='word_1_95' title='bbox 1828 986 1866 1054; x_wconf 86' lang='lat' dir='ltr'>in</span> <span class='ocrx_word' id='word_1_96' title='bbox 1888 986 1969 1058; x_wconf 87' lang='lat' dir='ltr'>aliis</span> <span class='ocrx_word' id='word_1_97' title='bbox 1987 985 2077 1059; x_wconf 87' lang='lat' dir='ltr'>locis</span> <span class='ocrx_word' id='word_1_98' title='bbox 2092 986 2177 1060; x_wconf 73' lang='lat' dir='ltr'>fad-</span> 
     </span>
     <span class='ocr_line' id='line_1_9' title="bbox 155 1078 2176 1184; baseline -0.002 -23"><span class='ocrx_word' id='word_1_99' title='bbox 155 1109 195 1166; x_wconf 90' lang='lat' dir='ltr'>nt</span> <span class='ocrx_word' id='word_1_100' title='bbox 223 1106 357 1184; x_wconf 88' lang='lat' dir='ltr'>patrem</span> <span class='ocrx_word' id='word_1_101' title='bbox 389 1089 529 1175; x_wconf 77' lang='lat' dir='ltr'>dilexit,</span> <span class='ocrx_word' id='word_1_102' title='bbox 567 1102 604 1161; x_wconf 91' lang='lat' dir='ltr'>et</span> <span class='ocrx_word' id='word_1_103' title='bbox 641 1089 874 1179; x_wconf 78' lang='lat' dir='ltr'>inspectorem</span> <span class='ocrx_word' id='word_1_104' title='bbox 895 1081 1139 1156; x_wconf 83' lang='lat' dir='ltr'>Ecclesiamm</span> <span class='ocrx_word' id='word_1_105' title='bbox 1173 1079 1261 1159; x_wconf 85' lang='lat' dir='ltr'>,lius</span> <span class='ocrx_word' id='word_1_106' title='bbox 1292 1078 1456 1170; x_wconf 86' lang='lat' dir='ltr'>dissipati</span> <span class='ocrx_word' id='word_1_107' title='bbox 1489 1093 1584 1157; x_wconf 76' lang='lat' dir='ltr'>scint.</span> <span class='ocrx_word' id='word_1_108' title='bbox 1641 1082 1835 1176; x_wconf 79' lang='lat' dir='ltr'>Praecipue</span> <span class='ocrx_word' id='word_1_109' title='bbox 1864 1100 1984 1159; x_wconf 88' lang='lat' dir='ltr'>autem</span> <span class='ocrx_word' id='word_1_110' title='bbox 2016 1088 2176 1163; x_wconf 80' lang='lat' dir='ltr'>consiliis</span> 
     </span>
     <span class='ocr_line' id='line_1_10' title="bbox 158 1177 2175 1289; baseline -0.001 -24"><span class='ocrx_word' id='word_1_111' title='bbox 158 1218 232 1265; x_wconf 87' lang='lat' dir='ltr'>esse</span> <span class='ocrx_word' id='word_1_112' title='bbox 247 1193 366 1278; x_wconf 88' lang='lat' dir='ltr'>iussit,</span> <span class='ocrx_word' id='word_1_113' title='bbox 392 1205 523 1263; x_wconf 90' lang='lat' dir='ltr'>etcum</span> <span class='ocrx_word' id='word_1_114' title='bbox 540 1214 581 1260; x_wconf 91' lang='lat' dir='ltr'>eo</span> <span class='ocrx_word' id='word_1_115' title='bbox 598 1191 826 1267; x_wconf 88' lang='lat' dir='ltr'>deomnihus</span> <span class='ocrx_word' id='word_1_116' title='bbox 847 1187 1008 1259; x_wconf 91' lang='lat' dir='ltr'>doctrina</span> <span class='ocrx_word' id='word_1_117' title='bbox 1022 1183 1139 1279; x_wconf 88' lang='lat' dir='ltr'>parti·</span> <span class='ocrx_word' id='word_1_118' title='bbox 1191 1179 1334 1251; x_wconf 79' lang='lat' dir='ltr'>Ascanii</span> <span class='ocrx_word' id='word_1_119' title='bbox 1353 1177 1489 1253; x_wconf 88' lang='lat' dir='ltr'>Cramii</span> <span class='ocrx_word' id='word_1_120' title='bbox 1519 1196 1605 1254; x_wconf 90' lang='lat' dir='ltr'>tuuc</span> <span class='ocrx_word' id='word_1_121' title='bbox 1625 1181 1708 1256; x_wconf 88' lang='lat' dir='ltr'>Dus</span> <span class='ocrx_word' id='word_1_122' title='bbox 1729 1184 1875 1263; x_wconf 83' lang='lat' dir='ltr'>Elector</span> <span class='ocrx_word' id='word_1_123' title='bbox 1902 1210 1988 1262; x_wconf 87' lang='lat' dir='ltr'>usus</span> <span class='ocrx_word' id='word_1_124' title='bbox 2015 1204 2092 1275; x_wconf 82' lang='lat' dir='ltr'>est,</span> <span class='ocrx_word' id='word_1_125' title='bbox 2114 1191 2175 1289; x_wconf 85' lang='lat' dir='ltr'>qui</span> 
     </span>
     <span class='ocr_line' id='line_1_11' title="bbox 152 1282 2176 1388; baseline -0 -22"><span class='ocrx_word' id='word_1_126' title='bbox 152 1299 222 1366; x_wconf 87' lang='lat' dir='ltr'>bus</span> <span class='ocrx_word' id='word_1_127' title='bbox 248 1309 281 1366; x_wconf 92' lang='lat' dir='ltr'>et</span> <span class='ocrx_word' id='word_1_128' title='bbox 301 1296 345 1364; x_wconf 91' lang='lat' dir='ltr'>de</span> <span class='ocrx_word' id='word_1_129' title='bbox 361 1288 598 1364; x_wconf 87' lang='lat' dir='ltr'>Ecclesiarum</span> <span class='ocrx_word' id='word_1_130' title='bbox 615 1314 788 1363; x_wconf 86' lang='lat' dir='ltr'>consensu</span> <span class='ocrx_word' id='word_1_131' title='bbox 802 1304 838 1362; x_wconf 92' lang='lat' dir='ltr'>et</span> <span class='ocrx_word' id='word_1_132' title='bbox 855 1289 967 1361; x_wconf 90' lang='lat' dir='ltr'>salute</span> <span class='ocrx_word' id='word_1_133' title='bbox 982 1286 1139 1359; x_wconf 87' lang='lat' dir='ltr'>familia·</span> <span class='ocrx_word' id='word_1_134' title='bbox 1190 1295 1310 1352; x_wconf 88' lang='lat' dir='ltr'>tamen</span> <span class='ocrx_word' id='word_1_135' title='bbox 1325 1297 1404 1375; x_wconf 93' lang='lat' dir='ltr'>post</span> <span class='ocrx_word' id='word_1_136' title='bbox 1418 1282 1603 1356; x_wconf 86' lang='lat' dir='ltr'>victoriam</span> <span class='ocrx_word' id='word_1_137' title='bbox 1619 1301 1723 1359; x_wconf 89' lang='lat' dir='ltr'>autor</span> <span class='ocrx_word' id='word_1_138' title='bbox 1736 1291 1816 1380; x_wconf 92' lang='lat' dir='ltr'>fuit,</span> <span class='ocrx_word' id='word_1_139' title='bbox 1834 1306 1873 1365; x_wconf 91' lang='lat' dir='ltr'>ut</span> <span class='ocrx_word' id='word_1_140' title='bbox 1886 1292 2083 1365; x_wconf 86' lang='lat' dir='ltr'>clementer</span> <span class='ocrx_word' id='word_1_141' title='bbox 2094 1316 2176 1388; x_wconf 70' lang='lat' dir='ltr'>pm·</span> 
     </span>
     <span class='ocr_line' id='line_1_12' title="bbox 156 1387 2175 1489; baseline 0 -21"><span class='ocrx_word' id='word_1_142' title='bbox 156 1398 294 1469; x_wconf 80' lang='lat' dir='ltr'>tissime</span> <span class='ocrx_word' id='word_1_143' title='bbox 316 1393 476 1489; x_wconf 87' lang='lat' dir='ltr'>colloqui</span> <span class='ocrx_word' id='word_1_144' title='bbox 500 1394 625 1466; x_wconf 92' lang='lat' dir='ltr'>solitus</span> <span class='ocrx_word' id='word_1_145' title='bbox 646 1407 708 1465; x_wconf 90' lang='lat' dir='ltr'>est.</span> <span class='ocrx_word' id='word_1_146' title='bbox 757 1389 864 1465; x_wconf 79' lang='lat' dir='ltr'>Extat</span> <span class='ocrx_word' id='word_1_147' title='bbox 881 1392 973 1461; x_wconf 90' lang='lat' dir='ltr'>liber</span> <span class='ocrx_word' id='word_1_148' title='bbox 988 1388 1140 1475; x_wconf 79' lang='lat' dir='ltr'>Urbani,</span> <span class='ocrx_word' id='word_1_149' title='bbox 1190 1396 1329 1455; x_wconf 87' lang='lat' dir='ltr'>ceretnr</span> <span class='ocrx_word' id='word_1_150' title='bbox 1350 1408 1469 1456; x_wconf 90' lang='lat' dir='ltr'>errore</span> <span class='ocrx_word' id='word_1_151' title='bbox 1489 1387 1608 1480; x_wconf 90' lang='lat' dir='ltr'>lapsis.</span> <span class='ocrx_word' id='word_1_152' title='bbox 1659 1388 1784 1464; x_wconf 82' lang='lat' dir='ltr'>Postea</span> <span class='ocrx_word' id='word_1_153' title='bbox 1807 1395 1913 1467; x_wconf 86' lang='lat' dir='ltr'>etiarn</span> <span class='ocrx_word' id='word_1_154' title='bbox 1928 1394 2175 1469; x_wconf 82' lang='lat' dir='ltr'>adiuvitoous·</span> 
     </span>
     <span class='ocr_line' id='line_1_13' title="bbox 155 1487 2174 1592; baseline 0 -23"><span class='ocrx_word' id='word_1_155' title='bbox 155 1502 197 1569; x_wconf 91' lang='lat' dir='ltr'>in</span> <span class='ocrx_word' id='word_1_156' title='bbox 214 1523 285 1592; x_wconf 87' lang='lat' dir='ltr'>qno</span> <span class='ocrx_word' id='word_1_157' title='bbox 299 1509 487 1568; x_wconf 74' lang='lat' dir='ltr'>annotatae</span> <span class='ocrx_word' id='word_1_158' title='bbox 502 1511 586 1568; x_wconf 92' lang='lat' dir='ltr'>sunt</span> <span class='ocrx_word' id='word_1_159' title='bbox 603 1492 820 1566; x_wconf 86' lang='lat' dir='ltr'>horridiores</span> <span class='ocrx_word' id='word_1_160' title='bbox 840 1495 974 1566; x_wconf 88' lang='lat' dir='ltr'>formae</span> <span class='ocrx_word' id='word_1_161' title='bbox 988 1493 1141 1587; x_wconf 91' lang='lat' dir='ltr'>loqueu-</span> <span class='ocrx_word' id='word_1_162' title='bbox 1190 1509 1335 1556; x_wconf 88' lang='lat' dir='ltr'>munem</span> <span class='ocrx_word' id='word_1_163' title='bbox 1370 1487 1464 1578; x_wconf 86' lang='lat' dir='ltr'>pacis</span> <span class='ocrx_word' id='word_1_164' title='bbox 1489 1490 1731 1565; x_wconf 79' lang='lat' dir='ltr'>defensionem</span> <span class='ocrx_word' id='word_1_165' title='bbox 1763 1509 1886 1568; x_wconf 89' lang='lat' dir='ltr'>contra</span> <span class='ocrx_word' id='word_1_166' title='bbox 1916 1496 2110 1571; x_wconf 85' lang='lat' dir='ltr'>seditiosos</span> <span class='ocrx_word' id='word_1_167' title='bbox 2136 1496 2174 1569; x_wconf 83' lang='lat' dir='ltr'>ia</span> 
     </span>
     <span class='ocr_line' id='line_1_14' title="bbox 154 1585 2174 1690; baseline 0 -20"><span class='ocrx_word' id='word_1_168' title='bbox 154 1601 214 1684; x_wconf 91' lang='lat' dir='ltr'>di,</span> <span class='ocrx_word' id='word_1_169' title='bbox 241 1612 275 1670; x_wconf 91' lang='lat' dir='ltr'>et</span> <span class='ocrx_word' id='word_1_170' title='bbox 296 1610 541 1668; x_wconf 87' lang='lat' dir='ltr'>monstrantur</span> <span class='ocrx_word' id='word_1_171' title='bbox 562 1598 725 1689; x_wconf 89' lang='lat' dir='ltr'>propriae</span> <span class='ocrx_word' id='word_1_172' title='bbox 747 1612 781 1669; x_wconf 91' lang='lat' dir='ltr'>et</span> <span class='ocrx_word' id='word_1_173' title='bbox 809 1595 1005 1667; x_wconf 85' lang='lat' dir='ltr'>concinnae</span> <span class='ocrx_word' id='word_1_174' title='bbox 1034 1594 1140 1664; x_wconf 88' lang='lat' dir='ltr'>utiles</span> <span class='ocrx_word' id='word_1_175' title='bbox 1191 1588 1280 1658; x_wconf 90' lang='lat' dir='ltr'>urbe</span> <span class='ocrx_word' id='word_1_176' title='bbox 1296 1585 1582 1665; x_wconf 88' lang='lat' dir='ltr'>Monasteriensi.</span> <span class='ocrx_word' id='word_1_177' title='bbox 1632 1588 1698 1668; x_wconf 92' lang='lat' dir='ltr'>Est</span> <span class='ocrx_word' id='word_1_178' title='bbox 1714 1610 1831 1668; x_wconf 87' lang='lat' dir='ltr'>autern</span> <span class='ocrx_word' id='word_1_179' title='bbox 1848 1599 1962 1669; x_wconf 86' lang='lat' dir='ltr'>virtus</span> <span class='ocrx_word' id='word_1_180' title='bbox 1984 1594 2174 1690; x_wconf 79' lang='lat' dir='ltr'>grstaDeo</span> 
     </span>
     <span class='ocr_line' id='line_1_15' title="bbox 154 1691 2175 1795; baseline 0.001 -25"><span class='ocrx_word' id='word_1_181' title='bbox 154 1701 280 1795; x_wconf 89' lang='lat' dir='ltr'>pietati</span> <span class='ocrx_word' id='word_1_182' title='bbox 308 1713 341 1770; x_wconf 91' lang='lat' dir='ltr'>et</span> <span class='ocrx_word' id='word_1_183' title='bbox 363 1699 587 1774; x_wconf 88' lang='lat' dir='ltr'>concordiae.</span> <span class='ocrx_word' id='word_1_184' title='bbox 647 1697 722 1770; x_wconf 89' lang='lat' dir='ltr'>Has</span> <span class='ocrx_word' id='word_1_185' title='bbox 752 1697 1013 1769; x_wconf 89' lang='lat' dir='ltr'>admonitiones</span> <span class='ocrx_word' id='word_1_186' title='bbox 1032 1695 1141 1767; x_wconf 88' lang='lat' dir='ltr'>scribi</span> <span class='ocrx_word' id='word_1_187' title='bbox 1191 1702 1227 1764; x_wconf 89' lang='lat' dir='ltr'>et</span> <span class='ocrx_word' id='word_1_188' title='bbox 1242 1713 1324 1759; x_wconf 92' lang='lat' dir='ltr'>vere</span> <span class='ocrx_word' id='word_1_189' title='bbox 1337 1691 1443 1781; x_wconf 85' lang='lat' dir='ltr'>digna</span> <span class='ocrx_word' id='word_1_190' title='bbox 1459 1693 1554 1765; x_wconf 93' lang='lat' dir='ltr'>bono</span> <span class='ocrx_word' id='word_1_191' title='bbox 1563 1692 1738 1791; x_wconf 90' lang='lat' dir='ltr'>Principe,</span> <span class='ocrx_word' id='word_1_192' title='bbox 1751 1699 1876 1772; x_wconf 91' lang='lat' dir='ltr'>iustam</span> <span class='ocrx_word' id='word_1_193' title='bbox 1893 1713 1929 1770; x_wconf 93' lang='lat' dir='ltr'>et</span> <span class='ocrx_word' id='word_1_194' title='bbox 1943 1701 2175 1774; x_wconf 80' lang='lat' dir='ltr'>neeessariam</span> 
     </span>
     <span class='ocr_line' id='line_1_16' title="bbox 157 1792 2176 1895; baseline -0.001 -19"><span class='ocrx_word' id='word_1_195' title='bbox 157 1796 327 1893; x_wconf 83' lang='lat' dir='ltr'>Princeps</span> <span class='ocrx_word' id='word_1_196' title='bbox 343 1801 475 1889; x_wconf 91' lang='lat' dir='ltr'>voluit,</span> <span class='ocrx_word' id='word_1_197' title='bbox 500 1825 570 1895; x_wconf 93' lang='lat' dir='ltr'>qua</span> <span class='ocrx_word' id='word_1_198' title='bbox 590 1801 629 1870; x_wconf 92' lang='lat' dir='ltr'>in</span> <span class='ocrx_word' id='word_1_199' title='bbox 646 1824 686 1871; x_wconf 87' lang='lat' dir='ltr'>re</span> <span class='ocrx_word' id='word_1_200' title='bbox 700 1801 911 1892; x_wconf 84' lang='lat' dir='ltr'>sapientiam</span> <span class='ocrx_word' id='word_1_201' title='bbox 924 1799 999 1869; x_wconf 90' lang='lat' dir='ltr'>eius</span> <span class='ocrx_word' id='word_1_202' title='bbox 1014 1811 1048 1868; x_wconf 91' lang='lat' dir='ltr'>et</span> <span class='ocrx_word' id='word_1_203' title='bbox 1064 1797 1142 1892; x_wconf 88' lang='lat' dir='ltr'>pie-</span> <span class='ocrx_word' id='word_1_204' title='bbox 1192 1792 1325 1885; x_wconf 88' lang='lat' dir='ltr'>patriae</span> <span class='ocrx_word' id='word_1_205' title='bbox 1353 1793 1595 1865; x_wconf 83' lang='lat' dir='ltr'>defensionem</span> <span class='ocrx_word' id='word_1_206' title='bbox 1621 1800 1799 1872; x_wconf 88' lang='lat' dir='ltr'>adiuvare.</span> <span class='ocrx_word' id='word_1_207' title='bbox 1850 1799 1958 1873; x_wconf 89' lang='lat' dir='ltr'>Domi</span> <span class='ocrx_word' id='word_1_208' title='bbox 1989 1802 2176 1875; x_wconf 87' lang='lat' dir='ltr'>latrocinia</span> 
     </span>
     <span class='ocr_line' id='line_1_17' title="bbox 155 1894 2176 1997; baseline 0.007 -36"><span class='ocrx_word' id='word_1_209' title='bbox 155 1919 262 1977; x_wconf 58' lang='lat' dir='ltr'>satem</span> <span class='ocrx_word' id='word_1_210' title='bbox 281 1925 468 1993; x_wconf 56' lang='lat' dir='ltr'>agnoscere</span> <span class='ocrx_word' id='word_1_211' title='bbox 481 1925 678 1996; x_wconf 64' lang='lat' dir='ltr'>pommus,</span> <span class='ocrx_word' id='word_1_212' title='bbox 729 1901 777 1976; x_wconf 73' lang='lat' dir='ltr'>Ue</span> <span class='ocrx_word' id='word_1_213' title='bbox 792 1901 890 1972; x_wconf 72' lang='lat' dir='ltr'>enim</span> <span class='ocrx_word' id='word_1_214' title='bbox 911 1924 953 1971; x_wconf 74' lang='lat' dir='ltr'>ex</span> <span class='ocrx_word' id='word_1_215' title='bbox 975 1900 1141 1972; x_wconf 74' lang='lat' dir='ltr'>dentibus</span> <span class='ocrx_word' id='word_1_216' title='bbox 1190 1894 1331 1965; x_wconf 88' lang='lat' dir='ltr'>fortiter</span> <span class='ocrx_word' id='word_1_217' title='bbox 1356 1896 1541 1987; x_wconf 84' lang='lat' dir='ltr'>repressit,</span> <span class='ocrx_word' id='word_1_218' title='bbox 1565 1921 1607 1968; x_wconf 90' lang='lat' dir='ltr'>ac</span> <span class='ocrx_word' id='word_1_219' title='bbox 1628 1901 1767 1992; x_wconf 84' lang='lat' dir='ltr'>insigne</span> <span class='ocrx_word' id='word_1_220' title='bbox 1791 1904 1990 1997; x_wconf 84' lang='lat' dir='ltr'>exemplum</span> <span class='ocrx_word' id='word_1_221' title='bbox 2003 1904 2084 1977; x_wconf 90' lang='lat' dir='ltr'>eins</span> <span class='ocrx_word' id='word_1_222' title='bbox 2096 1928 2176 1977; x_wconf 65' lang='lat' dir='ltr'>nas·</span> 
     </span>
     <span class='ocr_line' id='line_1_18' title="bbox 155 1993 2176 2100; baseline 0 -22"><span class='ocrx_word' id='word_1_223' title='bbox 155 2005 322 2079; x_wconf 87' lang='lat' dir='ltr'>draconis</span> <span class='ocrx_word' id='word_1_224' title='bbox 343 2006 382 2074; x_wconf 92' lang='lat' dir='ltr'>in</span> <span class='ocrx_word' id='word_1_225' title='bbox 396 2000 552 2075; x_wconf 87' lang='lat' dir='ltr'>Cadmea</span> <span class='ocrx_word' id='word_1_226' title='bbox 568 2000 736 2088; x_wconf 89' lang='lat' dir='ltr'>historia,</span> <span class='ocrx_word' id='word_1_227' title='bbox 763 2017 845 2074; x_wconf 88' lang='lat' dir='ltr'>nata</span> <span class='ocrx_word' id='word_1_228' title='bbox 859 2018 911 2075; x_wconf 88' lang='lat' dir='ltr'>est</span> <span class='ocrx_word' id='word_1_229' title='bbox 928 2003 1068 2074; x_wconf 90' lang='lat' dir='ltr'>soboles</span> <span class='ocrx_word' id='word_1_230' title='bbox 1082 2025 1142 2072; x_wconf 90' lang='lat' dir='ltr'>ar·</span> <span class='ocrx_word' id='word_1_231' title='bbox 1191 2008 1301 2067; x_wconf 89' lang='lat' dir='ltr'>ratur.</span> <span class='ocrx_word' id='word_1_232' title='bbox 1353 1993 1444 2068; x_wconf 90' lang='lat' dir='ltr'>Cum</span> <span class='ocrx_word' id='word_1_233' title='bbox 1471 1998 1663 2070; x_wconf 87' lang='lat' dir='ltr'>indicatum</span> <span class='ocrx_word' id='word_1_234' title='bbox 1686 2019 1774 2077; x_wconf 90' lang='lat' dir='ltr'>esset</span> <span class='ocrx_word' id='word_1_235' title='bbox 1796 2005 1864 2096; x_wconf 87' lang='lat' dir='ltr'>ipsi</span> <span class='ocrx_word' id='word_1_236' title='bbox 1894 2008 2071 2100; x_wconf 87' lang='lat' dir='ltr'>quosdam</span> <span class='ocrx_word' id='word_1_237' title='bbox 2091 2008 2176 2079; x_wconf 90' lang='lat' dir='ltr'>insi·</span> 
     </span>
     <span class='ocr_line' id='line_1_19' title="bbox 154 2099 2176 2197; baseline 0.005 -18"><span class='ocrx_word' id='word_1_238' title='bbox 154 2121 333 2179; x_wconf 89' lang='lat' dir='ltr'>matorum</span> <span class='ocrx_word' id='word_1_239' title='bbox 355 2106 449 2177; x_wconf 87' lang='lat' dir='ltr'>inter</span> <span class='ocrx_word' id='word_1_240' title='bbox 468 2128 505 2176; x_wconf 91' lang='lat' dir='ltr'>se</span> <span class='ocrx_word' id='word_1_241' title='bbox 528 2105 795 2191; x_wconf 87' lang='lat' dir='ltr'>dimicantium,</span> <span class='ocrx_word' id='word_1_242' title='bbox 820 2106 869 2176; x_wconf 89' lang='lat' dir='ltr'>sic</span> <span class='ocrx_word' id='word_1_243' title='bbox 888 2130 928 2175; x_wconf 83' lang='lat' dir='ltr'>ex</span> <span class='ocrx_word' id='word_1_244' title='bbox 944 2104 1141 2197; x_wconf 89' lang='lat' dir='ltr'>improprio</span> <span class='ocrx_word' id='word_1_245' title='bbox 1191 2099 1282 2168; x_wconf 88' lang='lat' dir='ltr'>diari</span> <span class='ocrx_word' id='word_1_246' title='bbox 1308 2101 1532 2192; x_wconf 86' lang='lat' dir='ltr'>quorundam</span> <span class='ocrx_word' id='word_1_247' title='bbox 1548 2118 1784 2176; x_wconf 85' lang='lat' dir='ltr'>mercatorum</span> <span class='ocrx_word' id='word_1_248' title='bbox 1803 2108 2001 2189; x_wconf 62' lang='lat' dir='ltr'>mercibus,</span> <span class='ocrx_word' id='word_1_249' title='bbox 2026 2132 2096 2181; x_wconf 75' lang='lat' dir='ltr'>nte</span> <span class='ocrx_word' id='word_1_250' title='bbox 2116 2132 2176 2181; x_wconf 69' lang='grc' dir='ltr'>ΙΙ·</span> 
     </span>
     <span class='ocr_line' id='line_1_20' title="bbox 154 2201 2177 2302; baseline 0.001 -21"><span class='ocrx_word' id='word_1_251' title='bbox 154 2231 316 2281; x_wconf 87' lang='lat' dir='ltr'>sermone</span> <span class='ocrx_word' id='word_1_252' title='bbox 344 2207 491 2278; x_wconf 88' lang='lat' dir='ltr'>dissidia</span> <span class='ocrx_word' id='word_1_253' title='bbox 513 2208 725 2300; x_wconf 89' lang='lat' dir='ltr'>opinionum</span> <span class='ocrx_word' id='word_1_254' title='bbox 751 2207 790 2276; x_wconf 90' lang='lat' dir='ltr'>in</span> <span class='ocrx_word' id='word_1_255' title='bbox 813 2207 1023 2279; x_wconf 89' lang='lat' dir='ltr'>docentibus</span> <span class='ocrx_word' id='word_1_256' title='bbox 1045 2221 1079 2279; x_wconf 90' lang='lat' dir='ltr'>et</span> <span class='ocrx_word' id='word_1_257' title='bbox 1101 2207 1140 2275; x_wconf 94' lang='lat' dir='ltr'>in</span> <span class='ocrx_word' id='word_1_258' title='bbox 1191 2201 1267 2272; x_wconf 89' lang='lat' dir='ltr'>bito</span> <span class='ocrx_word' id='word_1_259' title='bbox 1281 2223 1457 2271; x_wconf 87' lang='lat' dir='ltr'>accersere</span> <span class='ocrx_word' id='word_1_260' title='bbox 1471 2204 1607 2297; x_wconf 89' lang='lat' dir='ltr'>equites</span> <span class='ocrx_word' id='word_1_261' title='bbox 1624 2228 1664 2274; x_wconf 85' lang='lat' dir='ltr'>ex</span> <span class='ocrx_word' id='word_1_262' title='bbox 1682 2208 1907 2299; x_wconf 87' lang='lat' dir='ltr'>praefecturis</span> <span class='ocrx_word' id='word_1_263' title='bbox 1921 2224 2051 2302; x_wconf 89' lang='lat' dir='ltr'>posset,</span> <span class='ocrx_word' id='word_1_264' title='bbox 2078 2212 2177 2283; x_wconf 90' lang='lat' dir='ltr'>iussit</span> 
     </span>
     <span class='ocr_line' id='line_1_21' title="bbox 153 2302 2176 2407; baseline 0 -26"><span class='ocrx_word' id='word_1_265' title='bbox 153 2311 287 2406; x_wconf 91' lang='lat' dir='ltr'>populo</span> <span class='ocrx_word' id='word_1_266' title='bbox 311 2310 489 2383; x_wconf 90' lang='lat' dir='ltr'>oriuntur.</span> <span class='ocrx_word' id='word_1_267' title='bbox 541 2308 640 2398; x_wconf 87' lang='lat' dir='ltr'>Quid</span> <span class='ocrx_word' id='word_1_268' title='bbox 662 2323 745 2381; x_wconf 91' lang='lat' dir='ltr'>sunt</span> <span class='ocrx_word' id='word_1_269' title='bbox 767 2311 829 2380; x_wconf 78' lang='lat' dir='ltr'>itta</span> <span class='ocrx_word' id='word_1_270' title='bbox 851 2311 1047 2401; x_wconf 85' lang='lat' dir='ltr'>paradoxa,</span> <span class='ocrx_word' id='word_1_271' title='bbox 1070 2308 1141 2377; x_wconf 93' lang='lat' dir='ltr'>nisi</span> <span class='ocrx_word' id='word_1_272' title='bbox 1191 2324 1266 2373; x_wconf 89' lang='lat' dir='ltr'>sese</span> <span class='ocrx_word' id='word_1_273' title='bbox 1295 2302 1395 2394; x_wconf 89' lang='lat' dir='ltr'>sequi</span> <span class='ocrx_word' id='word_1_274' title='bbox 1418 2303 1552 2374; x_wconf 87' lang='lat' dir='ltr'>aulicos</span> <span class='ocrx_word' id='word_1_275' title='bbox 1582 2309 1728 2401; x_wconf 88' lang='lat' dir='ltr'>equites.</span> <span class='ocrx_word' id='word_1_276' title='bbox 1777 2307 1826 2381; x_wconf 91' lang='lat' dir='ltr'>Et</span> <span class='ocrx_word' id='word_1_277' title='bbox 1854 2312 2014 2384; x_wconf 89' lang='lat' dir='ltr'>ascendit</span> <span class='ocrx_word' id='word_1_278' title='bbox 2041 2313 2176 2407; x_wconf 86' lang='lat' dir='ltr'>ipsein</span> 
     </span>
     <span class='ocr_line' id='line_1_22' title="bbox 153 2406 2171 2507; baseline 0.003 -25"><span class='ocrx_word' id='word_1_279' title='bbox 153 2417 274 2507; x_wconf 79' lang='grc' dir='ltr'>μῆλον</span> <span class='ocrx_word' id='word_1_280' title='bbox 299 2407 442 2507; x_wconf 73' lang='lat' dir='ltr'>ipcdoe?</span> <span class='ocrx_word' id='word_1_281' title='bbox 483 2406 618 2482; x_wconf 88' lang='lat' dir='ltr'>Omnia</span> <span class='ocrx_word' id='word_1_282' title='bbox 639 2412 728 2481; x_wconf 84' lang='lat' dir='ltr'>finnt</span> <span class='ocrx_word' id='word_1_283' title='bbox 748 2412 962 2496; x_wconf 90' lang='lat' dir='ltr'>necessario,</span> <span class='ocrx_word' id='word_1_284' title='bbox 989 2410 1085 2481; x_wconf 88' lang='lat' dir='ltr'>bona</span> <span class='ocrx_word' id='word_1_285' title='bbox 1107 2421 1143 2479; x_wconf 91' lang='lat' dir='ltr'>et</span> <span class='ocrx_word' id='word_1_286' title='bbox 1191 2427 1335 2475; x_wconf 87' lang='lat' dir='ltr'>currum</span> <span class='ocrx_word' id='word_1_287' title='bbox 1353 2406 1569 2477; x_wconf 86' lang='lat' dir='ltr'>mercatoris.</span> <span class='ocrx_word' id='word_1_288' title='bbox 1621 2406 1713 2482; x_wconf 84' lang='lat' dir='ltr'>Cum</span> <span class='ocrx_word' id='word_1_289' title='bbox 1728 2426 1873 2485; x_wconf 91' lang='lat' dir='ltr'>ventum</span> <span class='ocrx_word' id='word_1_290' title='bbox 1889 2414 2040 2487; x_wconf 88' lang='lat' dir='ltr'>essetad</span> <span class='ocrx_word' id='word_1_291' title='bbox 2056 2416 2171 2487; x_wconf 82' lang='lat' dir='ltr'>locum</span> 
     </span>
     <span class='ocr_line' id='line_1_23' title="bbox 154 2505 2175 2605; baseline 0.001 -20"><span class='ocrx_word' id='word_1_292' title='bbox 154 2514 262 2586; x_wconf 89' lang='lat' dir='ltr'>mala.</span> <span class='ocrx_word' id='word_1_293' title='bbox 321 2508 458 2583; x_wconf 88' lang='lat' dir='ltr'>Omnia</span> <span class='ocrx_word' id='word_1_294' title='bbox 489 2524 630 2605; x_wconf 88' lang='lat' dir='ltr'>peccata</span> <span class='ocrx_word' id='word_1_295' title='bbox 659 2527 744 2583; x_wconf 92' lang='lat' dir='ltr'>sunt</span> <span class='ocrx_word' id='word_1_296' title='bbox 772 2513 884 2605; x_wconf 90' lang='lat' dir='ltr'>paria.</span> <span class='ocrx_word' id='word_1_297' title='bbox 936 2509 1143 2605; x_wconf 86' lang='lat' dir='ltr'>Rapiuntur</span> <span class='ocrx_word' id='word_1_298' title='bbox 1192 2505 1425 2592; x_wconf 88' lang='lat' dir='ltr'>insidiarum,</span> <span class='ocrx_word' id='word_1_299' title='bbox 1460 2511 1599 2600; x_wconf 85' lang='lat' dir='ltr'>magnis</span> <span class='ocrx_word' id='word_1_300' title='bbox 1632 2513 1852 2586; x_wconf 87' lang='lat' dir='ltr'>clamoribus</span> <span class='ocrx_word' id='word_1_301' title='bbox 1882 2515 2107 2587; x_wconf 86' lang='lat' dir='ltr'>insidiatores</span> <span class='ocrx_word' id='word_1_302' title='bbox 2128 2518 2175 2587; x_wconf 90' lang='lat' dir='ltr'>ad</span> 
     </span>
     <span class='ocr_line' id='line_1_24' title="bbox 154 2607 2177 2712; baseline 0.001 -25"><span class='ocrx_word' id='word_1_303' title='bbox 154 2610 397 2688; x_wconf 89' lang='lat' dir='ltr'>enthusiasmo</span> <span class='ocrx_word' id='word_1_304' title='bbox 422 2637 496 2683; x_wconf 92' lang='lat' dir='ltr'>uon</span> <span class='ocrx_word' id='word_1_305' title='bbox 520 2613 679 2685; x_wconf 91' lang='lat' dir='ltr'>volentes</span> <span class='ocrx_word' id='word_1_306' title='bbox 699 2613 763 2709; x_wconf 89' lang='lat' dir='ltr'>qui</span> <span class='ocrx_word' id='word_1_307' title='bbox 785 2617 830 2685; x_wconf 92' lang='lat' dir='ltr'>ad</span> <span class='ocrx_word' id='word_1_308' title='bbox 853 2612 970 2687; x_wconf 87' lang='lat' dir='ltr'>Deum</span> <span class='ocrx_word' id='word_1_309' title='bbox 993 2636 1144 2685; x_wconf 88' lang='lat' dir='ltr'>couver-</span> <span class='ocrx_word' id='word_1_310' title='bbox 1192 2629 1316 2678; x_wconf 90' lang='lat' dir='ltr'>currus</span> <span class='ocrx_word' id='word_1_311' title='bbox 1338 2624 1542 2700; x_wconf 87' lang='lat' dir='ltr'>properant.</span> <span class='ocrx_word' id='word_1_312' title='bbox 1594 2607 1725 2703; x_wconf 79' lang='lat' dir='ltr'>Agnita</span> <span class='ocrx_word' id='word_1_313' title='bbox 1748 2618 1949 2712; x_wconf 87' lang='lat' dir='ltr'>aliquorum</span> <span class='ocrx_word' id='word_1_314' title='bbox 1972 2640 2058 2689; x_wconf 85' lang='lat' dir='ltr'>voce</span> <span class='ocrx_word' id='word_1_315' title='bbox 2069 2614 2177 2689; x_wconf 87' lang='lat' dir='ltr'>Prin·</span> 
     </span>
     <span class='ocr_line' id='line_1_25' title="bbox 151 2711 2176 2809; baseline 0 -19"><span class='ocrx_word' id='word_1_316' title='bbox 151 2730 292 2792; x_wconf 91' lang='lat' dir='ltr'>tuntnr.</span> <span class='ocrx_word' id='word_1_317' title='bbox 343 2715 416 2787; x_wconf 88' lang='lat' dir='ltr'>Nee</span> <span class='ocrx_word' id='word_1_318' title='bbox 438 2715 590 2786; x_wconf 90' lang='lat' dir='ltr'>docendi</span> <span class='ocrx_word' id='word_1_319' title='bbox 609 2730 692 2789; x_wconf 91' lang='lat' dir='ltr'>snut</span> <span class='ocrx_word' id='word_1_320' title='bbox 716 2713 878 2789; x_wconf 89' lang='lat' dir='ltr'>homines</span> <span class='ocrx_word' id='word_1_321' title='bbox 890 2728 931 2787; x_wconf 94' lang='lat' dir='ltr'>ut</span> <span class='ocrx_word' id='word_1_322' title='bbox 944 2726 1145 2809; x_wconf 71' lang='lat' dir='ltr'>repugnent</span> <span class='ocrx_word' id='word_1_323' title='bbox 1172 2732 1273 2802; x_wconf 77' lang='lat' dir='ltr'>&#39;ceps</span> <span class='ocrx_word' id='word_1_324' title='bbox 1303 2711 1515 2782; x_wconf 87' lang='lat' dir='ltr'>nominatim</span> <span class='ocrx_word' id='word_1_325' title='bbox 1548 2736 1608 2784; x_wconf 89' lang='lat' dir='ltr'>cos</span> <span class='ocrx_word' id='word_1_326' title='bbox 1640 2720 1838 2809; x_wconf 89' lang='lat' dir='ltr'>compellat.</span> <span class='ocrx_word' id='word_1_327' title='bbox 1913 2716 1992 2791; x_wconf 89' lang='lat' dir='ltr'>Hos</span> <span class='ocrx_word' id='word_1_328' title='bbox 2026 2718 2176 2793; x_wconf 72' lang='lat' dir='ltr'>vidssim</span> 
     </span>
     <span class='ocr_line' id='line_1_26' title="bbox 155 2810 2177 2916; baseline 0.005 -24"><span class='ocrx_word' id='word_1_329' title='bbox 155 2819 382 2892; x_wconf 86' lang='lat' dir='ltr'>diffidentiae.</span> <span class='ocrx_word' id='word_1_330' title='bbox 433 2812 630 2889; x_wconf 80' lang='lat' dir='ltr'>Christiani</span> <span class='ocrx_word' id='word_1_331' title='bbox 651 2842 726 2890; x_wconf 94' lang='lat' dir='ltr'>non</span> <span class='ocrx_word' id='word_1_332' title='bbox 747 2813 882 2890; x_wconf 86' lang='lat' dir='ltr'>habeut</span> <span class='ocrx_word' id='word_1_333' title='bbox 905 2818 1068 2912; x_wconf 90' lang='lat' dir='ltr'>proprias</span> <span class='ocrx_word' id='word_1_334' title='bbox 1090 2817 1145 2888; x_wconf 89' lang='lat' dir='ltr'>fa·</span> <span class='ocrx_word' id='word_1_335' title='bbox 1192 2810 1774 2906; x_wconf 59' lang='lat' dir='ltr'>etniltprisscipsstsst‘etfaties</span> <span class='ocrx_word' id='word_1_336' title='bbox 1798 2845 1904 2916; x_wconf 76' lang='lat' dir='ltr'>quem</span> <span class='ocrx_word' id='word_1_337' title='bbox 1925 2822 2090 2894; x_wconf 64' lang='lat' dir='ltr'>withan!</span> <span class='ocrx_word' id='word_1_338' title='bbox 2106 2844 2177 2894; x_wconf 59' lang='grc' dir='ltr'><em>Μ</em></span> 
     </span>
     <span class='ocr_line' id='line_1_27' title="bbox 157 2914 2177 3018; baseline 0.001 -25"><span class='ocrx_word' id='word_1_339' title='bbox 157 2923 315 2993; x_wconf 86' lang='lat' dir='ltr'>cultates.</span> <span class='ocrx_word' id='word_1_340' title='bbox 367 2919 471 2991; x_wconf 85' lang='lat' dir='ltr'>Talia</span> <span class='ocrx_word' id='word_1_341' title='bbox 487 2920 719 2992; x_wconf 89' lang='lat' dir='ltr'>deliramenta</span> <span class='ocrx_word' id='word_1_342' title='bbox 733 2923 873 3013; x_wconf 86' lang='lat' dir='ltr'>sapiens</span> <span class='ocrx_word' id='word_1_343' title='bbox 889 2933 924 2992; x_wconf 91' lang='lat' dir='ltr'>et</span> <span class='ocrx_word' id='word_1_344' title='bbox 940 2920 1021 3012; x_wconf 91' lang='lat' dir='ltr'>pius</span> <span class='ocrx_word' id='word_1_345' title='bbox 1037 2918 1144 2991; x_wconf 90' lang='lat' dir='ltr'>Prin·</span> <span class='ocrx_word' id='word_1_346' title='bbox 1192 2926 1371 2984; x_wconf 78' lang='lat' dir='ltr'>ementem</span> <span class='ocrx_word' id='word_1_347' title='bbox 1391 2914 1570 3002; x_wconf 69' lang='lat' dir='ltr'>indiciae,</span> <span class='ocrx_word' id='word_1_348' title='bbox 1593 2933 1628 2991; x_wconf 90' lang='lat' dir='ltr'>et</span> <span class='ocrx_word' id='word_1_349' title='bbox 1651 2925 1930 3011; x_wconf 87' lang='lat' dir='ltr'>venerabantur,</span> <span class='ocrx_word' id='word_1_350' title='bbox 1955 2925 2078 3018; x_wconf 88' lang='lat' dir='ltr'>pudor</span> <span class='ocrx_word' id='word_1_351' title='bbox 2092 2925 2177 2997; x_wconf 89' lang='lat' dir='ltr'>afa·</span> 
     </span>
     <span class='ocr_line' id='line_1_28' title="bbox 154 3016 2176 3119; baseline 0.007 -25"><span class='ocrx_word' id='word_1_352' title='bbox 154 3045 236 3115; x_wconf 89' lang='lat' dir='ltr'>ceps</span> <span class='ocrx_word' id='word_1_353' title='bbox 258 3048 341 3094; x_wconf 89' lang='lat' dir='ltr'>cnm</span> <span class='ocrx_word' id='word_1_354' title='bbox 366 3023 445 3093; x_wconf 93' lang='lat' dir='ltr'>tolli</span> <span class='ocrx_word' id='word_1_355' title='bbox 470 3021 594 3110; x_wconf 85' lang='lat' dir='ltr'>vellet,</span> <span class='ocrx_word' id='word_1_356' title='bbox 619 3023 755 3095; x_wconf 86' lang='lat' dir='ltr'>curavit</span> <span class='ocrx_word' id='word_1_357' title='bbox 777 3022 962 3094; x_wconf 88' lang='lat' dir='ltr'>admoneri</span> <span class='ocrx_word' id='word_1_358' title='bbox 978 3023 1144 3094; x_wconf 88' lang='lat' dir='ltr'>docentes</span> <span class='ocrx_word' id='word_1_359' title='bbox 1192 3016 1314 3086; x_wconf 78' lang='lat' dir='ltr'>tinore</span> <span class='ocrx_word' id='word_1_360' title='bbox 1340 3018 1512 3102; x_wconf 67' lang='lat' dir='ltr'>deferret,</span> <span class='ocrx_word' id='word_1_361' title='bbox 1538 3044 1647 3114; x_wconf 66' lang='lat' dir='ltr'>quare</span> <span class='ocrx_word' id='word_1_362' title='bbox 1670 3025 1789 3096; x_wconf 67' lang='lat' dir='ltr'>subito</span> <span class='ocrx_word' id='word_1_363' title='bbox 1809 3026 1971 3117; x_wconf 66' lang='lat' dir='ltr'>fugiunt,</span> <span class='ocrx_word' id='word_1_364' title='bbox 1998 3039 2035 3098; x_wconf 71' lang='lat' dir='ltr'>ei</span> <span class='ocrx_word' id='word_1_365' title='bbox 2057 3038 2176 3119; x_wconf 56' lang='lat'>9⁰⁸1&amp;</span> 
     </span>
     <span class='ocr_line' id='line_1_29' title="bbox 152 3119 2175 3219; baseline 0.001 -22"><span class='ocrx_word' id='word_1_366' title='bbox 152 3139 195 3197; x_wconf 90' lang='lat' dir='ltr'>ut</span> <span class='ocrx_word' id='word_1_367' title='bbox 217 3139 314 3197; x_wconf 89' lang='lat' dir='ltr'>recte</span> <span class='ocrx_word' id='word_1_368' title='bbox 335 3125 577 3219; x_wconf 88' lang='lat' dir='ltr'>loquerentur.</span> <span class='ocrx_word' id='word_1_369' title='bbox 630 3124 731 3196; x_wconf 85' lang='lat' dir='ltr'>Sicut</span> <span class='ocrx_word' id='word_1_370' title='bbox 752 3126 914 3197; x_wconf 87' lang='lat' dir='ltr'>doctrina</span> <span class='ocrx_word' id='word_1_371' title='bbox 937 3126 984 3195; x_wconf 92' lang='lat' dir='ltr'>de</span> <span class='ocrx_word' id='word_1_372' title='bbox 1004 3124 1144 3195; x_wconf 90' lang='lat' dir='ltr'>ratione</span> <span class='ocrx_word' id='word_1_373' title='bbox 1193 3119 1438 3210; x_wconf 89' lang='lat' dir='ltr'>deprecatores</span> <span class='ocrx_word' id='word_1_374' title='bbox 1453 3123 1497 3190; x_wconf 92' lang='lat' dir='ltr'>ad</span> <span class='ocrx_word' id='word_1_375' title='bbox 1514 3119 1716 3216; x_wconf 89' lang='lat' dir='ltr'>Principem</span> <span class='ocrx_word' id='word_1_376' title='bbox 1733 3129 1891 3200; x_wconf 89' lang='lat' dir='ltr'>mittunt.</span> <span class='ocrx_word' id='word_1_377' title='bbox 1943 3126 1997 3200; x_wconf 85' lang='lat' dir='ltr'>fta</span> <span class='ocrx_word' id='word_1_378' title='bbox 2014 3148 2175 3218; x_wconf 85' lang='lat' dir='ltr'>praeseus</span> 
     </span>
     <span class='ocr_line' id='line_1_30' title="bbox 158 3219 2177 3327; baseline 0.001 -29"><span class='ocrx_word' id='word_1_379' title='bbox 158 3227 328 3321; x_wconf 90' lang='lat' dir='ltr'>loquendi</span> <span class='ocrx_word' id='word_1_380' title='bbox 352 3226 542 3319; x_wconf 89' lang='lat' dir='ltr'>praecipit:</span> <span class='ocrx_word' id='word_1_381' title='bbox 577 3222 598 3299; x_wconf 84' lang='grc' dir='ltr'>ὅ</span> <span class='ocrx_word' id='word_1_382' title='bbox 622 3223 740 3323; x_wconf 76' lang='grc' dir='ltr'>σοφὸς</span> <span class='ocrx_word' id='word_1_383' title='bbox 763 3219 1014 3321; x_wconf 74' lang='grc' dir='ltr'>εὐθυῤῥήμων</span> <span class='ocrx_word' id='word_1_384' title='bbox 1038 3223 1144 3301; x_wconf 73' lang='grc' dir='ltr'><em>ἔστω.</em></span> <span class='ocrx_word' id='word_1_385' title='bbox 1192 3220 1272 3312; x_wconf 91' lang='lat' dir='ltr'>plus</span> <span class='ocrx_word' id='word_1_386' title='bbox 1284 3219 1400 3293; x_wconf 84' lang='lat' dir='ltr'>effecit</span> <span class='ocrx_word' id='word_1_387' title='bbox 1415 3222 1491 3292; x_wconf 92' lang='lat' dir='ltr'>siue</span> <span class='ocrx_word' id='word_1_388' title='bbox 1512 3224 1759 3311; x_wconf 88' lang='lat' dir='ltr'>dimicatione,</span> <span class='ocrx_word' id='word_1_389' title='bbox 1786 3232 1937 3324; x_wconf 89' lang='lat' dir='ltr'>quamsi</span> <span class='ocrx_word' id='word_1_390' title='bbox 1954 3230 2177 3327; x_wconf 83' lang='lat' dir='ltr'>missaequi·</span> 
     </span>
     <span class='ocr_line' id='line_1_31' title="bbox 154 3322 2041 3447; baseline 0.001 -46"><span class='ocrx_word' id='word_1_391' title='bbox 154 3329 304 3421; x_wconf 84' lang='lat' dir='ltr'>Sapiens</span> <span class='ocrx_word' id='word_1_392' title='bbox 333 3343 427 3401; x_wconf 89' lang='lat' dir='ltr'>recte</span> <span class='ocrx_word' id='word_1_393' title='bbox 458 3329 636 3423; x_wconf 90' lang='lat' dir='ltr'>loquatur.</span> <span class='ocrx_word' id='word_1_394' title='bbox 694 3324 742 3400; x_wconf 92' lang='lat' dir='ltr'>Et</span> <span class='ocrx_word' id='word_1_395' title='bbox 773 3326 983 3401; x_wconf 83' lang='lat' dir='ltr'>Aristoteles</span> <span class='ocrx_word' id='word_1_396' title='bbox 1015 3328 1144 3422; x_wconf 82' lang='lat' dir='ltr'>inquit,</span> <span class='ocrx_word' id='word_1_397' title='bbox 1193 3336 1268 3394; x_wconf 93' lang='lat' dir='ltr'>tatu</span> <span class='ocrx_word' id='word_1_398' title='bbox 1281 3322 1390 3392; x_wconf 90' lang='lat' dir='ltr'>armis</span> <span class='ocrx_word' id='word_1_399' title='bbox 1405 3325 1596 3416; x_wconf 88' lang='lat' dir='ltr'>reprimere</span> <span class='ocrx_word' id='word_1_400' title='bbox 1618 3329 1840 3447; x_wconf 63' lang='lat' dir='ltr'>insidiatores</span> <span class='ocrx_word' id='word_1_401' title='bbox 1859 3332 2041 3404; x_wconf 90' lang='lat' dir='ltr'>voluisset.</span> 
     </span>
     <span class='ocr_line' id='line_1_32' title="bbox 158 3422 2176 3527; baseline 0.004 -30"><span class='ocrx_word' id='word_1_402' title='bbox 158 3430 334 3503; x_wconf 82' lang='lat' dir='ltr'>Virtutem</span> <span class='ocrx_word' id='word_1_403' title='bbox 366 3454 440 3502; x_wconf 91' lang='lat' dir='ltr'>esse</span> <span class='ocrx_word' id='word_1_404' title='bbox 471 3430 644 3502; x_wconf 87' lang='lat' dir='ltr'>orationis</span> <span class='ocrx_word' id='word_1_405' title='bbox 677 3431 974 3523; x_wconf 87' lang='lat' dir='ltr'>perspicuitatem.</span> <span class='ocrx_word' id='word_1_406' title='bbox 1040 3428 1144 3500; x_wconf 87' lang='lat' dir='ltr'>Hanc</span> <span class='ocrx_word' id='word_1_407' title='bbox 1291 3422 1383 3495; x_wconf 92' lang='lat' dir='ltr'>Cum</span> <span class='ocrx_word' id='word_1_408' title='bbox 1418 3426 1527 3516; x_wconf 86' lang='lat' dir='ltr'>igitur</span> <span class='ocrx_word' id='word_1_409' title='bbox 1557 3442 1593 3499; x_wconf 91' lang='lat' dir='ltr'>et</span> <span class='ocrx_word' id='word_1_410' title='bbox 1617 3430 1792 3503; x_wconf 90' lang='lat' dir='ltr'>iusticiam</span> <span class='ocrx_word' id='word_1_411' title='bbox 1812 3432 1991 3527; x_wconf 89' lang='lat' dir='ltr'>Principis</span> <span class='ocrx_word' id='word_1_412' title='bbox 2019 3444 2176 3505; x_wconf 84' lang='lat' dir='ltr'>amarent</span> 
     </span>
     <span class='ocr_line' id='line_1_33' title="bbox 155 3525 2176 3628; baseline 0.002 -29"><span class='ocrx_word' id='word_1_413' title='bbox 155 3557 240 3602; x_wconf 90' lang='lat' dir='ltr'>vero</span> <span class='ocrx_word' id='word_1_414' title='bbox 274 3533 364 3603; x_wconf 85' lang='lat' dir='ltr'>effici</span> <span class='ocrx_word' id='word_1_415' title='bbox 393 3533 541 3625; x_wconf 91' lang='lat' dir='ltr'>proprio</span> <span class='ocrx_word' id='word_1_416' title='bbox 571 3554 745 3604; x_wconf 84' lang='lat' dir='ltr'>sermone.</span> <span class='ocrx_word' id='word_1_417' title='bbox 810 3525 1024 3628; x_wconf 79' lang='grc' dir='ltr'><em>σαφεστάτη</em></span> <span class='ocrx_word' id='word_1_418' title='bbox 1055 3528 1145 3613; x_wconf 79' lang='grc' dir='ltr'><strong><em>λέξις</em></strong></span> <span class='ocrx_word' id='word_1_419' title='bbox 1192 3548 1334 3610; x_wconf 89' lang='lat' dir='ltr'>omnes,</span> <span class='ocrx_word' id='word_1_420' title='bbox 1359 3540 1393 3598; x_wconf 91' lang='lat' dir='ltr'>et</span> <span class='ocrx_word' id='word_1_421' title='bbox 1423 3531 1668 3621; x_wconf 88' lang='lat' dir='ltr'>prudentiam,</span> <span class='ocrx_word' id='word_1_422' title='bbox 1695 3550 1729 3607; x_wconf 90' lang='lat' dir='ltr'>et</span> <span class='ocrx_word' id='word_1_423' title='bbox 1758 3536 2043 3626; x_wconf 82' lang='lat' dir='ltr'>magnitudinem</span> <span class='ocrx_word' id='word_1_424' title='bbox 2068 3534 2176 3606; x_wconf 79' lang='lat' dir='ltr'>aniani</span> 
     </span>
     <span class='ocr_line' id='line_1_34' title="bbox 156 3626 2175 3732; baseline 0.001 -27"><span class='ocrx_word' id='word_1_425' title='bbox 156 3629 277 3718; x_wconf 78' lang='grc' dir='ltr'>ἐστὶν,</span> <span class='ocrx_word' id='word_1_426' title='bbox 311 3628 396 3725; x_wconf 68' lang='lat' dir='ltr'>sites</span> <span class='ocrx_word' id='word_1_427' title='bbox 424 3636 503 3704; x_wconf 78' lang='grc' dir='ltr'>τῶν</span> <span class='ocrx_word' id='word_1_428' title='bbox 530 3629 674 3728; x_wconf 79' lang='grc' dir='ltr'><strong><em>κυρίων</em></strong></span> <span class='ocrx_word' id='word_1_429' title='bbox 706 3626 916 3726; x_wconf 82' lang='grc' dir='ltr'>ὀνομάτων.</span> <span class='ocrx_word' id='word_1_430' title='bbox 967 3631 1143 3724; x_wconf 83' lang='lat' dir='ltr'>Cognosti</span> <span class='ocrx_word' id='word_1_431' title='bbox 1193 3629 1232 3697; x_wconf 91' lang='lat' dir='ltr'>in</span> <span class='ocrx_word' id='word_1_432' title='bbox 1253 3651 1295 3698; x_wconf 91' lang='lat' dir='ltr'>eo</span> <span class='ocrx_word' id='word_1_433' title='bbox 1319 3632 1593 3721; x_wconf 86' lang='lat' dir='ltr'>perspexissent,</span> <span class='ocrx_word' id='word_1_434' title='bbox 1617 3634 1787 3708; x_wconf 87' lang='lat' dir='ltr'>libentius</span> <span class='ocrx_word' id='word_1_435' title='bbox 1810 3638 1940 3710; x_wconf 89' lang='lat' dir='ltr'>deinde</span> <span class='ocrx_word' id='word_1_436' title='bbox 1955 3639 2175 3732; x_wconf 83' lang='lat' dir='ltr'>quieverunt·</span> 
     </span>
     <span class='ocr_line' id='line_1_35' title="bbox 155 3729 2174 3833; baseline 0.003 -28"><span class='ocrx_word' id='word_1_437' title='bbox 155 3749 272 3807; x_wconf 89' lang='lat' dir='ltr'>antem</span> <span class='ocrx_word' id='word_1_438' title='bbox 306 3734 490 3824; x_wconf 87' lang='lat' dir='ltr'>vigilantia</span> <span class='ocrx_word' id='word_1_439' title='bbox 524 3734 574 3826; x_wconf 89' lang='lat' dir='ltr'>pii</span> <span class='ocrx_word' id='word_1_440' title='bbox 594 3734 772 3826; x_wconf 89' lang='lat' dir='ltr'>Principis</span> <span class='ocrx_word' id='word_1_441' title='bbox 804 3729 869 3804; x_wconf 89' lang='lat' dir='ltr'>hac</span> <span class='ocrx_word' id='word_1_442' title='bbox 892 3758 933 3805; x_wconf 82' lang='lat' dir='ltr'>ex</span> <span class='ocrx_word' id='word_1_443' title='bbox 955 3758 994 3805; x_wconf 90' lang='lat' dir='ltr'>re</span> <span class='ocrx_word' id='word_1_444' title='bbox 1019 3746 1144 3827; x_wconf 89' lang='lat' dir='ltr'>potest,</span> <span class='ocrx_word' id='word_1_445' title='bbox 1195 3729 1331 3802; x_wconf 87' lang='lat' dir='ltr'>Vicinis</span> <span class='ocrx_word' id='word_1_446' title='bbox 1359 3732 1459 3802; x_wconf 91' lang='lat' dir='ltr'>nulla</span> <span class='ocrx_word' id='word_1_447' title='bbox 1489 3734 1583 3805; x_wconf 89' lang='lat' dir='ltr'>bella</span> <span class='ocrx_word' id='word_1_448' title='bbox 1611 3736 1735 3809; x_wconf 89' lang='lat' dir='ltr'>intulit</span> <span class='ocrx_word' id='word_1_449' title='bbox 1766 3763 1970 3833; x_wconf 89' lang='lat' dir='ltr'>quanquam</span> <span class='ocrx_word' id='word_1_450' title='bbox 2006 3739 2174 3811; x_wconf 80' lang='lat' dir='ltr'>irritatus</span> 
     </span>
     <span class='ocr_line' id='line_1_36' title="bbox 155 3830 2176 3929; baseline 0.002 -24"><span class='ocrx_word' id='word_1_451' title='bbox 155 3838 250 3929; x_wconf 94' lang='lat' dir='ltr'>qnod</span> <span class='ocrx_word' id='word_1_452' title='bbox 267 3837 350 3906; x_wconf 91' lang='lat' dir='ltr'>inde</span> <span class='ocrx_word' id='word_1_453' title='bbox 366 3858 476 3929; x_wconf 92' lang='lat' dir='ltr'>usqne</span> <span class='ocrx_word' id='word_1_454' title='bbox 491 3837 537 3906; x_wconf 88' lang='lat' dir='ltr'>ab</span> <span class='ocrx_word' id='word_1_455' title='bbox 553 3836 658 3906; x_wconf 92' lang='lat' dir='ltr'>initio</span> <span class='ocrx_word' id='word_1_456' title='bbox 682 3835 951 3909; x_wconf 87' lang='lat' dir='ltr'>instaurationis</span> <span class='ocrx_word' id='word_1_457' title='bbox 966 3831 1144 3910; x_wconf 88' lang='lat' dir='ltr'>Ecclesia·</span> <span class='ocrx_word' id='word_1_458' title='bbox 1192 3830 1263 3904; x_wconf 89' lang='lat' dir='ltr'>Sed</span> <span class='ocrx_word' id='word_1_459' title='bbox 1284 3845 1326 3903; x_wconf 91' lang='lat' dir='ltr'>ut</span> <span class='ocrx_word' id='word_1_460' title='bbox 1347 3834 1482 3926; x_wconf 89' lang='lat' dir='ltr'>patriae</span> <span class='ocrx_word' id='word_1_461' title='bbox 1503 3850 1679 3926; x_wconf 89' lang='lat' dir='ltr'>parceret,</span> <span class='ocrx_word' id='word_1_462' title='bbox 1713 3840 1854 3911; x_wconf 90' lang='lat' dir='ltr'>nullum</span> <span class='ocrx_word' id='word_1_463' title='bbox 1875 3842 2012 3912; x_wconf 88' lang='lat' dir='ltr'>bellum</span> <span class='ocrx_word' id='word_1_464' title='bbox 2035 3861 2176 3914; x_wconf 86' lang='lat' dir='ltr'>movere</span> 
     </span>
     <span class='ocr_line' id='line_1_37' title="bbox 154 3933 2176 4031; baseline 0.002 -23"><span class='ocrx_word' id='word_1_465' title='bbox 154 3961 235 4008; x_wconf 89' lang='lat' dir='ltr'>rum</span> <span class='ocrx_word' id='word_1_466' title='bbox 257 3962 326 4007; x_wconf 84' lang='lat' dir='ltr'>vox</span> <span class='ocrx_word' id='word_1_467' title='bbox 348 3939 469 4008; x_wconf 88' lang='lat' dir='ltr'>eadem</span> <span class='ocrx_word' id='word_1_468' title='bbox 491 3938 569 4007; x_wconf 90' lang='lat' dir='ltr'>sine</span> <span class='ocrx_word' id='word_1_469' title='bbox 585 3938 867 4008; x_wconf 88' lang='lat' dir='ltr'>dissensionibus</span> <span class='ocrx_word' id='word_1_470' title='bbox 881 3939 966 4009; x_wconf 87' lang='lat' dir='ltr'>ullis</span> <span class='ocrx_word' id='word_1_471' title='bbox 983 3941 1027 4010; x_wconf 91' lang='lat' dir='ltr'>ad</span> <span class='ocrx_word' id='word_1_472' title='bbox 1046 3933 1144 4009; x_wconf 90' lang='lat' dir='ltr'>hunc</span> <span class='ocrx_word' id='word_1_473' title='bbox 1191 3936 1404 4021; x_wconf 88' lang='lat' dir='ltr'>decreverat,</span> <span class='ocrx_word' id='word_1_474' title='bbox 1419 3936 1488 4007; x_wconf 89' lang='lat' dir='ltr'>nisi</span> <span class='ocrx_word' id='word_1_475' title='bbox 1506 3938 1568 4007; x_wconf 89' lang='lat' dir='ltr'>alii</span> <span class='ocrx_word' id='word_1_476' title='bbox 1583 3941 1718 4031; x_wconf 88' lang='lat' dir='ltr'>priores</span> <span class='ocrx_word' id='word_1_477' title='bbox 1733 3943 1866 4013; x_wconf 84' lang='lat' dir='ltr'>bellurn</span> <span class='ocrx_word' id='word_1_478' title='bbox 1883 3943 2072 4016; x_wconf 84' lang='lat' dir='ltr'>inferrent.</span> <span class='ocrx_word' id='word_1_479' title='bbox 2097 3939 2176 4013; x_wconf 77' lang='lat' dir='ltr'>Nou</span> 
     </span>
     <span class='ocr_line' id='line_1_38' title="bbox 154 4034 2176 4138; baseline 0.002 -28"><span class='ocrx_word' id='word_1_480' title='bbox 154 4041 250 4110; x_wconf 91' lang='lat' dir='ltr'>diem</span> <span class='ocrx_word' id='word_1_481' title='bbox 269 4041 307 4109; x_wconf 93' lang='lat' dir='ltr'>in</span> <span class='ocrx_word' id='word_1_482' title='bbox 322 4034 490 4110; x_wconf 85' lang='lat' dir='ltr'>Ecclesiis</span> <span class='ocrx_word' id='word_1_483' title='bbox 514 4038 624 4112; x_wconf 86' lang='lat' dir='ltr'>totius</span> <span class='ocrx_word' id='word_1_484' title='bbox 645 4040 801 4131; x_wconf 79' lang='lat' dir='ltr'>regionis</span> <span class='ocrx_word' id='word_1_485' title='bbox 815 4054 938 4124; x_wconf 88' lang='lat' dir='ltr'>sonat,</span> <span class='ocrx_word' id='word_1_486' title='bbox 962 4063 1027 4111; x_wconf 92' lang='lat' dir='ltr'>nec</span> <span class='ocrx_word' id='word_1_487' title='bbox 1042 4053 1144 4112; x_wconf 88' lang='lat' dir='ltr'>trau·</span> <span class='ocrx_word' id='word_1_488' title='bbox 1192 4037 1393 4122; x_wconf 87' lang='lat' dir='ltr'>iracundia,</span> <span class='ocrx_word' id='word_1_489' title='bbox 1420 4062 1494 4107; x_wconf 92' lang='lat' dir='ltr'>nou</span> <span class='ocrx_word' id='word_1_490' title='bbox 1513 4041 1651 4131; x_wconf 89' lang='lat' dir='ltr'>privato</span> <span class='ocrx_word' id='word_1_491' title='bbox 1666 4045 1790 4115; x_wconf 92' lang='lat' dir='ltr'>dolore</span> <span class='ocrx_word' id='word_1_492' title='bbox 1803 4068 1901 4115; x_wconf 89' lang='lat' dir='ltr'>arma</span> <span class='ocrx_word' id='word_1_493' title='bbox 1916 4047 2090 4138; x_wconf 88' lang='lat' dir='ltr'>capienda</span> <span class='ocrx_word' id='word_1_494' title='bbox 2106 4064 2176 4115; x_wconf 84' lang='lat' dir='ltr'>esse</span> 
     </span>
     <span class='ocr_line' id='line_1_39' title="bbox 154 4138 2177 4241; baseline 0.002 -28"><span class='ocrx_word' id='word_1_495' title='bbox 154 4143 341 4236; x_wconf 88' lang='lat' dir='ltr'>quilliores</span> <span class='ocrx_word' id='word_1_496' title='bbox 355 4164 503 4234; x_wconf 88' lang='lat' dir='ltr'>nsquam</span> <span class='ocrx_word' id='word_1_497' title='bbox 519 4138 699 4213; x_wconf 84' lang='lat' dir='ltr'>Ecclesiae</span> <span class='ocrx_word' id='word_1_498' title='bbox 715 4143 752 4211; x_wconf 93' lang='lat' dir='ltr'>in</span> <span class='ocrx_word' id='word_1_499' title='bbox 763 4141 956 4214; x_wconf 87' lang='lat' dir='ltr'>Germania</span> <span class='ocrx_word' id='word_1_500' title='bbox 972 4138 1144 4214; x_wconf 89' lang='lat' dir='ltr'>hactenus</span> <span class='ocrx_word' id='word_1_501' title='bbox 1192 4139 1341 4224; x_wconf 86' lang='lat' dir='ltr'>sciebat,</span> <span class='ocrx_word' id='word_1_502' title='bbox 1365 4142 1427 4210; x_wconf 90' lang='lat' dir='ltr'>sed</span> <span class='ocrx_word' id='word_1_503' title='bbox 1443 4144 1657 4214; x_wconf 86' lang='lat' dir='ltr'>necessariae</span> <span class='ocrx_word' id='word_1_504' title='bbox 1670 4147 1886 4217; x_wconf 89' lang='lat' dir='ltr'>defensionis</span> <span class='ocrx_word' id='word_1_505' title='bbox 1906 4170 2033 4233; x_wconf 69' lang='lat' dir='ltr'>caum,</span> <span class='ocrx_word' id='word_1_506' title='bbox 2058 4147 2177 4241; x_wconf 86' lang='lat' dir='ltr'>privs·</span> 
     </span>
     <span class='ocr_line' id='line_1_40' title="bbox 153 4240 2177 4343; baseline 0.003 -31"><span class='ocrx_word' id='word_1_507' title='bbox 153 4245 313 4315; x_wconf 76' lang='lat' dir='ltr'>feserunt.</span> <span class='ocrx_word' id='word_1_508' title='bbox 365 4241 512 4314; x_wconf 82' lang='lat' dir='ltr'>Floreut</span> <span class='ocrx_word' id='word_1_509' title='bbox 532 4257 567 4316; x_wconf 88' lang='lat' dir='ltr'>et</span> <span class='ocrx_word' id='word_1_510' title='bbox 590 4240 741 4316; x_wconf 87' lang='lat' dir='ltr'>Scholae</span> <span class='ocrx_word' id='word_1_511' title='bbox 763 4244 804 4314; x_wconf 92' lang='lat' dir='ltr'>in</span> <span class='ocrx_word' id='word_1_512' title='bbox 826 4244 987 4336; x_wconf 89' lang='lat' dir='ltr'>oppidis,</span> <span class='ocrx_word' id='word_1_513' title='bbox 1012 4259 1143 4316; x_wconf 89' lang='lat' dir='ltr'>etcum</span> <span class='ocrx_word' id='word_1_514' title='bbox 1193 4254 1248 4311; x_wconf 90' lang='lat' dir='ltr'>tos</span> <span class='ocrx_word' id='word_1_515' title='bbox 1269 4256 1385 4313; x_wconf 90' lang='lat' dir='ltr'>autern</span> <span class='ocrx_word' id='word_1_516' title='bbox 1410 4244 1551 4314; x_wconf 90' lang='lat' dir='ltr'>dolores</span> <span class='ocrx_word' id='word_1_517' title='bbox 1565 4247 1793 4337; x_wconf 88' lang='lat' dir='ltr'>perferendos</span> <span class='ocrx_word' id='word_1_518' title='bbox 1809 4272 1880 4321; x_wconf 90' lang='lat' dir='ltr'>esse</span> <span class='ocrx_word' id='word_1_519' title='bbox 1895 4264 2043 4343; x_wconf 85' lang='lat' dir='ltr'>propter</span> <span class='ocrx_word' id='word_1_520' title='bbox 2058 4248 2177 4342; x_wconf 86' lang='lat' dir='ltr'>puhli-</span> 
     </span>
     <span class='ocr_line' id='line_1_41' title="bbox 154 4343 2176 4443; baseline 0.004 -29"><span class='ocrx_word' id='word_1_521' title='bbox 154 4346 268 4434; x_wconf 86' lang='lat' dir='ltr'>gentis</span> <span class='ocrx_word' id='word_1_522' title='bbox 291 4345 432 4436; x_wconf 83' lang='lat' dir='ltr'>ingenia</span> <span class='ocrx_word' id='word_1_523' title='bbox 453 4345 524 4418; x_wconf 89' lang='lat' dir='ltr'>sint</span> <span class='ocrx_word' id='word_1_524' title='bbox 547 4346 790 4417; x_wconf 88' lang='lat' dir='ltr'>doctrinarum</span> <span class='ocrx_word' id='word_1_525' title='bbox 811 4347 970 4438; x_wconf 85' lang='lat' dir='ltr'>capacia,</span> <span class='ocrx_word' id='word_1_526' title='bbox 995 4359 1144 4418; x_wconf 89' lang='lat' dir='ltr'>naturae</span> <span class='ocrx_word' id='word_1_527' title='bbox 1193 4366 1269 4412; x_wconf 90' lang='lat' dir='ltr'>cam</span> <span class='ocrx_word' id='word_1_528' title='bbox 1293 4343 1495 4416; x_wconf 88' lang='lat' dir='ltr'>utilitatem.</span> <span class='ocrx_word' id='word_1_529' title='bbox 1544 4343 1593 4418; x_wconf 91' lang='lat' dir='ltr'>Et</span> <span class='ocrx_word' id='word_1_530' title='bbox 1610 4363 1651 4419; x_wconf 92' lang='lat' dir='ltr'>ut</span> <span class='ocrx_word' id='word_1_531' title='bbox 1673 4346 1842 4422; x_wconf 88' lang='lat' dir='ltr'>historias</span> <span class='ocrx_word' id='word_1_532' title='bbox 1859 4353 2013 4425; x_wconf 87' lang='lat' dir='ltr'>multum</span> <span class='ocrx_word' id='word_1_533' title='bbox 2030 4353 2176 4443; x_wconf 79' lang='lat' dir='ltr'>legebat,</span> 
     </span>
     <span class='ocr_line' id='line_1_42' title="bbox 66 4441 2176 4541; baseline 0.006 -26"><span class='ocrx_word' id='word_1_534' title='bbox 66 4494 71 4503; x_wconf 81' lang='lat'>·</span> <span class='ocrx_word' id='word_1_535' title='bbox 154 4447 261 4516; x_wconf 87' lang='lat' dir='ltr'>etiam</span> <span class='ocrx_word' id='word_1_536' title='bbox 279 4460 392 4519; x_wconf 88' lang='lat' dir='ltr'>rectae</span> <span class='ocrx_word' id='word_1_537' title='bbox 407 4459 490 4519; x_wconf 88' lang='lat' dir='ltr'>sunt</span> <span class='ocrx_word' id='word_1_538' title='bbox 505 4461 540 4517; x_wconf 88' lang='lat' dir='ltr'>et</span> <span class='ocrx_word' id='word_1_539' title='bbox 552 4441 820 4520; x_wconf 88' lang='lat' dir='ltr'>abhorrentesa</span> <span class='ocrx_word' id='word_1_540' title='bbox 839 4449 1050 4520; x_wconf 90' lang='lat' dir='ltr'>monstrosis</span> <span class='ocrx_word' id='word_1_541' title='bbox 1063 4449 1144 4541; x_wconf 90' lang='lat' dir='ltr'>opi·</span> <span class='ocrx_word' id='word_1_542' title='bbox 1192 4467 1294 4536; x_wconf 88' lang='lat' dir='ltr'>saepe</span> <span class='ocrx_word' id='word_1_543' title='bbox 1317 4449 1362 4514; x_wconf 91' lang='lat' dir='ltr'>de</span> <span class='ocrx_word' id='word_1_544' title='bbox 1384 4447 1488 4517; x_wconf 89' lang='lat' dir='ltr'>bellis</span> <span class='ocrx_word' id='word_1_545' title='bbox 1505 4451 1672 4522; x_wconf 87' lang='lat' dir='ltr'>narrabat</span> <span class='ocrx_word' id='word_1_546' title='bbox 1695 4452 1878 4524; x_wconf 88' lang='lat' dir='ltr'>oraculum</span> <span class='ocrx_word' id='word_1_547' title='bbox 1893 4450 2176 4528; x_wconf 82' lang='lat' dir='ltr'>Graecisdatuus</span> 
     </span>
     <span class='ocr_line' id='line_1_43' title="bbox 157 4544 2177 4651; baseline 0.007 -35"><span class='ocrx_word' id='word_1_548' title='bbox 157 4547 340 4623; x_wconf 89' lang='lat' dir='ltr'>nionibns.</span> <span class='ocrx_word' id='word_1_549' title='bbox 391 4546 487 4619; x_wconf 83' lang='lat' dir='ltr'>llaec</span> <span class='ocrx_word' id='word_1_550' title='bbox 503 4544 724 4620; x_wconf 89' lang='lat' dir='ltr'>deEcclesiis</span> <span class='ocrx_word' id='word_1_551' title='bbox 739 4562 773 4621; x_wconf 93' lang='lat' dir='ltr'>et</span> <span class='ocrx_word' id='word_1_552' title='bbox 790 4551 835 4621; x_wconf 92' lang='lat' dir='ltr'>de</span> <span class='ocrx_word' id='word_1_553' title='bbox 851 4565 1019 4643; x_wconf 90' lang='lat' dir='ltr'>perpetua</span> <span class='ocrx_word' id='word_1_554' title='bbox 1032 4547 1144 4621; x_wconf 85' lang='lat' dir='ltr'>Ducis</span> <span class='ocrx_word' id='word_1_555' title='bbox 1193 4560 1277 4617; x_wconf 90' lang='lat' dir='ltr'>ante</span> <span class='ocrx_word' id='word_1_556' title='bbox 1306 4571 1460 4640; x_wconf 87' lang='lat' dir='ltr'>pugnam</span> <span class='ocrx_word' id='word_1_557' title='bbox 1489 4552 1533 4620; x_wconf 88' lang='lat' dir='ltr'>ad</span> <span class='ocrx_word' id='word_1_558' title='bbox 1558 4550 1714 4635; x_wconf 86' lang='lat' dir='ltr'>Plateas,</span> <span class='ocrx_word' id='word_1_559' title='bbox 1751 4551 2000 4649; x_wconf 76' lang='grc' dir='ltr'>ἀμυνομένοις</span> <span class='ocrx_word' id='word_1_560' title='bbox 2030 4553 2177 4651; x_wconf 77' lang='grc' dir='ltr'>βέλτιον</span> 
     </span>
     <span class='ocr_line' id='line_1_44' title="bbox 152 4644 2176 4750; baseline 0.006 -30"><span class='ocrx_word' id='word_1_561' title='bbox 152 4644 297 4720; x_wconf 85' lang='lat' dir='ltr'>Ernesti</span> <span class='ocrx_word' id='word_1_562' title='bbox 313 4649 498 4740; x_wconf 86' lang='lat' dir='ltr'>diligentia</span> <span class='ocrx_word' id='word_1_563' title='bbox 513 4651 554 4719; x_wconf 92' lang='lat' dir='ltr'>in</span> <span class='ocrx_word' id='word_1_564' title='bbox 569 4651 712 4722; x_wconf 89' lang='lat' dir='ltr'>tuendis</span> <span class='ocrx_word' id='word_1_565' title='bbox 724 4647 893 4723; x_wconf 89' lang='lat' dir='ltr'>Ecclesiis</span> <span class='ocrx_word' id='word_1_566' title='bbox 908 4676 951 4723; x_wconf 87' lang='lat' dir='ltr'>eo</span> <span class='ocrx_word' id='word_1_567' title='bbox 967 4653 1043 4722; x_wconf 85' lang='lat' dir='ltr'>diri</span> <span class='ocrx_word' id='word_1_568' title='bbox 1059 4654 1144 4724; x_wconf 87' lang='lat' dir='ltr'>bre·</span> <span class='ocrx_word' id='word_1_569' title='bbox 1191 4647 1344 4721; x_wconf 79' lang='grc' dir='ltr'>ἔσεσθαι</span> <span class='ocrx_word' id='word_1_570' title='bbox 1352 4701 1364 4734; x_wconf 87' lang='grc'><strong><em>,</em></strong></span> <span class='ocrx_word' id='word_1_571' title='bbox 1407 4649 1565 4749; x_wconf 70' lang='grc' dir='ltr'>ἄρχουσι</span> <span class='ocrx_word' id='word_1_572' title='bbox 1591 4649 1631 4726; x_wconf 79' lang='grc' dir='ltr'>δὲ</span> <span class='ocrx_word' id='word_1_573' title='bbox 1661 4649 1783 4750; x_wconf 77' lang='grc' dir='ltr'>μάχης</span> <span class='ocrx_word' id='word_1_574' title='bbox 1813 4656 1873 4730; x_wconf 63' lang='lat' dir='ltr'>ott</span> <span class='ocrx_word' id='word_1_575' title='bbox 1927 4657 2043 4730; x_wconf 90' lang='lat' dir='ltr'>Patris</span> <span class='ocrx_word' id='word_1_576' title='bbox 2072 4661 2176 4733; x_wconf 81' lang='lat' dir='ltr'>etiam</span> 
     </span>
     <span class='ocr_line' id='line_1_45' title="bbox 153 4747 2177 4850; baseline 0.009 -34"><span class='ocrx_word' id='word_1_577' title='bbox 153 4751 252 4836; x_wconf 90' lang='lat' dir='ltr'>vius,</span> <span class='ocrx_word' id='word_1_578' title='bbox 276 4752 339 4844; x_wconf 87' lang='lat' dir='ltr'>qui</span> <span class='ocrx_word' id='word_1_579' title='bbox 356 4752 599 4848; x_wconf 90' lang='lat' dir='ltr'>tranquillitas</span> <span class='ocrx_word' id='word_1_580' title='bbox 612 4747 852 4826; x_wconf 80' lang='lat' dir='ltr'>Ecclesiamm</span> <span class='ocrx_word' id='word_1_581' title='bbox 875 4755 914 4825; x_wconf 94' lang='lat' dir='ltr'>in</span> <span class='ocrx_word' id='word_1_582' title='bbox 931 4752 973 4826; x_wconf 89' lang='lat' dir='ltr'>iis</span> <span class='ocrx_word' id='word_1_583' title='bbox 988 4755 1075 4825; x_wconf 90' lang='lat' dir='ltr'>locis</span> <span class='ocrx_word' id='word_1_584' title='bbox 1089 4767 1145 4827; x_wconf 89' lang='lat' dir='ltr'>te·</span> <span class='ocrx_word' id='word_1_585' title='bbox 1191 4753 1390 4844; x_wconf 84' lang='lat' dir='ltr'>exemplum</span> <span class='ocrx_word' id='word_1_586' title='bbox 1413 4756 1592 4848; x_wconf 88' lang='lat' dir='ltr'>repetebat</span> <span class='ocrx_word' id='word_1_587' title='bbox 1611 4758 1674 4850; x_wconf 91' lang='lat' dir='ltr'>qni</span> <span class='ocrx_word' id='word_1_588' title='bbox 1697 4759 1811 4832; x_wconf 89' lang='lat' dir='ltr'>victor</span> <span class='ocrx_word' id='word_1_589' title='bbox 1832 4761 1949 4832; x_wconf 88' lang='lat' dir='ltr'>fuerat</span> <span class='ocrx_word' id='word_1_590' title='bbox 1961 4783 2043 4832; x_wconf 88' lang='lat' dir='ltr'>cum</span> <span class='ocrx_word' id='word_1_591' title='bbox 2061 4756 2177 4835; x_wconf 88' lang='lat' dir='ltr'>hostes</span> 
     </span>
     <span class='ocr_line' id='line_1_46' title="bbox 51 4851 2177 4955; baseline 0.008 -36"><span class='ocrx_word' id='word_1_592' title='bbox 51 4876 57 4887; x_wconf 71' lang='lat'><strong><em>¹</em></strong></span> <span class='ocrx_word' id='word_1_593' title='bbox 153 4853 362 4923; x_wconf 91' lang='lat' dir='ltr'>stimonium</span> <span class='ocrx_word' id='word_1_594' title='bbox 385 4868 437 4927; x_wconf 87' lang='lat' dir='ltr'>est</span> <span class='ocrx_word' id='word_1_595' title='bbox 460 4854 665 4946; x_wconf 76' lang='lat' dir='ltr'>vigilantiae</span> <span class='ocrx_word' id='word_1_596' title='bbox 687 4855 797 4946; x_wconf 90' lang='lat' dir='ltr'>ipsius</span> <span class='ocrx_word' id='word_1_597' title='bbox 817 4856 857 4927; x_wconf 91' lang='lat' dir='ltr'>in</span> <span class='ocrx_word' id='word_1_598' title='bbox 876 4851 944 4928; x_wconf 87' lang='lat' dir='ltr'>hac</span> <span class='ocrx_word' id='word_1_599' title='bbox 967 4869 1065 4949; x_wconf 89' lang='lat' dir='ltr'>parte</span> <span class='ocrx_word' id='word_1_600' title='bbox 1077 4879 1145 4948; x_wconf 84' lang='lat' dir='ltr'>gn·</span> <span class='ocrx_word' id='word_1_601' title='bbox 1192 4854 1329 4947; x_wconf 87' lang='lat' dir='ltr'>priores</span> <span class='ocrx_word' id='word_1_602' title='bbox 1346 4856 1489 4928; x_wconf 87' lang='lat' dir='ltr'>adeum</span> <span class='ocrx_word' id='word_1_603' title='bbox 1512 4860 1755 4944; x_wconf 87' lang='lat' dir='ltr'>accessissent,</span> <span class='ocrx_word' id='word_1_604' title='bbox 1781 4878 1822 4935; x_wconf 94' lang='lat' dir='ltr'>ut</span> <span class='ocrx_word' id='word_1_605' title='bbox 1838 4863 2016 4955; x_wconf 86' lang='lat' dir='ltr'>praelium</span> <span class='ocrx_word' id='word_1_606' title='bbox 2033 4860 2177 4945; x_wconf 77' lang='lat' dir='ltr'>cierent.</span> 
     </span>
     <span class='ocr_line' id='line_1_47' title="bbox 93 4955 2179 5053; baseline 0.008 -31"><span class='ocrx_word' id='word_1_607' title='bbox 93 4997 99 5011; x_wconf 88' lang='lat'><strong>·</strong></span> <span class='ocrx_word' id='word_1_608' title='bbox 152 4955 386 5031; x_wconf 77' lang='lat' dir='ltr'>baruntionis.</span> <span class='ocrx_word' id='word_1_609' title='bbox 437 4955 555 5028; x_wconf 82' lang='lat' dir='ltr'>Venio</span> <span class='ocrx_word' id='word_1_610' title='bbox 567 4978 665 5029; x_wconf 90' lang='lat' dir='ltr'>nune</span> <span class='ocrx_word' id='word_1_611' title='bbox 680 4958 724 5029; x_wconf 93' lang='lat' dir='ltr'>ad</span> <span class='ocrx_word' id='word_1_612' title='bbox 748 4981 812 5045; x_wconf 90' lang='lat' dir='ltr'>ea,</span> <span class='ocrx_word' id='word_1_613' title='bbox 835 4982 927 5053; x_wconf 91' lang='lat' dir='ltr'>quae</span> <span class='ocrx_word' id='word_1_614' title='bbox 947 4960 992 5029; x_wconf 93' lang='lat' dir='ltr'>ad</span> <span class='ocrx_word' id='word_1_615' title='bbox 1017 4982 1144 5030; x_wconf 89' lang='lat' dir='ltr'>secun·</span> <span class='ocrx_word' id='word_1_616' title='bbox 1193 4955 1236 5026; x_wconf 91' lang='lat' dir='ltr'>ln</span> <span class='ocrx_word' id='word_1_617' title='bbox 1252 4957 1497 5031; x_wconf 86' lang='lat' dir='ltr'>iurisdictione</span> <span class='ocrx_word' id='word_1_618' title='bbox 1513 4960 1704 5033; x_wconf 90' lang='lat' dir='ltr'>domestica</span> <span class='ocrx_word' id='word_1_619' title='bbox 1725 4962 1795 5035; x_wconf 91' lang='lat' dir='ltr'>fuit</span> <span class='ocrx_word' id='word_1_620' title='bbox 1813 4960 2179 5053; x_wconf 69' lang='lat' dir='ltr'>assiduus-et‘iustus,</span> 
     </span>
     <span class='ocr_line' id='line_1_48' title="bbox 151 5056 2179 5159; baseline 0.006 -34"><span class='ocrx_word' id='word_1_621' title='bbox 151 5059 234 5126; x_wconf 88' lang='lat' dir='ltr'>dam</span> <span class='ocrx_word' id='word_1_622' title='bbox 248 5058 406 5149; x_wconf 85' lang='lat' dir='ltr'>decalogi</span> <span class='ocrx_word' id='word_1_623' title='bbox 422 5073 555 5151; x_wconf 90' lang='lat' dir='ltr'>partem</span> <span class='ocrx_word' id='word_1_624' title='bbox 573 5059 716 5153; x_wconf 90' lang='lat' dir='ltr'>proprie</span> <span class='ocrx_word' id='word_1_625' title='bbox 731 5060 921 5154; x_wconf 88' lang='lat' dir='ltr'>pertinent.</span> <span class='ocrx_word' id='word_1_626' title='bbox 973 5056 1143 5133; x_wconf 81' lang='lat' dir='ltr'>Armatus</span> <span class='ocrx_word' id='word_1_627' title='bbox 1191 5058 1318 5131; x_wconf 88' lang='lat' dir='ltr'>delicta</span> <span class='ocrx_word' id='word_1_628' title='bbox 1334 5084 1454 5133; x_wconf 87' lang='lat' dir='ltr'>severe</span> <span class='ocrx_word' id='word_1_629' title='bbox 1468 5062 1631 5157; x_wconf 91' lang='lat' dir='ltr'>punivit,</span> <span class='ocrx_word' id='word_1_630' title='bbox 1656 5087 1758 5156; x_wconf 88' lang='lat' dir='ltr'>saepe</span> <span class='ocrx_word' id='word_1_631' title='bbox 1771 5081 1932 5159; x_wconf 91' lang='lat' dir='ltr'>repetens</span> <span class='ocrx_word' id='word_1_632' title='bbox 1946 5090 2069 5140; x_wconf 86' lang='lat' dir='ltr'>vocem</span> <span class='ocrx_word' id='word_1_633' title='bbox 2086 5068 2179 5142; x_wconf 86' lang='lat' dir='ltr'>divi·</span> 
     </span>
     <span class='ocr_line' id='line_1_49' title="bbox 150 5158 2179 5283; baseline 0.006 -55"><span class='ocrx_word' id='word_1_634' title='bbox 150 5181 376 5230; x_wconf 88' lang='lat' dir='ltr'>communem</span> <span class='ocrx_word' id='word_1_635' title='bbox 400 5160 496 5253; x_wconf 88' lang='lat' dir='ltr'>pacis</span> <span class='ocrx_word' id='word_1_636' title='bbox 514 5162 755 5235; x_wconf 80' lang='lat' dir='ltr'>defensionem</span> <span class='ocrx_word' id='word_1_637' title='bbox 781 5161 820 5232; x_wconf 93' lang='lat' dir='ltr'>in</span> <span class='ocrx_word' id='word_1_638' title='bbox 839 5158 1034 5235; x_wconf 88' lang='lat' dir='ltr'>Germania</span> <span class='ocrx_word' id='word_1_639' title='bbox 1059 5186 1140 5234; x_wconf 92' lang='lat' dir='ltr'>cum</span> <span class='ocrx_word' id='word_1_640' title='bbox 1192 5183 1292 5249; x_wconf 90' lang='lat' dir='ltr'>nam,</span> <span class='ocrx_word' id='word_1_641' title='bbox 1315 5186 1400 5283; x_wconf 50' lang='lat' dir='ltr'>‘on</span> <span class='ocrx_word' id='word_1_642' title='bbox 1424 5188 1545 5257; x_wconf 87' lang='lat' dir='ltr'>parcas</span> <span class='ocrx_word' id='word_1_643' title='bbox 1568 5159 1776 5252; x_wconf 90' lang='lat' dir='ltr'>homicidis,</span> <span class='ocrx_word' id='word_1_644' title='bbox 1807 5192 1848 5240; x_wconf 89' lang='lat' dir='ltr'>ac</span> <span class='ocrx_word' id='word_1_645' title='bbox 1869 5170 2012 5257; x_wconf 89' lang='lat' dir='ltr'>dicens,</span> <span class='ocrx_word' id='word_1_646' title='bbox 2035 5168 2179 5243; x_wconf 84' lang='lat' dir='ltr'>Princi-</span> 
     </span>
     <span class='ocr_line' id='line_1_50' title="bbox 151 5258 2180 5365; baseline 0.009 -38"><span class='ocrx_word' id='word_1_647' title='bbox 151 5260 259 5330; x_wconf 91' lang='lat' dir='ltr'>fratre</span> <span class='ocrx_word' id='word_1_648' title='bbox 273 5259 410 5335; x_wconf 86' lang='lat' dir='ltr'>adiuvit</span> <span class='ocrx_word' id='word_1_649' title='bbox 426 5261 464 5331; x_wconf 94' lang='lat' dir='ltr'>in</span> <span class='ocrx_word' id='word_1_650' title='bbox 479 5258 663 5335; x_wconf 87' lang='lat' dir='ltr'>Seditione</span> <span class='ocrx_word' id='word_1_651' title='bbox 676 5262 894 5352; x_wconf 87' lang='lat' dir='ltr'>Rusticana,</span> <span class='ocrx_word' id='word_1_652' title='bbox 918 5279 959 5338; x_wconf 93' lang='lat' dir='ltr'>nt</span> <span class='ocrx_word' id='word_1_653' title='bbox 971 5264 1142 5337; x_wconf 92' lang='lat' dir='ltr'>uomina·</span> <span class='ocrx_word' id='word_1_654' title='bbox 1189 5287 1252 5356; x_wconf 90' lang='lat' dir='ltr'>pes</span> <span class='ocrx_word' id='word_1_655' title='bbox 1265 5265 1448 5337; x_wconf 74' lang='lat' dir='ltr'>ministros</span> <span class='ocrx_word' id='word_1_656' title='bbox 1463 5289 1537 5337; x_wconf 91' lang='lat' dir='ltr'>esse</span> <span class='ocrx_word' id='word_1_657' title='bbox 1552 5266 1709 5339; x_wconf 80' lang='lat' dir='ltr'>iusticias</span> <span class='ocrx_word' id='word_1_658' title='bbox 1722 5266 1809 5350; x_wconf 89' lang='lat' dir='ltr'>Dei,</span> <span class='ocrx_word' id='word_1_659' title='bbox 1832 5284 1867 5343; x_wconf 91' lang='lat' dir='ltr'>et</span> <span class='ocrx_word' id='word_1_660' title='bbox 1882 5272 2005 5365; x_wconf 88' lang='lat' dir='ltr'>puniri</span> <span class='ocrx_word' id='word_1_661' title='bbox 2029 5274 2129 5365; x_wconf 89' lang='lat' dir='ltr'>ipsos</span> <span class='ocrx_word' id='word_1_662' title='bbox 2149 5272 2180 5347; x_wconf 90' lang='lat' dir='ltr'>si</span> 
     </span>
    </p>
   </div>
   <div class='ocr_carea' id='block_1_4' title="bbox 151 5363 2179 5463">
    <p class='ocr_par' dir='ltr' id='par_1_4' title="bbox 151 5363 2179 5463">
     <span class='ocr_line' id='line_1_51' title="bbox 151 5363 2179 5463; baseline 0.008 -32"><span class='ocrx_word' id='word_1_663' title='bbox 151 5372 227 5444; x_wconf 89' lang='lat' dir='ltr'>tur,</span> <span class='ocrx_word' id='word_1_664' title='bbox 268 5384 363 5435; x_wconf 86' lang='lat' dir='ltr'>anuo</span> <span class='ocrx_word' id='word_1_665' title='bbox 403 5363 596 5437; x_wconf 86' lang='lat' dir='ltr'>millesimo</span> <span class='ocrx_word' id='word_1_666' title='bbox 630 5365 933 5463; x_wconf 72' lang='lat' dir='ltr'>quingentesimo,</span> <span class='ocrx_word' id='word_1_667' title='bbox 971 5366 1141 5443; x_wconf 85' lang='lat' dir='ltr'>vicesimo</span> <span class='ocrx_word' id='word_1_668' title='bbox 1190 5366 1280 5441; x_wconf 89' lang='lat' dir='ltr'>lenti</span> <span class='ocrx_word' id='word_1_669' title='bbox 1296 5369 1336 5440; x_wconf 91' lang='lat' dir='ltr'>in</span> <span class='ocrx_word' id='word_1_670' title='bbox 1349 5369 1466 5442; x_wconf 82' lang='lat' dir='ltr'>officio</span> <span class='ocrx_word' id='word_1_671' title='bbox 1481 5383 1616 5454; x_wconf 80' lang='lat' dir='ltr'>essem,</span> <span class='ocrx_word' id='word_1_672' title='bbox 1640 5384 1684 5444; x_wconf 91' lang='lat' dir='ltr'>nt</span> <span class='ocrx_word' id='word_1_673' title='bbox 1701 5372 1829 5445; x_wconf 90' lang='lat' dir='ltr'>accidit</span> <span class='ocrx_word' id='word_1_674' title='bbox 1847 5372 1961 5448; x_wconf 88' lang='lat' dir='ltr'>tribui</span> <span class='ocrx_word' id='word_1_675' title='bbox 1975 5372 2179 5458; x_wconf 85' lang='lat' dir='ltr'>Beniamin,</span> 
     </span>
    </p>
   </div>
   <div class='ocr_carea' id='block_1_5' title="bbox 0 0 2344 6036">
    <p class='ocr_par' dir='ltr' id='par_1_5' title="bbox 0 0 2344 6036">
     <span class='ocr_line' id='line_1_52' title="bbox 0 0 2344 6036; baseline 0 0"><span class='ocrx_word' id='word_1_676' title='bbox 0 0 2344 6036; x_wconf 95' lang='lat' dir='ltr'> </span> 
     </span>
    </p>
   </div>
  </div>
 </body>
</html>
