4680 6038
70 206 147 281 740
760 209 793 287 1.
832 202 1127 285 CHRONlCON
1154 197 1405 286 CARIONIS.

2020 232 2095 307 760

67 380 234 453 nominat
248 381 380 453 foetum
397 393 567 454 venturae
580 382 713 455 matris.
754 377 929 476 Expresse
942 396 1060 454 autem
1112 400 1186 447 nou
1202 379 1352 451 dubium
1369 394 1477 464 esset,
1501 377 1592 457 hanc
1607 410 1681 460 esse
1696 393 1895 469 doctrinam
1921 401 2092 492 divinam,

69 484 186 576 prima
205 485 391 576 promissio
407 485 567 578 loquitur
579 485 622 554 de
637 486 853 559 restituenda
869 486 1008 557 iusticia
1025 496 1061 554 et
1111 480 1232 554 addita
1263 496 1346 556 sunt
1374 496 1428 555 tot
1449 486 1665 562 testimonia:
1701 491 1855 571 Eductio
1886 506 2009 595 populi
2030 531 2093 598 per

67 587 143 655 vita
159 599 319 672 aeterna,
345 588 460 658 deleto
480 601 618 678 peccato
632 601 667 658 et
683 589 815 659 abolita
827 602 953 664 morte.
987 586 1060 656 lta·
1109 605 1206 655 mare
1230 586 1398 672 rubrum,
1424 590 1526 681 aquis
1547 594 1772 684 cedentibus,
1801 616 1836 672 et
1859 620 1976 692 postea
1997 604 2092 677 Pha-

68 712 139 783 que
159 713 279 758 vocem
295 686 482 781 Evangelii
501 692 647 760 eandem
670 692 791 763 docuit
810 689 934 777 lacob,
969 712 1059 784 quae
1109 687 1229 757 raonis
1254 688 1436 774 interitus,
1462 689 1596 764 Manna
1621 698 1666 767 de
1687 702 1785 770 coelo
1800 726 1978 794 sparsum,
2004 711 2089 778 dum

69 792 109 859 in
133 790 273 884 scriptis
298 788 512 884 propheticis
534 807 567 863 et
591 794 792 883 apostolicis
825 796 869 862 de
895 793 968 863 filio
991 790 1059 862 Dei
1110 790 1268 881 quotidie
1291 792 1439 880 singulis
1463 795 1535 863 duo
1561 792 1722 887 χοίνικες
1745 804 1818 874 dati
1840 821 1942 892 sunt,
1968 810 2090 895 idest,

69 907 104 962 et
137 894 288 962 aeternis
315 895 390 962 eins
424 895 601 963 beneficiis
630 908 747 985 postea
773 896 901 987 scripta
921 908 990 981 est,
1024 907 1058 964 et

68 1017 160 1087 quae
178 1010 231 1065 est
248 997 390 1086 propria
407 993 584 1065 Ecclesiae
598 998 778 1078 doctrina,
805 1011 839 1069 et
852 1021 928 1067 eam
942 1021 962 1067 a
979 1020 1058 1067 cae·

69 1098 153 1165 teris
170 1098 333 1187 gentibus
349 1098 530 1172 discernit.

154 1293 215 1361 De
235 1295 354 1361 enites
374 1294 677 1364 laraettraram
704 1318 756 1362 ex
777 1298 974 1385 Aegypto.

171 1433 252 1505 Non
286 1436 394 1523 longo
423 1449 582 1526 tempore
608 1452 860 1528 postmortem
883 1433 1056 1537 Ioseph

68 1560 166 1627 reges
176 1535 339 1632 Aegyptii
354 1537 488 1607 abiecta
506 1540 666 1609 doctrina
685 1536 809 1632 loseph
824 1564 947 1613 rursus
961 1543 1056 1612 idola

68 1641 274 1724 coluerunt,
313 1652 347 1708 et
378 1639 529 1727 magicas
557 1656 649 1711 artes
668 1644 819 1733 amplexi
840 1659 936 1718 sunt.
1004 1643 1054 1715 lta

67 1766 143 1811 non
160 1743 223 1811 din
237 1743 392 1811 retinent
405 1734 569 1811 homines
584 1742 697 1813 lucem
715 1746 889 1832 veritatis,
915 1749 985 1816 nisi
1000 1748 1057 1816 di·

65 1844 200 1915 vinitus
229 1855 407 1926 servetur,
456 1843 547 1914 sicut
579 1858 663 1915 tunc
696 1847 825 1918 veritas
853 1849 891 1916 in
923 1850 1056 1940 populo

65 1941 235 2014 Israel
266 1957 469 2014 conservata
499 1959 561 2017 est.
627 1944 718 2017 Cum
751 1961 867 2019 autem
890 1946 1057 2045 Aegyptii

63 2049 223 2118 odissent
243 2046 439 2128 lsrae‘litas,
472 2060 506 2116 et
527 2061 723 2118 metuerent
745 2072 869 2119 eorum
892 2053 1056 2122 multitu-

64 2150 208 2230 dinem,
234 2151 323 2218 dura
345 2149 513 2217 servitute
532 2172 590 2218 eos
606 2173 763 2239 premere
787 2167 996 2242 coeperunt,
1023 2168 1058 2224 et

64 2253 179 2321 edicta
197 2250 375 2340 proposita
388 2262 472 2319 sunt
487 2250 531 2317 de
544 2253 712 2320 necandis
728 2252 933 2325 infantibus.
961 2253 1057 2325 llaec

61 2346 245 2418 calamitai
261 2352 367 2437 longo
391 2363 549 2441 tempore
564 2354 725 2439 duravit,
757 2354 921 2426 videlicet
935 2380 955 2427 a
972 2370 1056 2427 nato

61 2450 183 2519 Moise
199 2476 310 2521 annos
323 2453 512 2541 octoginta.

170 2583 292 2679 lnquit
318 2601 435 2658 autem
467 2600 580 2658 textus
608 2587 647 2657 in
678 2584 803 2659 Exodo
836 2591 950 2681 capite
977 2593 1056 2672 12„

63 2684 225 2759 Ebraeos
256 2692 363 2759 fuisse
396 2684 551 2782 hospites
580 2690 617 2758 in
640 2687 800 2785 Aegypto
836 2716 949 2763 annos
968 2693 1054 2766 430.

63 2788 154 2860 lnde
168 2788 301 2861 Paulus
316 2815 504 2861 numerum
526 2791 696 2883 sumpsit,
730 2793 896 2885 inquiens
919 2796 965 2864 ad
981 2794 1056 2865 Ga-

64 2894 155 2963 latas
174 2916 249 2982 cap.
268 2897 322 2977 8.,
348 2905 427 2983 post
457 2894 728 2982 promissionem
751 2889 916 2965 Abrahae
936 2898 1055 2967 datam

63 3017 178 3086 usque
208 2996 252 3063 ad
279 2993 365 3084 legis
392 2994 713 3084 promulgationem
736 3020 849 3066 annos
872 3020 946 3068 esse
968 3022 1055 3092 qua·

67 3095 274 3183 dringentos
291 3110 326 3166 et
341 3095 495 3183 triginta.
545 3094 639 3165 Sunt
652 3096 759 3184 igitur
775 3098 861 3165 anni
876 3099 915 3166 in
929 3096 1055 3168 Exodo

63 3208 101 3266 et
132 3194 242 3267 Panlo
275 3223 350 3266 non
380 3197 593 3266 numerandi
624 3220 644 3265 a
676 3199 846 3267 descensu
878 3197 984 3269 lacob
1016 3200 1055 3268 in

62 3298 284 3391 Aegyptum,
309 3301 402 3370 seda
420 3298 534 3391 prima
549 3298 758 3387 migratione
772 3293 951 3388 Abrahae,
976 3324 1056 3371 cum

64 3424 106 3468 ex
127 3397 250 3473 llaran
273 3424 447 3491 egressus,
490 3400 759 3491 promissionem
788 3403 939 3490 accepit,
976 3428 1054 3474 cum

64 3517 157 3573 esset
186 3527 362 3573 annorum
387 3503 605 3594 septuaginta
629 3502 807 3597 quinque,
844 3498 892 3573 Et
912 3529 994 3574 mox
1018 3506 1056 3572 in

64 3602 267 3699 Aegyptum
286 3605 462 3697 profectus
485 3620 535 3677 est
559 3616 703 3696 propter
725 3606 864 3677 famem.
915 3604 1055 3676 llorum

66 3728 243 3776 annorum
264 3706 481 3795 computatio
500 3700 587 3775 haec
605 3719 669 3777 est:

118 3806 179 3880 25.
218 3807 354 3899 Viginti
371 3809 529 3901 quinque
547 3808 650 3894 anni,
680 3808 927 3898 emigratione
941 3805 1055 3880 Abra-

275 3905 341 3979 hae
358 3933 398 3979 ex
412 3907 553 3992 Haran,
579 3910 624 3979 ad
639 3923 762 3979 natum
779 3908 886 3980 lsaac.

118 4014 179 4085 60.
214 4010 418 4101 Sexaginta,
447 4026 550 4081 natus
568 4008 685 4083 Iacob.

118 4117 181 4189 90.
216 4115 434 4201 Nonaginta,
460 4128 564 4183 natus
581 4107 718 4203 loseph.

95 4218 182 4290 110.
218 4214 367 4285 Centum
386 4227 419 4283 et
432 4217 551 4284 decem
567 4214 656 4284 vixit
673 4208 812 4306 loseph.

118 4316 180 4389 66.
228 4316 414 4405 Sexaginta
461 4317 618 4411 quinque
661 4327 740 4408 post
782 4308 908 4405 loseph
956 4325 1060 4384 natus

274 4418 420 4490 Moises.

121 4524 182 4596 80.
224 4516 416 4608 Octoginta
450 4543 470 4588 a
503 4532 587 4590 nato
620 4514 737 4589 Moise
770 4517 815 4586 ad
845 4516 981 4586 exitum
1018 4539 1059 4584 ex

277 4618 449 4715 Aegypto.

214 4724 361 4797 Summa
386 4721 461 4791 460
486 4722 583 4790 anni.

167 4860 322 4949 Legatur
336 4871 452 4928 autem
468 4857 602 4945 integra
618 4850 767 4927 historia
784 4855 827 4923 de
842 4852 938 4924 exitu
945 4849 1060 4923 Isra'o‘-

67 4968 218 5037 litatum
236 4985 278 5030 ex
295 4956 478 5053 Aegypto,
503 4970 536 5026 et
552 4959 596 5027 de
612 4957 698 5046 legis
719 4953 1000 5048 promulgatione
1022 4955 1058 5021 in

69 5068 169 5137 libro
189 5061 310 5133 Moisi.
376 5059 471 5151 Quia
492 5059 586 5129 inter
606 5081 662 5127 res
682 5057 852 5126 maximas
873 5055 913 5123 in
934 5078 1061 5146 genere

70 5164 234 5239 humano
266 5162 446 5233 verissime
473 5175 526 5231 est
554 5160 616 5231 illa
636 5158 822 5250 patefactio
842 5154 931 5240 Dei,
960 5157 1062 5240 facta,

72 5292 158 5341 cum
185 5269 297 5355 legem
328 5264 469 5335 coelesti
500 5285 586 5333 voce
616 5261 729 5331 edidit
747 5260 786 5329 in
806 5270 927 5329 monte
950 5255 1063 5342 Sinai,

1109 906 1263 983 quatuor
1286 895 1444 980 sextarii,
1471 907 1505 965 ot
1527 898 1594 967 alia
1611 900 1767 989 ingentia
1785 907 1973 989 miracula,
1998 936 2088 1004 quo·

1109 1016 1188 1061 rum
1211 995 1444 1066 consideratio
1467 997 1505 1066 in
1528 1000 1634 1071 nobis
1649 1004 1754 1074 fidem
1778 1008 1822 1078 de
1841 1022 1912 1080 tota
1927 1012 2089 1084 doctrina

1108 1095 1146 1162 in
1160 1091 1317 1165 Ecclesia
1335 1099 1528 1169 confirmet.

1211 1195 1253 1265 ln
1269 1222 1307 1268 ea
1331 1193 1480 1269 historia
1502 1196 1569 1273 hoc
1591 1230 1733 1302 quoque
1758 1211 1863 1283 nobis
1878 1227 2016 1302 gratum
2030 1218 2087 1301 sit,

1108 1300 1204 1392 quod
1222 1297 1355 1369 Paulus
1368 1302 1539 1389 affirmat,
1563 1307 1679 1398 ipsum
1703 1311 1816 1382 filium
1830 1312 1897 1384 Dei
1912 1330 1947 1386 et
1963 1320 2088 1388 drrcto·

1108 1424 1183 1470 rem
1199 1414 1232 1471 et
1249 1403 1429 1473 custodem
1447 1404 1616 1477 Israelitis
1630 1412 1802 1500 adfuisse,
1830 1430 1863 1487 et
1886 1418 2087 1506 cogitemus,

1108 1527 1188 1574 eum
1209 1527 1348 1594 semper
1371 1506 1474 1575 etiam
1501 1503 1678 1580 Ecclesiae
1701 1537 1783 1584 suae
1804 1519 1942 1599 adesse,
1966 1533 2007 1589 ut
2030 1521 2088 1589 iu·

1108 1606 1202 1698 quit:
1242 1594 1353 1674 Petra
1383 1615 1504 1676 aretem
1536 1620 1613 1679 emt
1644 1604 1829 1691 Christus.
1898 1616 1946 1691 Et
1976 1621 2088 1711 placet

1108 1702 1199 1775 mihi
1221 1721 1379 1778 veterum
1402 1710 1664 1801 interpretatio,
1694 1717 1757 1808 qui
1781 1744 1861 1789 cum
1877 1718 2009 1791 Paulus
2030 1723 2089 1789 in·

1108 1809 1203 1902 quit,
1234 1809 1346 1897 legem
1377 1833 1439 1901 per
1460 1836 1603 1882 manum
1627 1815 1837 1890 Mediatoris
1865 1823 1981 1891 datam
2003 1846 2088 1905 esse,

1108 1910 1312 1999 intelligunt
1327 1910 1442 2001 ipsum
1459 1913 1569 1981 filium
1585 1913 1669 2002 Dei,
1691 1913 1804 2015 λόγον
1819 1923 1952 1994 aeterni
1968 1926 2089 2014 patris,

1108 2012 1214 2081 luisse
1226 2025 1402 2081 oratorem
1417 2016 1459 2081 ad
1484 2017 1677 2103 populum,
1703 2022 1878 2094 dicentem
1904 2026 2011 2094 verba
2035 2026 2088 2095 le-

1108 2114 1171 2201 gis.
1224 2112 1294 2201 Qui
1311 2115 1383 2204 ipse
1401 2129 1518 2202 postea
1540 2116 1574 2182 in
1593 2132 1717 2188 natura
1732 2117 1887 2194 hnmana
1908 2126 2012 2194 etiam
2032 2126 2089 2193 in·

1108 2216 1201 2305 quit:
1250 2215 1330 2283 Non
1372 2218 1451 2283 verri
1490 2218 1625 2287 solvere
1663 2220 1792 2309 legem,
1834 2227 1895 2295 sed
1929 2226 2086 2317 implere.

1108 2314 1203 2385 Haec
1221 2341 1285 2386 suo
1306 2317 1382 2385 loco
1397 2318 1573 2407 copiosius
1588 2320 1795 2393 declaranda
1811 2340 1902 2396 sunt.
1931 2384 1935 2393 .

1183 2414 1247 2489 Est
1278 2434 1394 2488 autem
1421 2443 1535 2487 annus
1565 2425 1751 2493 acondito
1781 2432 1915 2497 mundo
1940 2429 1983 2495 ad
2013 2428 2087 2495 exi-

1237 2531 1313 2588 tum
1339 2517 1577 2587 lsrae‘litarum
1609 2545 1650 2591 ex
1673 2521 1831 2618 Aegypto
1860 2530 1914 2598 bis
1938 2528 2088 2597 millesi-

1233 2642 1312 2687 mus
1349 2620 1733 2712 quadringentesimus,
1774 2628 2087 2723 quinquagesimus

1232 2721 1369 2790 tertius.
1970 2726 2087 2802 2453.

1181 2817 1239 2890 Ab
1267 2822 1361 2893 exitu
1379 2817 1545 2893 Abrahae
1566 2848 1608 2894 ex
1629 2825 1753 2898 llaran
1780 2831 2087 2924 quadringentesi-

1232 2946 1311 2991 mus
1327 2923 1534 2994 tricesimus.
1996 2931 2086 3008 480.

1181 3022 1267 3093 Post
1308 3025 1618 3113 conflagrationem
1641 3026 1833 3099 ‘Sodomae
1865 3056 1959 3102 auno
1996 3059 2085 3126 qua·

1232 3125 1510 3214 dringentesimo
1531 3140 1638 3196 sexto.
1996 3136 2086 3211 406.

1180 3222 1289 3294 Anno
1320 3241 1401 3297 ante
1432 3227 1699 3299 fabricationem
1726 3233 1852 3323 templi
1881 3232 2084 3307 Salomonis

1233 3329 1581 3420 quadringentesimo
1595 3331 1844 3422 octuagesimo,
1863 3349 1904 3406 ut
1914 3337 2086 3431 scripturn

1232 3441 1283 3497 est
1305 3429 1339 3500 3.
1356 3428 1495 3519 Regum
1513 3434 1548 3502 6.
1564 3455 1639 3523 cap.
1995 3438 2081 3511 480.

1206 3528 1513 3601 Considerandum
1536 3545 1588 3602 est
1608 3546 1743 3619 autem,
1768 3560 1858 3629 quae
1877 3560 1985 3627 regna
2000 3551 2086 3613 tunc

1106 3633 1144 3699 in
1164 3653 1290 3719 genere
1305 3628 1462 3701 humano
1480 3634 1666 3725 praecipua
1686 3635 1835 3723 fuerint,
1861 3640 2083 3733 quibusspe·

1107 3735 1285 3804 etantibus
1301 3735 1400 3803 Deus
1414 3732 1608 3805 Ecclesiam
1623 3759 1722 3805 suam
1737 3737 1777 3805 in
1791 3739 1871 3809 loco
1887 3753 1983 3810 certo
1997 3767 2084 3812 con-

1106 3837 1250 3907 stituere
1264 3836 1388 3905 voluit.
1439 3834 1572 3923 Magna
1593 3837 1662 3907 fuit
1681 3840 1837 3928 potentia
1857 3838 2084 3915 monarchiae

1108 3934 1291 4032 Assyriae,
1312 3939 1371 4006 sed
1389 3937 1573 4007 celebritas
1587 3939 1701 4007 maior
1712 3939 1780 4008 fuit
1795 3938 1978 4033 Aegyptii,
2000 3968 2085 4034 pro-

1108 4055 1184 4130 pter
1199 4038 1418 4129 opulentiam
1436 4051 1470 4107 et
1485 4053 1586 4112 artes.
1636 4038 1734 4109 Inter
1751 4035 1836 4110 baec
1850 4063 1957 4129 regna
1972 4046 2085 4114 collo·

1108 4141 1199 4210 cavit
1219 4141 1318 4210 Deus
1341 4137 1532 4209 Ecclesiam
1554 4162 1672 4221 suam,
1703 4154 1739 4211 et
1761 4141 1961 4213 illustribus
1985 4146 2084 4217 testi·

1107 4242 1238 4312 moniis
1253 4263 1353 4310 suam
1366 4241 1632 4333 patefactionem
1647 4242 1814 4319 ostendit.

1211 4340 1363 4413 Nomina
1392 4357 1510 4413 autem
1539 4366 1661 4432 regum
1683 4342 1940 4437 Aegyptiorum
1967 4362 2086 4439 poste-

1109 4446 1264 4525 riorum,
1290 4459 1329 4515 ut
1344 4443 1459 4514 Necao
1474 4456 1508 4512 et
1525 4440 1674 4537 Apryis,
1699 4447 1761 4538 qui
1780 4460 1899 4517 extant
1913 4449 1952 4517 in
1968 4446 2086 4521 Hero-

1108 4549 1204 4632 doto,
1224 4548 1268 4615 ad
1278 4541 1443 4617 historias
1458 4566 1578 4633 regum
1590 4542 1676 4615 luda
1692 4548 1873 4637 perspicue
1887 4572 2085 4619 accommo-

1108 4651 1192 4719 dare
1219 4669 1425 4739 possumus,
1457 4647 1542 4741 quia
1569 4660 1727 4737 tempora
1755 4661 1840 4719 nota
1862 4662 1956 4720 sunt.
2013 4648 2086 4721 Sed

1023 4780 1026 4785 ·
1108 4751 1269 4842 priorum
1284 4772 1408 4839 regum
1427 4760 1585 4838 tempora
1601 4749 1695 4842 apud
1710 4746 1932 4821 Herodotum
1947 4763 1982 4822 et
1996 4746 2085 4823 Dio-

1108 4856 1235 4922 dorum
1252 4875 1327 4920 non
1342 4862 1425 4920 sunt
1442 4850 1568 4919 ordine
1583 4862 1764 4920 annotata.
1875 4892 1879 4901 ·

1211 4945 1391 5035 Osiris,
1416 4952 1454 5019 id
1478 4964 1548 5035 est,
1573 4951 1764 5021 auxiliator
1784 4949 1859 5038 vir,
1880 4975 1942 5022 seu
1962 4953 2086 5024 beatus

1109 5055 1184 5136 vir,
1205 5055 1268 5147 qui
1283 5054 1502 5124 existimatur
1518 5053 1643 5122 vixisse
1664 5065 1824 5143 tempore
1840 5049 2027 5139 Abrabae,
2051 5068 2087 5123 et

1109 5151 1210 5226 Isis
1233 5155 1400 5227 coniunx.
1452 5149 1571 5235 lacha,
1596 5153 1633 5221 id
1648 5166 1718 5237 est,
1742 5152 1873 5242 virago.

1212 5248 1359 5340 Orus,
1387 5256 1509 5339 idest,
1535 5256 1667 5326 lumen.
1717 5247 1799 5339 Or,
1824 5256 1886 5349 qui
1901 5257 2086 5347 praecipue

72 5369 303 5441 audientibus
332 5365 502 5436 sexcentis
530 5362 689 5433 millibus
716 5361 890 5435 virorum.
946 5354 996 5433 Et
1025 5374 1064 5432 ut
1109 5360 1291 5433 doctrinas
1304 5358 1343 5428 in
1358 5354 1519 5451 Aegypto
1533 5369 1745 5427 monstrasse
1757 5356 1906 5443 dicitur,
1928 5358 2088 5429 existimo

1490 5454 1566 5502 AR*
