4680 6038
151 217 195 295 o
684 188 845 273 onan
886 186 962 264 nn
993 184 1385 270 nnvcnrnrra
1418 186 1640 271 rocon.
2129 200 2179 273 ιι

150 390 195 460 de
219 406 291 477 qno
310 379 443 448 dictum
467 385 534 443 est:
562 368 702 443 Noticia
724 365 817 439 servi
834 363 904 434 mei
927 363 1012 436 iusti
1038 364 1141 434 insti·
1191 380 1274 437 suut
1288 387 1418 455 organa
1436 361 1515 438 Dei.
1566 360 1658 435 Cum
1673 388 1746 435 non
1762 381 1844 438 sunt
1861 391 1990 458 organa
2008 367 2094 450 Dei,
2121 392 2180 439 oo.

151 487 268 559 beabit
281 482 424 553 mullos·
1193 467 1259 540 mis
1276 491 1335 538 eos
1350 467 1575 537 excutiendos
1591 490 1674 540 esse.
1724 464 1804 536 Etsi
1827 473 2004 541 subtiliter
2027 468 2093 541 hoo
2109 472 2181 539 niet

253 600 330 674 Etsi
354 611 469 667 antem
498 616 577 662 cum
603 586 668 658 hac
692 587 932 658 consolatione
961 584 1052 653 filino
1073 581 1141 653 Dei
1192 569 1350 652 videtur,
1376 583 1495 639 tamen
1521 568 1713 658 periculosa
1739 586 1789 640 est
1812 576 1941 642 oratio:
1969 576 2029 642 scd
2051 573 2181 665 siquis

155 711 227 799 ipse
245 706 350 775 corda
374 697 475 785 erigit
490 708 525 764 et
543 687 717 775 viviticat,
737 715 776 758 ac
792 687 964 778 Spiritum
982 701 1140 755 sanctum
1192 672 1463 754 contradiceret,
1490 685 1632 760 propter
1655 671 1919 761 ambiguitatem
1938 699 2009 744 uon
2023 677 2182 744 deessent

155 812 193 880 in
210 801 380 895 huncqui
401 801 469 867 fide
484 807 718 873 sustentatur,
743 789 915 872 effundit,
940 789 1009 856 iam
1026 788 1142 857 domi·
1192 775 1346 843 latebrae
1362 788 1396 843 et
1411 767 1661 869 κρησφύγετα.

154 913 276 982 cilium
300 919 334 974 ct
352 900 520 990 templum
540 893 607 964 Dei
632 907 681 962 est
704 888 811 960 bomo
838 904 998 973 rectatus,
1025 903 1142 959 tamen
1295 890 1385 961 Cum
1402 886 1702 978 igitnrOsiauder
1720 914 1783 961 nec
1808 893 1983 981 integrum
2000 896 2183 964 doctrinae

158 1007 381 1082 anteferenda
400 1017 449 1070 est
467 997 666 1068 obedientia
690 994 752 1061 filii
772 992 854 1067 Dei,
881 987 935 1059 bis
953 992 1036 1082 ipsis
1051 991 1143 1058 divi·
1196 1017 1322 1082 corpus
1345 991 1562 1075 recitaverit,
1589 1015 1653 1060 uec
1675 1016 1711 1061 se
1727 995 1916 1077 evolverit,
1944 1009 1976 1065 et
1998 997 2035 1065 in
2049 1021 2184 1065 sermo.

159 1118 214 1184 uis
239 1107 435 1179 actionibus
454 1124 655 1193 ‹ptartqoam
671 1095 937 1172 excellentibus,
965 1093 1084 1183 qrrales
1106 1093 1142 1159 in
1197 1097 1302 1163 nibus
1322 1095 1393 1163 suis
1409 1093 1655 1182 significaverit
1678 1117 1713 1162 se
1733 1095 1769 1161 in
1788 1097 1906 1165 multis
1924 1099 2026 1168 rebus
2044 1098 2185 1167 anobis

158 1214 237 1288 Elia
255 1203 443 1279 autllilisco
460 1204 560 1281 fiunt,
584 1213 616 1269 et
634 1197 814 1268 retinenda
830 1196 1035 1273 consolatio,
1063 1218 1145 1283 pro·
1197 1198 1404 1279 dissentire,
1440 1218 1510 1263 nou
1534 1220 1737 1264 moveamur
1761 1197 1834 1266 eins
1856 1221 2018 1279 censura,
2051 1213 2090 1269 ut
2115 1194 2185 1267 boc

160 1332 236 1409 pter
252 1309 486 1382 Mediatorem
501 1299 615 1371 Deum
632 1314 665 1369 et
682 1295 880 1377 bononem,
908 1297 972 1364 tibi
988 1295 1146 1364 credenti
1197 1299 1342 1387 simplex
1358 1311 1391 1366 et
1409 1296 1630 1387 perspicuum
1647 1297 1827 1366 doctrinae
1844 1323 1963 1388 genus,
1978 1304 2072 1394 qrrod
2089 1300 2185 1369 mul-

159 1413 325 1507 imputari
342 1406 528 1477 iusticiam.
572 1400 710 1471 Omitto
729 1416 843 1468 atatem
861 1399 1147 1486 disputationem,
1198 1414 1312 1470 tarum
1335 1396 1572 1467 Ecclesiarum
1597 1399 1798 1469 testimonia
1830 1396 1953 1488 habet,
1987 1426 2075 1496 quae
2102 1413 2188 1471 sunt

160 1514 363 1614 praesertim
380 1531 458 1577 cum
473 1519 508 1574 et
527 1505 634 1571 multa
651 1496 1016 1569 miscueritOsiander
1034 1501 1146 1567 aliena
1200 1526 1265 1570 vox
1280 1499 1435 1591 Spiritus
1449 1500 1578 1584 sancti,
1601 1500 1818 1576 abiiciamus.

160 1647 180 1693 a
204 1611 401 1711 proposito,
437 1621 470 1676 et
498 1605 656 1674 tumulto
682 1604 867 1719 quaedam·
885 1602 1044 1670 involuta
1069 1615 1148 1671 tau-
1299 1617 1369 1689 sed
1389 1617 1454 1709 9353
1472 1617 1648 1686 menfibu,
1667 1613 1733 1686 hoc
1749 1618 1927 1688 dominae
1943 1645 2070 1712 corpus
2086 1635 2188 1691 mea·

161 1744 268 1817 qvaam
285 1714 480 1799 aenigmata
496 1707 685 1777 lectoribus
701 1705 883 1772 tradiderat
893 1754 904 1785 ,
932 1716 1148 1794 qrtateessent
1200 1744 1300 1803 mur,
1327 1719 1571 1790 3515„de
1593 1742 1750 1804 omnus,
1777 1722 1839 1813 qui
1862 1719 2189 1814 promfitssvange·

162 1827 280 1917 iiim
300 1809 431 1911 ἔθ’ὃθς·
1202 1824 1289 1892 lium
1306 1845 1346 1890 ex
1363 1822 1443 1890 siun
1462 1821 1593 1890 aeterni
1615 1822 1741 1913 patris,
1767 1837 1801 1892 et
1816 1837 1866 1892 est
1884 1825 2006 1893 doctor
2022 1838 2055 1894 ot
2070 1839 2189 1896 custo,

264 1933 334 2003 Hic
359 1947 545 1998 verorum
573 1945 696 2011 genera
724 1921 964 1988 doctrinarum
997 1921 1151 2003 confero,
1203 1921 1377 1993 Ecclesiae
1390 1945 1492 2002 suae,
1519 1935 1558 1991 ut
1576 1923 1647 2013 ipse
1664 1946 1729 1990 uos
1743 1927 1865 1993 doceat
1881 1940 1913 1993 ct
1938 1928 2128 2014 gubernet,
2154 1942 2189 1997 et

163 2040 274 2111 vicem
292 2030 524 2104 Ecclesiarum
543 2038 742 2093 nostrarum
761 2023 883 2104 doleo,
911 2021 947 2088 in
966 2046 1052 2112 quas
1068 2046 1150 2112 pro·
1202 2025 1338 2116 Spiritu
1360 2048 1423 2093 suo
1448 2036 1568 2093 sancto
1586 2025 1726 2115 copulet
1747 2026 1883 2095 animos
1898 2028 2122 2112 docentium,
2147 2043 2191 2101 ot

167 2156 244 2235 pter
269 2142 358 2208 diras
380 2152 500 2201 causas
522 2125 687 2196 facillime
711 2125 897 2192 incurrunt
912 2118 1073 2190 homines
1091 2147 1150 2192 cu·
1204 2127 1239 2195 in
1266 2127 1341 2217 ipso
1362 2149 1472 2194 unum
1494 2126 1621 2208 simus,
1653 2148 1716 2193 nec
1738 2127 1891 2196 dissidiis
1916 2129 2052 2198 ledatur
2075 2131 2190 2220 gloria

165 2244 270 2325 riosi,
300 2228 515 2333 φιλόνεικοι,
544 2240 577 2297 et
594 2224 861 2294 contentionum
877 2224 992 2304 avidi,
1015 2225 1096 2316 quia
1117 2237 1151 2293 et
1203 2227 1287 2310 Dei,
1314 2228 1554 2296 necturbetur
1571 2226 1765 2311 invocatio,
1791 2230 1849 2297 sed
1867 2254 2003 2320 semper
2017 2231 2110 2301 inter
2124 2256 2191 2302 oo,

164 2359 277 2418 totum
302 2336 483 2408 doctrinae
503 2350 630 2418 corpus
654 2328 859 2403 ediderunt,
886 2351 925 2393 ac
941 2327 1036 2395 velut
1059 2327 1152 2394 inte·
1203 2331 1343 2417 colligat
1366 2325 1576 2410 Ecclesiam,
1602 2329 1657 2396 cui
1685 2329 1841 2398 inomni
1866 2334 2069 2402 aeternitate
2089 2357 2192 2403 ,uam

163 2470 266 2538 grum
280 2437 477 2510 aedificium
492 2432 718 2521 spectandum
735 2429 938 2508 ostendunt,
965 2441 998 2496 et
1015 2427 1153 2517 simpli·
1204 2431 1423 2522 sapientiam,
1448 2430 1620 2497 iusticiam
1640 2442 1674 2498 et
1695 2431 1866 2500 laeticiam
1882 2436 2128 2519 communicet,
2156 2451 2192 2506 et

166 2550 305 2618 citatem
321 2535 579 2632 quaesiverunt,
606 2545 646 2599 ut
659 2529 757 2622 quasi
773 2530 899 2609 nudae,
927 2552 998 2597 non
1017 2529 1153 2619 possint
1204 2557 1292 2623 (puae
1311 2530 1463 2599 vicissim
1487 2554 1568 2598 eum
1584 2554 1664 2599 vera
1688 2533 1902 2621 gratitudine
1920 2535 2009 2605 laeta
2027 2538 2193 2623 celebret,

166 2673 203 2720 se
228 2643 390 2731 ambigue
412 2636 515 2706 dictis
537 2632 737 2712 involvere,
764 2655 842 2699 cum
860 2631 1016 2698 membra
1034 2630 1152 2721 aliqua
1205 2630 1332 2706 Amen,
1383 2630 1475 2699 Dixi.

165 2742 449 2822 cavillationibus
471 2734 733 2805 concutiuntur.

267 2860 384 2934 Facile
402 2869 454 2926 est
469 2867 584 2924 autem
602 2852 776 2940 integrum
792 2850 988 2920 aedilicium
1012 2851 1153 2920 intuen-

167 2987 219 3044 tes
243 2963 402 3035 invenire
428 2956 561 3049 aliquid
577 2955 671 3046 qnod
696 2947 907 3042 reprebendi
934 2953 1053 3040 possit.
1107 2948 1154 3020 Et
1206 2946 1272 3018 No.
1291 2945 1374 3016 153.
1518 3006 1519 3011 ,
2017 2979 2066 3020 „h
2084 2959 2179 3023 1553,

166 3069 306 3143 facilius
321 3077 371 3132 est
393 3083 473 3128 cum
496 3055 614 3126 omnia
632 3055 771 3122 evoluta
793 3068 826 3123 et
841 3055 940 3146 quassi
964 3056 1056 3122 nuda
1075 3076 1154 3145 spe·
1212 3040 1382 3070 Μ
2012 3047 2186 3077 *w-

167 3184 319 3245 concur.
381 3161 427 3232 Αι
453 3159 505 3227 itti
522 3156 644 3227 critici
666 3168 777 3224 asama
800 3168 943 3236 cavent,
972 3180 1018 3223 no
1039 3167 1154 3225 cotum
1424 3130 1498 3212 Dc
1521 3141 1777 3212 reverentia
1799 3135 1969 3242 legum.
2034 3230 2038 3239 Ι

168 3294 296 3362 corpus
314 3262 494 3335 doctrinae
509 3261 642 3377 “iani'.
654 3280 698 3324 ne
712 3260 756 3325 de
771 3256 855 3374 ipsis
871 3256 1017 3325 indicari
1034 3257 1155 3348 possit,
1274 3303 1305 3356 ,n
1323 3303 1412 3357 „m
1428 3303 1550 3356 Dm,
1565 3300 1595 3353 T.
1608 3299 1656 3354 lv,
1675 3320 1699 3370 p.
1717 3303 1763 3356 tot
1775 3322 1853 3375 eqo,
1870 3305 1984 3361 serven.
2000 3306 2033 3360 Τ,
2046 3309 2096 3362 Ν,
2114 3328 2142 3380 p.
2150 3309 2195 3369 92

168 3375 298 3445 deinde
324 3368 427 3436 etiam
449 3362 479 3430 si
496 3363 583 3453 quad
608 3361 750 3442 dicunt,
777 3373 922 3428 miscent
940 3359 1102 3448 ambigua
1122 3372 1155 3426 et
1308 3382 1334 3425 er
1349 3371 1475 3426 menard.
1489 3371 1565 3426 cn.
1586 3389 1612 3440 p.
1624 3368 1682 3422 ιιι.

167 3479 314 3565 figuras,
343 3482 383 3536 ut
406 3460 557 3532 babeant
572 3472 730 3549 receptus
746 3473 778 3527 et
796 3452 1046 3556 κρησφύγετα.
1081 3457 1155 3527 Nos

167 3574 288 3646 miseri
304 3567 501 3661 plectimur,
519 3562 600 3654 quia
616 3563 701 3629 tales
718 3559 870 3628 latebras
886 3584 959 3628 nou
976 3555 1155 3631 babemus.
1207 3534 1334 3650 ‘'mii‘’
1359 3530 1405 3651 df
1430 3533 1476 3600 D·
1503 3534 1625 3600 Hier·
1651 3534 1681 3601 S
1691 3529 1919 3623 “huff'fm
1949 3539 2195 3631 Sssnyssllemi

270 3677 1156 3762 Utaotemfaciliusettutiusestunumautalte·
1207 3630 1338 3703 ''abii‘'
1373 3656 1412 3703 ²²⁸
1443 3641 1675 3723 Pr⁰m⁰i²⁰ne
1702 3635 1748 3701 D·
1776 3639 1931 3707 1⁰⁰²mf⁸
1965 3661 1989 3708 α
2015 3641 2195 3730 limitat,

168 3817 249 3866 rum
283 3810 423 3857 versum
457 3785 496 3851 in
526 3780 669 3866 Vergilii
697 3775 853 3849 Aeneide
885 3775 1183 3917 reprehendere„
1589 3738 1815 3808 memento·

116 3906 120 3913 ’
168 3919 275 3990 quam
305 3892 474 3975 integram
501 3879 691 3951 Aeneidem
720 3881 890 3964 scribere,
924 3881 970 3951 ita
994 3880 1096 3948 facile
1121 3894 1182 3979 eti

169 3999 246 4068 sine
264 3990 419 4085 periculo
441 3985 618 4076 arripiunt
634 3983 695 4051 alii
710 3984 777 4051 alia
802 3984 957 4050 membra
974 4006 1016 4050 ex
1037 3995 1154 4050 nostra
1179 4004 1182 4025 ¹
1207 4006 1287 4049 casu
1304 3982 1440 4062 vivere,
1468 3985 1525 4051 sed
1544 3979 1657 4051 Deum
1679 4000 1881 4072 aeternum,
1903 3989 1964 4081 qui
1978 4015 2013 4059 sc
2034 3996 2198 4082 patefecit

166 4097 340 4175 doctrina,
365 4105 399 4160 et
415 4113 454 4158 ea
471 4086 692 4167 cavillantur,
709 4109 748 4152 ac
763 4107 864 4175 saepe
880 4079 1065 4153 horribilia
1082 4085 1155 4150 dis·
1179 4046 1183 4133 i
1208 4083 1314 4150 misso
1333 4084 1419 4167 lilio,
1441 4083 1596 4153 Dounion
1613 4100 1732 4156 nostro
1750 4087 1826 4158 leso
1844 4086 2005 4174 Cbristn,
2031 4098 2197 4166 condito-

167 4200 256 4270 sidia
275 4195 466 4263 multarum
490 4188 647 4278 gentium
671 4187 836 4256 oriuntur
861 4185 998 4254 initioa
1020 4184 1156 4252 levissi-
1207 4208 1279 4252 rem
1296 4185 1432 4272 generis
1449 4181 1615 4270 lmmaui,
1642 4213 1722 4256 vere
1740 4214 1812 4257 esse
1835 4192 1964 4261 focatem
1985 4208 2019 4263 et
2034 4198 2196 4269 «latorem

166 4301 234 4370 mis
249 4293 454 4372 calumniis,
480 4304 519 4359 ut
543 4284 629 4356 baec
646 4289 735 4357 mala
754 4287 792 4355 iu
810 4311 912 4355 versu
930 4283 1156 4378 Empedoclis
1209 4287 1319 4369 vitae,
1351 4288 1440 4356 sicot
1465 4289 1632 4379 scriptum
1660 4305 1724 4359 est:
1767 4290 1844 4382 lpse
1876 4308 1929 4363 est
1950 4296 2021 4364 vita
2050 4311 2132 4386 tua,
2164 4315 2198 4372 et

166 4399 430 4473 demibumffl'i
1208 4388 1391 4476 longitudo
1411 4389 1545 4457 dicrum
1572 4405 1727 4461 tuorum.

273 4514 367 4596 Φθῑῐᾶ
389 4507 428 4592 δὴ
450 4504 638 4591 βθθῐόλθιθέ
659 4502 721 4586 ἶρις
742 4503 843 4567 wlfr
865 4507 1010 4585 idalia·
1308 4505 1400 4576 lluic
1419 4506 1493 4576 Deo
1510 4509 1686 4577 conditori
1702 4510 1828 4597 gratias
1845 4532 1930 4597 ago,
1954 4516 2048 4603 quod
2068 4531 2100 4586 et
2117 4533 2198 4589 tao.

166 4619 292 4694 Edidit
314 4630 394 4686 aute
413 4612 605 4683 triennium
625 4607 803 4678 Osiander
823 4610 992 4692 scriptum
1010 4610 1156 4678 seditio·
1209 4626 1281 4680 tum
1298 4611 1388 4677 vitae
1411 4607 1563 4700 spacium
1586 4606 1673 4677 mibi
1697 4610 1838 4692 tribuit,
1863 4624 1896 4678 et
1917 4637 1973 4681 me
1990 4621 2129 4690 vocavit
2152 4625 2198 4692 od

166 4747 265 4806 sum,
292 4719 354 4789 ubi
373 4739 437 4784 suo
453 4736 564 4796 more,
591 4723 630 4780 ut
646 4707 797 4798 Gorgias
812 4723 872 4779 aut
885 4708 1036 4801 Hippias
1053 4712 1155 4781 initio
1207 4712 1420 4800 agnitionem
1438 4712 1500 4779 filii
1524 4712 1578 4778 sui
1594 4708 1742 4781 Domini
1759 4711 1871 4779 nostri
1889 4712 1965 4781 lesu
1980 4711 2137 4805 Cbristi,
2166 4738 2199 4794 et

168 4849 271 4918 preco
297 4836 346 4892 est
369 4840 450 4888 suae
473 4812 684 4903 sapientiae,
711 4826 746 4880 et
767 4811 854 4879 alios
879 4811 1073 4902 vituperat,
1099 4814 1155 4882 in·
1207 4815 1249 4881 ad
1277 4814 1430 4897 labores,
1465 4808 1631 4883 honestae
1651 4813 1900 4903 gubernationi
1927 4811 2116 4891 homiuum
2141 4849 2199 4897 oa.

168 4927 304 5020 quiens,
329 4944 365 4988 se
379 4920 549 5005 legentem
567 4914 718 4982 aliorum
734 4911 861 5003 scripta
876 4914 919 4979 de
938 4914 1080 5001 politico
1097 4938 1154 4984 or·
1206 4916 1349 4986 lutares.

168 5027 252 5099 dine
269 5040 305 5094 ct
322 5017 599 5107 Magistratibus,
624 5012 752 5081 vidisse
767 5037 825 5082 eos
841 5009 935 5085 nibil
949 5014 1153 5104 intelligere,
1308 5032 1384 5104 Em
1398 5048 1513 5104 ,utem
1528 5006 1876 5122 mu123m„*p„c„a
1892 5058 2053 5125 agnosco,
2067 5057 2102 5113 et
2114 5070 2198 5116 vem

272 5141 341 5214 Sed
380 5160 416 5206 sc
456 5132 620 5227 mysteria
656 5126 740 5199 baec
780 5132 1032 5222 patefacturum
1070 5160 1153 5205 esse.
1208 5137 1331 5205 dolore
1357 5138 1524 5226 deploro,
1557 5147 1671 5202 tamen
1703 5135 1771 5202 fide
1798 5131 1945 5204 Domini
1976 5145 2088 5212 nostri
2118 5143 2199 5218 lesu

170 5246 295 5316 Postea
312 5238 448 5332 inquit,
466 5234 576 5303 solius
589 5232 653 5303 Dei
670 5253 742 5300 esse
759 5233 917 5324 imperia,
937 5247 971 5303 et
987 5238 1154 5328 tantisper
1207 5231 1339 5308 Cbristi
1359 5263 1412 5306 me
1429 5248 1606 5319 sustento,
1633 5247 1666 5304 et
1682 5234 1795 5305 Deum
1818 5237 1965 5320 invoco,
1992 5267 2031 5312 ac
2047 5270 2133 5331 oro,
2159 5262 2201 5320 ut

171 5345 334 5418 bomims
356 5339 557 5413 tolerandos
581 5357 654 5403 esse
677 5335 714 5401 in
733 5335 1007 5425 gubernatione,
1043 5342 1154 5409 donec
1208 5334 1297 5407 banc
1315 5354 1490 5410 senectam
1507 5361 1620 5406 meam
1637 5351 1744 5427 regat,
1770 5352 1803 5411 et
1818 5340 1940 5425 faciat,
1963 5357 2002 5414 ut
2016 5349 2085 5416 mei
2096 5349 2200 5423 labo.

1207 3866 1310 3947 Vero
1334 3893 1471 3970 pectore
1495 3894 1527 3950 et
1552 3883 1649 3951 firma
1674 3884 1741 3951 bdc
1760 3887 1907 3956 adfirmo
1934 3883 2095 3960 homiues
2123 3919 2196 3963 non
