4680 6038
125 228 153 305 s
714 221 978 302 ιιιιιιιιι
1018 214 1472 319 ιιιιιιιιιιοιιιε.
1559 322 1563 337 Ι
1932 192 1955 289 ’.
2033 230 2113 312 ⁶00

125 402 226 488 eeu,
256 400 307 473 ita
328 399 373 471 ad
396 394 505 472 buius
526 397 658 472 summi
671 395 874 473 Sacerdotis
896 396 1070 493 precatio-
1121 393 1243 488 spicue
1279 395 1432 485 dicitur,
1480 400 1671 473 secundam
1704 416 1841 497 partem
1871 403 2111 498 poenitentiae

125 528 163 579 ιι
185 503 412 593 adiungimus
433 514 516 575 vote
537 515 679 589 nostra,
710 515 746 574 et
765 502 860 573 veris
882 501 1070 594 'gemitibus
1121 497 1226 570 fidem
1249 521 1344 586 esse,
1369 522 1439 596 qua
1462 524 1526 574 cor
1544 516 1648 577 tuum
1669 505 1797 578 fiducia
1813 508 1880 579 lilii
1894 508 1966 580 Dei
1983 511 2111 602 accipit

125 607 251 694 timus,
279 629 326 676 ne
345 605 440 677 sinat
461 603 620 696 extingui
641 605 757 677 lucem
774 601 983 696 Evangelii,
1008 603 1069 673 sed
1120 601 1384 690 remissionem,
1408 617 1444 676 ιι
1462 617 1500 675 te
1519 628 1603 677 vere
1621 608 1738 680 aDeo
1761 610 1870 703 recipi
1895 611 2111 702 ingratiam,

125 732 218 804 uper
234 721 352 780 servet
372 720 511 779 coetum
529 709 567 778 in
583 702 640 779 his
655 708 882 800 regionibus,
906 706 1015 778 etiam
1030 706 1069 775 in
1121 716 1156 776 et
1172 703 1304 778 iustum
1322 706 1479 798 reputari
1494 708 1636 796 statuis,
1659 722 1696 783 ιι
1710 736 1792 782 vere
1808 714 1934 805 proiici
1952 728 2013 784 tua
2029 737 2111 806 pec-

125 837 151 885 o
165 824 348 883 souetvor
365 806 553 913 Evangelii
566 809 791 905 incorrupta,
815 823 969 906 etaqoo
986 831 1070 880 vera
1120 819 1217 893 cata,
1247 819 1291 879 ut
1311 809 1406 900 apud
1431 804 1632 882 Michaeam
1655 813 1805 900 dicitur,
1828 815 1867 884 in
1889 816 2109 909 profundum

125 914 305 999 vocatione
320 913 468 988 colatur.
1120 908 1250 996 meris,
1272 933 1346 980 non
1360 924 1506 1004 propter
1520 911 1594 985 ulla
1608 928 1728 988 nostra
1742 915 1890 1005 merita,
1914 919 1975 990 sed
1996 940 2109 1014 gro-

180 1017 217 1090 2.
259 1011 325 1087 Est
344 1029 463 1087 autem
484 1015 579 1088 inter
598 1013 789 1108 praecipua
810 1013 924 1108 capite
946 1006 1070 1086 Evan-
1120 1007 1184 1082 tis
1207 1020 1355 1104 propter
1370 1015 1614 1092 mediatorem.

125 1119 164 1191 lii
185 1119 348 1191 doctrina
371 1118 418 1190 de
436 1118 676 1211 poenitentia,
701 1130 737 1188 et
758 1117 966 1189 remissione
987 1139 1070 1209 pec·
1224 1115 1287 1190 id.
1319 1112 1417 1187 Haec
1437 1117 1524 1188 fides
1543 1118 1789 1212 complectitur
1804 1143 1929 1192 omnes
1942 1122 2111 1195 articulos

125 1235 260 1307 torum,
300 1244 409 1316 quam
437 1223 583 1316 quidem
613 1221 781 1292 omnibus
811 1220 850 1290 iu
880 1232 1070 1312 conspectu
1120 1215 1218 1309 iidei,
1242 1229 1279 1289 et
1295 1216 1335 1287 in
1350 1213 1408 1289 his
1423 1213 1536 1290 bunc:
1563 1216 1680 1292 Credo
1692 1222 1937 1294 remissionem
1949 1236 2111 1316 peccato·

125 1346 218 1417 uper
240 1346 313 1394 esse
333 1336 493 1417 oportet,
524 1323 617 1396 sicut
636 1336 671 1396 et
691 1322 786 1393 filius
805 1319 875 1395 Dei
895 1344 1075 1395 summam
1120 1341 1222 1404 rum,
1247 1319 1383 1393 scilicet
1395 1316 1486 1391 mihi
1500 1345 1644 1418 quoque
1656 1323 1753 1410 dari,
1777 1348 1854 1394 non
1867 1338 2006 1397 tantum
2020 1326 2111 1402 aliia.

125 1425 268 1516 eangelii
297 1428 550 1520 complectens,
580 1424 715 1520 iuquit:
748 1422 802 1497 lte
826 1424 1070 1519 praedicantes
1225 1417 1284 1498 tt.
1316 1421 1422 1494 Fides
1438 1423 1477 1493 in
1493 1416 1656 1497 Diabolis
1670 1449 1744 1496 non
1760 1439 1855 1499 recte
1869 1427 1998 1519 accipit
2013 1422 2111 1500 hunc

141 1528 290 1601 'nomine
310 1552 389 1601 meo
410 1527 667 1623 poenitentiam
680 1540 716 1602 et
728 1526 972 1601 remissionem
987 1549 1070 1622 pec·
1119 1524 1329 1597 articulum:
1354 1521 1474 1598 Credo
1495 1527 1760 1613 remissionem,
1783 1530 1866 1623 quia
1881 1541 2024 1601 tantum
2040 1543 2112 1602 sta-

125 1643 251 1705 terum.
300 1655 305 1662 ·
1120 1625 1191 1704 tuit
1203 1625 1285 1699 aliis
1300 1627 1391 1700 dari.
1441 1626 1543 1701 Talis
1558 1630 1645 1700 lides
1662 1643 1716 1703 est
1731 1626 1840 1702 iudae
1854 1644 1889 1704 ιι
1901 1630 2088 1709 ιίιιιίΙὶιιιιι.

183 1732 220 1803 8.
250 1729 306 1805 Sit
327 1731 476 1803 infixum
493 1730 623 1803 animis
639 1727 709 1804 hoe
724 1730 973 1806 iusiurandum
987 1729 1070 1805 Dei:
1225 1724 1285 1805 15.
1317 1727 1403 1801 ideo
1421 1752 1498 1802 non
1518 1745 1612 1804 recte
1633 1732 1784 1819 dicitur,
1812 1754 1897 1804 vera
1919 1732 2114 1819 cassides,

125 1836 176 1907 ivo
199 1856 282 1926 ego,
314 1834 400 1906 nolo
421 1848 573 1910 mortem
595 1834 808 1932 peccstmis,
838 1837 901 1908 sed
921 1847 964 1906 ut
983 1858 1071 1935 con·
1122 1854 1213 1927 quae
1241 1844 1294 1903 est
1318 1830 1360 1901 in
1383 1855 1459 1903 non
1478 1835 1678 1922 conversis,
1709 1835 1796 1929 quia
1815 1858 1893 1906 nou
1912 1835 2114 1908 adsentitur

125 1937 412 2011 rtsturetvivab
857 1958 862 1967 ·
1121 1933 1289 2007 omnibns
1305 1932 1464 2006 articulis
1478 1934 1572 2010 fidei.

183 2036 221 2115 1.
251 2035 318 2115 Est
338 2052 457 2112 autem
477 2038 677 2134 copulativa
691 2039 822 2122 oretio,
847 2037 1073 2129 coniunguu·
1229 2036 1287 2113 16.
1321 2033 1493 2109 Doctrina
1507 2033 1766 2110 monachorum
1783 2062 1875 2134 quae
1892 2039 1993 2112 iubet
2007 2038 2116 2110 dubi-

125 2135 252 2214 rhaec
273 2143 368 2227 duo,
397 2141 602 2226 conversio,
634 2153 671 2213 et
691 2140 785 2239 vita,
839 2137 954 2212 Nemo
976 2139 1073 2215 vivet
1122 2150 1199 2210 tare
1212 2140 1257 2209 de
1271 2138 1479 2211 remissione
1494 2153 1739 2233 peccatomm‚
1764 2155 1799 2213 ιι
1813 2143 1958 2234 quidem
1972 2143 2011 2209 in
2026 2165 2116 2212 con-

125 2264 310 2316 rseveraus
326 2243 364 2314 in
380 2244 571 2315 sceleribus
585 2254 708 2313 contra
721 2242 987 2319 conscientiam.
1123 2240 1306 2322 versione,
1346 2240 1446 2313 iubet
1480 2262 1625 2313 manere
1658 2243 1697 2312 in
1732 2240 1977 2329 dubitatione,
2016 2242 2117 2327 laisa,

184 2344 223 2419 6·
246 2345 333 2416 Ideo
349 2344 666 2436 poenitentiaeseu
679 2344 934 2427 conversionis,
957 2343 1074 2436 prima
1125 2342 1236 2437 impia
1252 2356 1287 2415 et
1301 2338 1442 2415 ethnica
1455 2356 1525 2431 est,
1550 2356 1637 2416 etse
1650 2343 1726 2438 ipsa
1738 2345 1833 2417 delet
1842 2340 2092 2434 Evangelium.

127 2467 166 2518 ‘⁸
180 2468 255 2517 ⁰³⁸²
268 2446 436 2518 ‘⁰⁰²⁶'st
451 2459 545 2518 '²⁶¹⁸
559 2445 703 2518 didim-
1228 2460 1289 2534 17.
1321 2458 1393 2533 Sed
1417 2460 1499 2532 ideo
1520 2455 1629 2533 habet
1649 2463 1897 2556 applausores,
1921 2460 2006 2556 quia
2028 2484 2118 2532 con·

185 2545 225 2620 ⁶·
248 2543 315 2618 use
328 2560 447 2619 totto
460 2547 723 2619 toooitiovoo
734 2544 1075 2639 orovooreosoi-
1126 2561 1222 2654 μοι
1244 2586 1326 2634 cum
1346 2562 1480 2634 aaaron
1502 2562 1669 2649 aaronis,
1694 2565 1798 2658 quate
1818 2576 1871 2635 ea
1890 2564 1930 2634 in
1948 2559 2016 2635 tae
2031 2562 2118 2634 ent.

125 2669 182 2723 sue
209 2647 284 2720 irae
305 2647 373 2719 Dei
402 2650 572 2720 adversus
595 2663 717 2721 nostra
741 2662 901 2741 peccata,
934 2663 969 2721 et
991 2672 1074 2720 vere
1125 2665 1209 2756 351„
1228 2677 1388 2740 mmm,
1437 2660 1580 2754 com
1597 2665 1693 2736 ,nam
1707 2688 1809 2737 mm,
1822 2659 1999 2752 humma,
2025 2684 2120 2758 qm

125 2750 206 2822 sime
234 2761 357 2822 nostra
387 2751 630 2825 inobedientia
659 2749 882 2826 Maiestatem
913 2751 1075 2824 divinam
1124 2767 1275 2840 ,galima
1301 2767 1359 2838 vd
1382 2767 1583 2858 mogun„
1609 2778 1661 2840 ,η
1683 2767 1887 2855 ,ggmm’
1920 2768 2016 2862 quod
2040 2761 2119 2838 Deo
2152 2804 2157 2811 .

125 2850 252 2927 iensam
269 2874 355 2928 esse.
640 2954 650 2972 .
1126 2871 1276 2965 placeas.
1327 2866 1421 2959 Quis
1437 2870 1551 2940 cernit
1564 2892 1729 2941 arcanam
1742 2869 1809 2943 Dei
1823 2865 2068 2942 voluntatem?

186 2951 224 3024 ⁷·
263 2951 356 3025 vm
373 2952 471 3025 ‘¹¹3⁰'
495 2968 530 3027 εἴ
551 2949 772 3026 h⁰mb3¹3²⁸f
791 2955 956 3029 imum*
977 2952 1076 3029 ⁰⁰⁰⁸
1231 2989 1292 3065 18.
1332 2984 1409 3062 Imo
1437 3010 1521 3060 vero
1545 2988 1626 3060 ideo
1648 3012 1717 3061 vox
1735 2984 1925 3079 Evangelii
1946 2987 2119 3082 patefacta

125 3056 257 3142 ω’
286 3069 322 3127 ⁶¹
341 3055 432 3177 5er
452 3079 552 3129 *Μ
574 3057 654 3178 ’ξἰῑ
674 3058 842 3180 ‘⁰¹¹⁸l'ifi·
892 3056 979 3130 ΜΨ
999 3083 1076 3130 ⁰⁰¹¹
1127 3106 1199 3179 est,
1223 3105 1265 3164 ut
1279 3104 1375 3164 certo
1391 3103 1585 3163 statuemus
1597 3113 1663 3163 nos
1677 3090 1800 3183 recipi.
1847 3087 2054 3162 Necessaria
2066 3102 2119 3160 est

125 3156 203 3231 lum
219 3181 305 3229 voce
321 3157 410 3249 legis
424 3181 502 3229 eam
516 3172 651 3250 arguet,
674 3160 737 3230 sed
752 3172 859 3230 ettam
871 3180 1076 3231 commone-
1129 3194 1140 3213 ·

125 3257 171 3335 tit
192 3282 260 3330 nos
282 3273 380 3331 tanta
405 3261 574 3363 varietate
597 3260 879 3333 tristissimarum
894 3261 1077 3334 celamita-
1127 3194 1238 3286 mitur
1251 3194 1339 3264 fida
1354 3215 1424 3286 qua
1438 3205 1473 3263 ιο
1491 3190 1608 3285 imm
1622 3191 1733 3285 recipi
1747 3190 1927 3328 ⁸m¹¹if⁰,'
1994 3307 2004 3328 ⁸
2027 3304 2038 3327 ‚

125 3384 163 3435 ιιι
183 3363 230 3432 de
252 3384 315 3433 sua
337 3361 402 3438 ira.
454 3359 533 3433 lmo
550 3363 643 3436 etin
659 3385 745 3434 voce
758 3358 946 3452 Evangelii
960 3360 1077 3458 Spiri-
1230 3310 1291 3385 ¹⁹⁰
1322 3306 1402 3381 Ha
1421 3308 1492 3380 fide
1513 3332 1576 3381 ⁰⁰¹
1596 3322 1771 3395 ‘mmm’
1796 3321 1923 3402 ΜΨί
1941 3306 2119 3403 simum

125 3484 143 3539 3
155 3477 301 3537 mem,
319 3463 434 3554 agust
449 3467 625 3538 mnndum
643 3466 689 3535 de
702 3477 858 3558 petam·
1127 3424 1289 3486 sanctum
1311 3423 1347 3485 et
1361 3433 1554 3503 agnoscens
1567 3410 1637 3482 iam
1652 3410 2120 3532 misericordiam-invocat

1039 3568 1050 3589 .
1128 3514 1263 3599 Deum,
1289 3513 1419 3586 clamat
1430 3509 1535 3586 Abba
1548 3525 1669 3607 pater,
1693 3526 1728 3586 et
1741 3510 1862 3587 selleo
1875 3513 2036 3599 subncrt,
2060 3534 2120 3581 rn-

187 3565 225 3641 8.
256 3561 335 3637 Etsi
354 3567 394 3637 in
413 3568 664 3651 conversione,
690 3567 730 3637 in
744 3566 826 3638 eliis
840 3565 1010 3651 maiores,
1036 3592 1077 3641 m
1128 3618 1216 3716 cipit
1231 3641 1312 3690 eum
1328 3615 1494 3708 dmm,
1517 3612 1625 3688 habe,
1640 3616 1777 3686 bonum
1792 3615 2028 3710 moggum,

125 3668 166 3741 ἢ.
176 3669 335 3739 mmm
348 3681 433 3739 mm
448 3667 613 3756 dolm'
639 3681 758 3741 lamen
774 3669 812 3788 ip
829 3669 996 3792 ΜΨ
1010 3670 1078 3792 aii·
1230 3731 1279 3809 Et
1292 3758 1432 3829 semper
1446 3735 1486 3806 in
1501 3729 1568 3807 hac
1579 3735 1655 3808 vita
1668 3751 1752 3806 vera
1767 3748 1819 3808 est
1832 3758 1900 3807 vor
1914 3729 2119 3825 Evangelii:

125 3793 178 3845 ω.
192 3791 268 3842 ²⁸oe
281 3792 422 3841 necem
438 3782 503 3844 ω’
551 3769 601 3845 Et
615 3786 657 3845 m
671 3784 818 3843 mm
832 3787 1004 3866 Peoem'
1028 3789 1078 3846 m
1129 3838 1496 3925 Fideiustificamur,
1526 3837 1660 3919 idest,
1692 3859 1768 3909 non
1792 3838 1908 3908 solum
1932 3857 2122 3928 pracpara-

125 3868 203 3947 olto
220 3873 333 3964 magis
354 3872 535 3947 securitati
547 3870 646 3948 Deus
668 3873 854 3961 irascitur,
876 3875 1079 3972 quaeiudi·
1369 3940 1379 3958 ‚
1499 3939 1509 3960 ‚
1581 3939 1592 3960 ‚
1701 3939 1712 3957 ‚
1817 3934 1899 3958 ..

125 3969 268 4049 mullei
282 3974 489 4046 contemnit,
1129 3965 1232 4030 mur,
1260 3954 1302 4014 ut
1320 3939 1452 4011 demde
1473 3939 1662 4012 dilectione
1682 3961 1794 4010 simus
1815 3951 1920 4020 ιιιιιι,
1946 3938 2006 4008 sed
2029 3958 2121 4007 sem-

189 4076 229 4151 9,
263 4074 348 4147 Ideo
369 4077 466 4168 apud
482 4071 625 4149 Enim
644 4077 794 4150 dicam„
819 4073 879 4150 gg
901 4101 1008 4172 quem
1020 4101 1080 4151 m,
1130 4069 1197 4141 per
1207 4043 1394 4117 retinenda
1409 4054 1463 4113 ιιι
1475 4041 1515 4112 in
1530 4058 1701 4113 converso
1715 4034 1803 4111 baec
1815 4059 1897 4108 vera
1912 4036 2121 4122 consolatio,

125 4176 256 4264 iciam,
280 4178 352 4248 nisi
367 4181 412 4248 ad
428 4192 603 4251 moestum
618 4192 654 4252 ,g
667 4181 860 4253 cong-,gum
875 4180 1020 4278 ,μὴ
1045 4193 1080 4255 e,
1130 4170 1283 4244 perseum
1304 4158 1358 4217 est
1379 4145 1479 4265 iusta·
1492 4143 1581 4231 fide,
1608 4142 1647 4212 id
1664 4154 1739 4228 est,
1763 4140 1892 4212 {iducis
1912 4137 2120 4212 mediatoris

125 4291 297 4357 mum
313 4303 493 4352 ,emona
505 4282 627 4353 mem?
1130 4263 1272 4342 accepta
1287 4247 1365 4322 Deo
1382 4248 1426 4318 ad
1444 4259 1552 4317 vitam
1567 4260 1764 4331 somnam,
1787 4266 1864 4314 non
1875 4253 2023 4339 propter
2035 4264 2121 4336 pro·

194 4382 253 4457 10.
283 4378 333 4455 Et
343 4381 433 4453 loet:
459 4380 620 4456 Scinditc
632 4383 741 4455 eorda
751 4397 878 4457 vestre.
927 4376 976 4456 Et
984 4380 1080 4455 Pau·
1131 4353 1245 4447 iiim
1257 4348 1477 4421 mundicia„
1490 4370 1553 4420 ⁸²⁰
1567 4346 1787 4437 divium·

125 4483 301 4578 sinque:
327 4483 496 4557 Trtsucta
517 4488 714 4558 acuatum
725 4483 843 4559 Deum
864 4485 974 4559 effide
993 4509 1080 4582 poe
1232 4469 1296 4546 2⁰·
1327 4465 1432 4540 llooo
1445 4466 1726 4539 consolationem
1740 4464 2047 4538 rotinereoecooo
2061 4472 2123 4581 est,

125 4585 279 4663 tenuem
293 4588 339 4657 ad
355 4588 516 4658 salntem.
939 4594 948 4611 ·
1133 4584 1168 4645 et
1188 4585 1230 4645 ut
1252 4597 1321 4642 vox
1344 4566 1532 4660 Evangelii
1553 4567 1770 4655 retineatur,
1795 4580 1831 4639 et
1851 4580 1893 4638 ut
1911 4561 2028 4636 bonos
2046 4562 2122 4631 blm

195 4689 256 4765 11.
288 4685 436 4759 Necesse
448 4701 501 4761 est
512 4688 623 4780 igitur
635 4690 765 4781 corrigi
779 4689 1022 4776 scandentem,
1046 4702 1081 4762 ea
1133 4675 1206 4750 Dei
1229 4673 1372 4745 debitus
1393 4672 1591 4760 tribuatur,
1622 4684 1659 4744 ct
1679 4682 1721 4742 ut
1743 4667 1920 4742 invocatio
1943 4688 2026 4738 vera
2047 4662 2123 4733 beri

125 4806 133 4867 t
151 4789 369 4876 excutietur,
394 4790 665 4864 ‘commonefacit
684 4814 751 4863 uos
764 4793 973 4883 magnitudo
988 4791 1081 4863 cela-
1132 4775 1257 4875 [tottil-

125 4892 269 4967 itatem.
317 4887 371 4962 Ac
392 4889 489 4963 Deus
511 4893 698 4987 praecipue
714 4888 910 4966 Ecclesiam
933 4894 1083 4966 cubiade
1236 4876 1301 4952 21.
1349 4874 1544 4968 Quomodo
1574 4873 1672 4946 enim
1703 4884 1852 4965 ponunt
1880 4868 2045 4941 saedere
2077 4865 2124 4936 ad

125 4994 212 5083 nei,
235 5007 276 5066 nt
297 4992 337 5063 in
358 5016 399 5064 ca
419 4993 532 5083 magis
551 5018 658 5089 quam
679 4996 719 5067 in
735 4998 872 5068 mundo
885 4996 1082 5090 conspicis.
1133 4984 1265 5068 Deum,
1286 4979 1350 5076 qui
1362 4991 1509 5050 manent
1521 4977 1561 5048 in
1572 4974 1805 5059 dubitatione,
1822 4970 2127 5060 cumobstrepuut

125 5118 157 5171 tr
167 5110 205 5171 ιι
215 5095 383 5169 timeatur
397 5096 451 5167 ira
464 5093 535 5169 Dei
548 5098 718 5170 adversos
730 5113 924 5193 peccatum.
1135 5080 1203 5157 bae
1218 5082 1460 5174 cogitationes.
1503 5080 1581 5152 Cur
1592 5081 1749 5169 invocas,
1774 5098 1856 5148 cum
1869 5072 1919 5146 sis
1933 5067 2126 5162 indignus?

197 5199 259 5273 ts
289 5196 361 5272 Sed
383 5220 522 5270 necesse
538 5213 589 5271 est
602 5202 768 5272 accedere
783 5203 829 5273 ad
842 5200 985 5272 dolam
997 5223 1084 5273 aon.
1136 5209 1217 5260 cum
1230 5185 1391 5257 fortassis
1404 5181 1501 5256 Deus
1515 5199 1614 5257 tuam
1627 5176 1892 5251 invocationem
1903 5185 2057 5266 respuat.

125 5298 320 5373 mm·
370 5297 457 5371 ¹⁶⁹⁰
485 5302 641 5373 ‘²⁰⁰⁰ss
668 5324 753 5394 pn„
781 5304 821 5374 in
851 5304 1086 5374 conversione
1237 5308 1300 5380 22.
1330 5300 1464 5376 Contra
1479 5303 1568 5375 tales
1582 5299 1824 5373 dubitationes
1840 5292 2002 5390 quotidie
2016 5291 2055 5360 in
2069 5289 2128 5360 in·

125 5400 354 5476 ''limati‘’
366 5424 457 5497 ‘1¹¹²‘e
470 5402 518 5477 sit
529 5403 608 5476 fide·
656 5401 990 5479 Etdocendioeuse
1002 5428 1085 5501 per·
1135 5408 1323 5501 vocatione
1341 5405 1570 5479 exuscitanda
1591 5416 1645 5476 est
1666 5396 1882 5485 baec-bdes,
1905 5397 2004 5468 iuxta
2019 5391 2126 5465 illud:

1524 5501 1602 5582 dd*
