4680 6038
2228 34 2233 135 x

149 222 227 299 sos
368 232 379 267 .
736 204 896 287 naen
927 205 1003 283 oa
1037 207 1178 283 vrra
1210 203 1603 285 rocennaco.
2113 220 2181 293 sor
2231 184 2233 189 ’

152 393 349 468 maioribus
362 389 487 469 rebus,
511 410 591 457 curn
613 383 757 479 quidem
781 384 1018 453 astutissimus
1035 383 1145 472 signi·
1198 384 1404 476 opiniones,
1439 406 1530 476 quae
1559 383 1724 454 finxerint
1752 380 1907 457 humana
1930 390 2098 461 exercitis
2120 416 2185 465 esse

153 500 208 569 ier
232 496 335 568 istius
359 489 542 563 trilflnicii
566 486 715 579 agminis
738 487 842 570 sciat,
875 485 1148 555 nobisconiun-
1199 487 1345 556 eximios
1378 485 1510 570 cultus,
1542 510 1633 579 quae
1661 501 1747 559 tunc
1776 513 1918 584 quoque
1948 517 1968 561 a
1992 494 2185 567 sanioribus

156 602 274 674 ctione
303 618 392 689 opus
421 616 494 663 esse
522 595 688 661 adversus
717 612 921 658 communes
946 583 1082 672 hostes,
1114 602 1149 656 et
1200 601 1335 661 taxatae
1359 602 1458 671 sunt,
1481 600 1523 658 ut
1544 584 1761 660 Athanasius
1782 596 2053 686 superstitiones
2077 620 2185 689 repre.

158 726 231 774 esse
253 701 338 771 alias
360 696 537 788 graviores
559 691 835 774 controversias,
869 693 913 760 de
938 693 1149 782 quibusnos
1202 689 1337 774 hendit‚
1366 691 1546 783 inquiens:
1574 687 1912 789 καλὸνήἍσκηως
1925 694 2186 792 walam

158 804 297 899 placide
321 801 516 870 deliberare
535 797 737 887 oportebat,
763 807 804 862 ut
828 796 975 885 posteris
992 795 1150 863 testimo·
1201 785 1375 893 γνώσεως
1396 788 1460 864 καὶ
1483 789 1696 886 συμμεξίας.
1748 793 1837 868 Vult
1861 801 2016 891 intelligi
2032 804 2186 875 exerciti,

158 910 219 978 nia
242 931 315 976 non
339 902 502 990 ambigua
524 900 816 991 relinqueremus.
871 897 940 967 Sed
967 892 1031 966 hos
1047 897 1150 966 dolo·
1203 920 1278 967 non
1298 919 1371 966 esse
1394 896 1589 982 iusticiam,
1615 912 1676 969 aut
1698 899 1832 986 cultus,
1858 914 1892 971 et
1916 904 1995 974 vult
2015 907 2186 977 moderata

160 1033 216 1081 res
241 1006 378 1077 Pastori
407 1005 512 1073 etiam
545 1001 699 1094 precatio
732 1013 767 1069 et
799 1000 892 1070 hona
926 1022 1004 1090 spes
1039 1001 1151 1068 lenie—
1204 1023 1287 1070 esse.
1348 996 1444 1068 llaec
1473 1024 1554 1070 cum
1577 1001 1733 1092 exposita
1761 1018 1894 1089 essent,
1925 1004 2102 1098 Princeps
2127 1010 2187 1100 ipse

159 1115 263 1194 hant,
292 1135 330 1179 ac
360 1130 462 1197 saepe
492 1104 626 1174 dictum
655 1102 787 1172 Psalmi
813 1105 1008 1193 repetebat:
1044 1100 1152 1173 Com·
1204 1102 1408 1191 gravissime
1424 1102 1531 1183 dixit,
1558 1127 1595 1172 se
1609 1101 1685 1173 Deo
1707 1106 1835 1193 gratias
1852 1130 1971 1196 agere,
1997 1112 2098 1203 quod
2117 1105 2187 1181 haec

161 1215 290 1284 menda
325 1208 401 1279 Deo
432 1208 523 1276 viam
559 1224 673 1289 tuam,
715 1219 751 1275 et
785 1230 884 1296 spera
913 1208 949 1273 in
983 1229 1081 1284 eum,
1119 1218 1154 1273 et
1205 1205 1409 1275 discrimina
1431 1207 1612 1297 perspicue
1634 1209 1671 1274 in
1687 1203 1853 1277 Ecclesiis
1875 1212 2008 1282 nostris
2024 1212 2186 1285 illustrate
2222 1274 2228 1283 .

159 1317 235 1409 il)se
258 1315 371 1385 satiei·
1206 1322 1340 1389 extent,
1372 1321 1403 1375 et
1427 1305 1494 1376 Dei
1518 1309 1712 1399 praesentia
1734 1308 1772 1377 in
1789 1325 1941 1405 utroque
1961 1317 2079 1404 gradu
2101 1319 2187 1409 apiir

263 1416 344 1487 Non
368 1438 457 1505 opus
478 1424 530 1481 est
553 1413 597 1479 de
623 1411 812 1479 domestica
838 1411 998 1479 eiusvita
1017 1409 1153 1500 prolixe
1206 1425 1415 1500 agnoscatur
1438 1425 1473 1480 et
1498 1411 1704 1480 celebretur.
1757 1412 1945 1487 Manifesta
1969 1417 2070 1487 enim
2098 1422 2184 1490 cmi.
2230 1430 2233 1515 p

162 1523 297 1603 dicere,
333 1543 422 1610 quae
453 1514 521 1583 nisi
550 1515 672 1583 suisset
693 1509 957 1593 honestissima,
989 1530 1029 1582 ut
1051 1525 1153 1581 antea
1207 1512 1494 1596 moniadeDeo,
1522 1516 1614 1583 etde
1638 1515 1960 1604 providentiarum
1986 1519 2066 1611 ipsa
2092 1521 2185 1593 lexin
2228 1530 2233 1601 l

162 1625 254 1706 dixi,
278 1645 350 1689 nou
375 1620 497 1688 luisset
521 1634 663 1686 vocatus
678 1619 721 1697 ad
746 1613 920 1684 Ecclesias
936 1617 1153 1685 constituen-
1207 1616 1385 1685 mentibus
1408 1610 1594 1685 hominum
1616 1617 1754 1702 lucens,
1781 1635 1814 1688 et
1836 1623 1997 1691 miranda
2012 1647 2186 1693 conserere
2229 1636 2233 1695 2

162 1731 224 1797 das
248 1750 268 1794 a
293 1736 347 1793 tot
362 1720 581 1812 sapientibus
597 1732 630 1788 et
655 1719 721 1809 piis
735 1717 960 1809 Principibus
976 1708 1009 1788 et
1025 1719 1153 1807 guber·
1209 1719 1258 1789 tio
1280 1718 1454 1788 societatis
1490 1714 1665 1789 humanae
1696 1721 1734 1790 in
1765 1736 1835 1790 tam
1861 1718 2054 1794 horrendis
2077 1730 2187 1797 conlu-

166 1828 362 1901 natorihus.
414 1822 491 1892 lloc
507 1823 634 1889 addam
654 1824 697 1889 de
714 1820 850 1893 Gradu.
1208 1821 1386 1901 sionibus,
1414 1836 1447 1891 et
1470 1822 1699 1912 imperiorum
1718 1825 1923 1896 constitutio
1950 1827 1988 1894 in
2006 1829 2119 1899 tantis
2132 1831 2188 1898 im-
2231 1880 2233 1885 -

265 1928 357 2001 Cum
379 1929 473 1996 iuxta
490 1921 701 1993 Academiae
717 1925 1006 1993 consuetudinem
1024 1921 1155 2011 Caspa-
1210 1924 1429 2015 pedimentis.
1499 1923 1595 2011 Quid
1632 1927 1725 1993 enim
1758 1927 1958 1998 mirabilius
1984 1943 2057 2015 est,
2098 1956 2188 2027 qoam
2228 1944 2233 2011 1

164 2058 244 2102 rum
261 2029 490 2120 Crucigerum
512 2041 689 2117 oporteret
710 2041 826 2117 petere
850 2031 998 2116 graelum
1023 2024 1156 2093 Docto·
1208 2024 1362 2096 Romam
1387 2027 1479 2095 inter
1503 2029 1648 2096 adsidua
1672 2030 1861 2098 tribunicia
1891 2034 2090 2103 certamina
2113 2048 2190 2105 stare
2228 2020 2233 2127 Ῑ

164 2160 263 2220 ‘⁰¹¹¹’
296 2148 330 2205 ⁸¹
354 2133 504 2226 insll'ffl‘
533 2130 633 2198 ¹¹be
659 2127 883 2218 flimbmgte
907 2130 1058 2199 &uellit
1088 2122 1157 2194 huc
1210 2152 1321 2221 posse.
1374 2126 1486 2198 Bonis
1509 2130 1596 2199 viris
1613 2132 1656 2199 ad
1681 2134 1921 2222 posteritatem
1942 2134 2189 2209 virtutistesti-
2227 2134 2233 2215 l

164 2238 316 2308 misisset
346 2234 595 2307 Reverendum
631 2233 745 2301 virum
777 2230 945 2301 loannem
966 2232 1158 2321 Arpinum,
1209 2233 1372 2300 monium
1396 2246 1466 2311 est,
1501 2256 1580 2301 cum
1606 2235 1746 2309 abonis
1762 2234 1993 2328 Principibus
2014 2252 2190 2325 ornantur,
2229 2230 2233 2271 ³

164 2355 206 2412 ut
227 2355 261 2412 et
284 2341 357 2431 ipse
381 2340 530 2426 gradum
557 2350 708 2426 peteret,
736 2339 856 2404 aderat
873 2331 929 2403 hic
945 2332 1024 2403 Dux
1046 2334 1156 2403 Saxo-
1210 2335 1295 2426 ipsis
1322 2358 1405 2403 vero
1430 2332 1657 2426 Principibus
1686 2339 1799 2408 multo
1824 2339 1935 2428 magis
1963 2334 2190 2415 honorificum

167 2445 248 2513 niae
263 2439 407 2511 Elector
428 2438 578 2508 loannes
594 2436 797 2505 Fridericus
819 2463 897 2506 cum
921 2436 1156 2506 illustrissima
1211 2451 1281 2522 est,
1304 2436 1501 2525 intelligere
1524 2451 1558 2506 et
1581 2462 1698 2508 amare
1715 2441 1911 2521 doctrinas,
1937 2458 1973 2515 et
1990 2467 2110 2515 earum
2123 2459 2192 2515 stu-

167 2546 338 2634 coniuge,
365 2542 427 2635 qui
451 2566 530 2609 cum
555 2539 746 2607 audivisset
771 2539 1012 2608 testimonium
1038 2538 1157 2629 publi-

167 2672 248 2719 cum
264 2643 418 2736 Casparo
446 2657 479 2712 et
502 2640 643 2731 Arpina
662 2642 892 2711 tribuendum
916 2664 1009 2724 esse,
1034 2640 1159 2723 voluit,

168 2764 208 2821 ut
231 2746 286 2818 his
301 2746 427 2816 Pastor
449 2759 569 2813 noster
585 2746 853 2832 adiungeretur,
881 2759 915 2814 et
936 2744 1092 2828 addidit,
1123 2767 1159 2811 se

169 2869 204 2923 et
230 2851 503 2942 disputationem
546 2862 580 2917 et
617 2849 921 2918 renunciationem
954 2847 1158 2915 auditurum

170 2978 263 3035 esse,
288 2968 322 3023 et
339 2953 536 3020 levaturum
553 2973 612 3017 eos
627 2964 780 3039 sumptu.
824 2946 901 3018 Etsi
918 2949 1041 3019 Pastor
1055 2973 1159 3017 excu-

170 3059 343 3129 sationem
362 3067 519 3123 senectae
533 3053 729 3135 adlerebat,
756 3067 872 3122 tamen
891 3054 972 3145 quia
990 3075 1159 3120 verecun-

170 3162 251 3231 dius
273 3158 400 3229 eratin
421 3181 460 3225 rc
477 3156 538 3224 rati
556 3180 628 3223 non
645 3155 707 3223 diu
725 3156 910 3244 refragari,
941 3157 1008 3240 ait,
1037 3177 1071 3222 se
1089 3155 1160 3222 oh-

169 3276 446 3354 temperaturum
470 3282 554 3328 esse.
607 3255 783 3327 Postridie
806 3260 905 3328 venit
932 3260 977 3327 ad
1001 3258 1161 3346 disputa·

171 3368 306 3437 tionem
334 3363 502 3452 Princeps
535 3387 613 3429 cum
637 3361 836 3451 praecipuis
862 3360 1094 3441 consiliariis,
1128 3372 1162 3426 et

172 3468 329 3538 studiose
359 3465 459 3534 audit
488 3458 657 3546 Lutheri,
698 3463 899 3549 Crucigeri,
940 3461 1096 3531 Pastoris
1129 3475 1162 3530 et

172 3568 305 3660 Aepini
322 3565 589 3658 responsiones,
612 3566 656 3633 de
670 3565 828 3644 iusticia,
854 3567 898 3632 de
915 3560 1092 3642 Ecclesia,
1118 3565 1163 3631 de

173 3667 591 3739 discrimine‘ministerii
618 3667 808 3754 evangelici
837 3682 870 3737 et
896 3667 1076 3755 potestatis
1099 3690 1164 3758 po-

174 3773 311 3851 liticae,
349 3771 386 3839 in
418 3794 487 3861 qua
518 3769 665 3837 materia
695 3769 824 3839 diserte
848 3769 961 3839 voluit
985 3768 1164 3858 explicari,

176 3899 257 3961 cur,
287 3898 366 3944 cum
388 3873 526 3940 violans
553 3870 718 3962 politicae
740 3873 921 3962 potestatis
943 3875 1056 3940 edicta
1084 3896 1164 3962 pcc·

174 3992 248 4061 cet,
279 4001 353 4046 non
374 3976 477 4045 etiam
501 3986 620 4065 peccet
641 3973 780 4043 violans
803 3975 1069 4044 ecclesiasticam
1092 3988 1164 4043 tra-

173 4081 346 4171 ditionem
367 4079 491 4147 sactam
515 4101 534 4146 a
560 4077 618 4153 pio
641 4074 796 4148 Pastore.
849 4076 1003 4170 Fuitque
1026 4076 1057 4144 ei
1085 4101 1165 4168 per-

173 4197 271 4273 grata
295 4181 409 4251 nostri
433 4179 585 4249 Pastoris
607 4179 738 4263 oratio,
772 4179 833 4273 qui
857 4179 1014 4270 dicebat,
1048 4204 1164 4248 arma·

1212 2541 1269 2608 dia
1285 2539 1434 2608 excitare
1449 2553 1483 2608 et
1497 2539 1630 2610 iuvare.

1313 2641 1397 2712 Fuit
1412 2654 1527 2711 autem
1544 2657 1578 2712 et
1595 2657 1792 2734 postremus
1812 2647 1905 2716 vitae
1920 2645 2074 2717 Pastoris
2087 2648 2191 2717 nostri

1211 2760 1307 2814 actus
1320 2742 1386 2813 Dei
1402 2745 1572 2814 beneficio
1590 2746 1756 2836 placidus.
1796 2744 1886 2817 Cum
1901 2750 1999 2820 itala
2109 2762 2192 2821 actae

1212 2860 1326 2916 essent
1345 2846 1435 2915 vires
1455 2861 1631 2935 postremo
1653 2873 1766 2935 anno,
1789 2863 1830 2921 ut
1851 2853 2023 2922 concione
2076 2852 2192 2923 ilsho-

1213 2974 1286 3018 rem
1314 2949 1487 3019 sustinere
1510 2974 1583 3020 non
1611 2966 1745 3040 posset,
1776 2954 1874 3024 venit
1898 2968 2017 3025 tamen
2047 2953 2191 3049 qnotidie

1215 3053 1252 3120 in
1269 3054 1459 3142 templum,
1486 3068 1520 3123 ct
1538 3053 1595 3144 pia
1613 3057 1812 3144 precatione
1825 3051 2041 3140 Ecclesiam,
2077 3072 2190 3129 arne
2229 3100 2233 3147 ,3

1214 3166 1248 3223 et
1272 3178 1338 3223 nos
1354 3152 1430 3223 Deo
1456 3157 1743 3229 commendabat:
1777 3158 1942 3230 veniebat
1958 3160 2067 3230 etiam
2083 3162 2191 3231 adne-

1215 3258 1378 3327 cessarias
1401 3257 1685 3329 deliberationes.
1740 3259 1902 3330 Tandem
1932 3285 2057 3332 mense
2077 3261 2191 3354 Apelt

1214 3361 1428 3429 decumbens
1451 3360 1527 3427 sine
1545 3383 1671 3450 magno
1697 3365 1872 3448 cruciatu,
1905 3365 2069 3457 quotidie
2086 3388 2191 3459 precs·

1215 3463 1329 3532 tiones
1344 3463 1518 3552 repetivit.

1318 3563 1430 3654 Saepe
1445 3564 1551 3633 etiam
1569 3566 1724 3636 suaviter
1740 3591 1819 3636 cum
1837 3568 1961 3639 amicis
1973 3572 2021 3639 de
2036 3592 2100 3662 spe
2113 3570 2192 3639 salu·

1217 3666 1262 3737 tis
1278 3679 1455 3745 aeternae,
1482 3680 1516 3736 et
1531 3670 1575 3737 dc
1588 3669 1792 3760 posteritate
1807 3670 2005 3743 collocutus
2027 3686 2093 3749 cst.
2141 3669 2192 3739 Vi·

1216 3793 1281 3858 gor
1295 3770 1422 3838 mentis
1437 3774 1523 3838 adeo
1537 3770 1604 3839 suit
1619 3771 1771 3861 integer,
1797 3788 1837 3843 ut
1851 3774 1996 3844 octiduo
2015 3790 2099 3845 ante
2112 3796 2194 3843 mor·

1218 3887 1286 3943 tem
1313 3869 1502 3941 Ductorem
1533 3872 1786 3944 Tilemannum
1808 3870 2194 3973 Heshusiumlleydcl-

1216 3977 1321 4063 herga
1348 3977 1553 4043 redeuntem
1581 4001 1661 4045 mox
1685 3992 1908 4065 agnosceret,
1934 3995 1968 4049 et
1994 3980 2112 4051 laetus
2128 4002 2194 4069 gra

1218 4076 1391 4147 tularetur
1405 4076 1436 4144 ei
1462 4078 1633 4161 reditum,
1659 4093 1692 4149 et
1714 4080 1968 4162 sciscitaretur,
1995 4105 2042 4151 an
2063 4082 2104 4152 in
2119 4084 2196 4153 Aes-

1218 4179 1370 4248 ‹lemiam
1386 4177 1730 4273 Heydelbergensem
1748 4183 1961 4272 migraturus
1981 4198 2096 4270 esset,
2118 4196 2150 4253 et
2171 4185 2197 4251 ei

174 4300 245 4354 tam
261 4306 335 4352 esse
355 4294 560 4373 potestatem
580 4282 758 4373 politicam
783 4283 971 4353 autoritate
987 4282 1165 4352 condendi
1218 4284 1330 4352 fausta
1361 4296 1574 4373 precaretur.
1639 4281 1763 4354 Postea
1789 4286 1846 4353 die
1874 4285 2042 4356 vicesimo
2063 4285 2199 4381 Aprilis,

175 4386 338 4477 proprias
362 4385 474 4472 leges,
499 4408 573 4451 non
597 4399 794 4475 pugnantes
813 4409 892 4454 cum
909 4383 1106 4476 Decalogo,
1132 4398 1165 4454 et
1218 4408 1299 4454 cum
1330 4408 1366 4452 se
1399 4385 1558 4476 quotidie
1585 4385 1659 4455 filio
1686 4384 1753 4456 Dei
1787 4385 1944 4457 Domino
1976 4402 2106 4461 nostro
2132 4389 2198 4460 lesu

175 4492 220 4557 de
233 4482 290 4555 his
306 4487 475 4557 traditum
491 4501 542 4555 est
556 4487 1060 4578 severissimumpraeceptum.
1094 4486 1165 4556 Ne·
1217 4482 1361 4557 Christo
1394 4488 1692 4569 commendasset,
1734 4490 1871 4581 placide
1899 4515 1941 4560 er
1971 4487 2040 4561 hac
2070 4492 2201 4564 mortali

175 4612 268 4661 cesse
284 4606 337 4660 est
351 4590 496 4657 obedire
513 4601 656 4679 propter
673 4591 937 4676 conscientiam,
963 4592 1023 4660 sed
1041 4589 1165 4661 Pasto-
1218 4590 1289 4660 vita
1313 4590 1470 4659 decessit.
1528 4582 1536 4599 ⁹

173 4693 275 4763 ribus
297 4715 457 4783 expresse
487 4684 670 4782 prohiberi
702 4694 855 4762 condere
878 4693 1041 4784 proprias
1062 4692 1165 4781 leges.
1318 4690 1390 4760 Nec
1405 4692 1644 4762 dubitandum
1661 4705 1730 4776 est,
1751 4717 1826 4763 esse
1842 4719 1921 4763 eum
1944 4695 1982 4763 in
2000 4720 2153 4769 nurnero
2167 4697 2203 4765 il·

174 4794 234 4866 Sic
260 4795 354 4865 euim
378 4794 522 4864 dicitur:
557 4791 668 4863 Nemo
694 4816 757 4864 vos
780 4809 904 4883 arguat
921 4795 958 4863 in
975 4795 1075 4880 cibo,
1100 4821 1165 4887 po-
1218 4793 1356 4877 lorum,
1381 4796 1426 4861 de
1442 4795 1572 4888 quibus
1584 4795 1752 4885 scriptum
1766 4812 1833 4867 est:
1855 4796 1956 4867 Beati
1970 4801 2128 4882 mortni,
2151 4798 2204 4894 qui

174 4910 318 4981 tuoto,
350 4921 415 4966 nec
434 4921 536 4987 posse
560 4892 651 4966 hanc
674 4896 872 4967 libertatem
894 4898 1003 4967 ullius
1030 4912 1166 4967 creatu·
1219 4897 1258 4965 in
1273 4892 1429 4965 Domino
1445 4896 1662 4970 moriuntur.
1713 4896 2206 4991 Quaeretasigirurtonears

175 5023 235 5069 rae
250 5001 438 5070 autoritate
452 5000 541 5070 tolli.
591 4994 642 5068 Et
655 5013 694 5069 ut
708 4999 745 5067 in
760 4998 975 5091 amplissima
988 5003 1166 5093 quaestio·
1219 4998 1368 5081 omitto,
1402 5023 1442 5068 ac
1463 5001 1581 5090 potius
1605 5023 1669 5069 oro
1698 5001 1813 5073 filium
1835 4999 2143 5088 Dei,·scdcntem
2167 5004 2207 5075 sd

174 5126 220 5173 ne
252 5104 363 5173 multa
404 5104 447 5171 de
481 5101 653 5192 dignitate
685 5102 850 5193 politicae
883 5105 1086 5196 potestatis,
1133 5118 1167 5173 ct
1219 5103 1378 5172 dextram
1400 5103 1534 5172 aeterni
1558 5102 1686 5194 patris,
1711 5128 1751 5173 ac
1772 5106 1867 5174 dona
1890 5107 2037 5177 dantem
2059 5103 2210 5179 hornini-

175 5205 366 5292 evangelici
388 5204 575 5274 ministerii
597 5205 689 5274 dicta
717 5218 812 5274 sunt.
1219 5203 1305 5288 bus,
1337 5201 1500 5273 Pastores
1534 5218 1568 5274 et
1598 5200 1789 5292 Doctores,
1823 5220 2012 5280 ut.rursus
2033 5206 2211 5283 Ecclesiae

275 5306 450 5395 Quaerela
472 5305 577 5376 etiam
593 5306 722 5393 {addita
747 5322 818 5390 est,
844 5307 977 5400 iniqua
995 5306 1166 5375 narraba-
1219 5320 1360 5378 nostrae
1374 5304 1557 5376 Pastorem
1572 5306 1704 5379 tribuat
1724 5310 1933 5394 salutarem,
1958 5327 1993 5382 et
2007 5336 2081 5385 nos
2093 5332 2212 5386 oraret

111 5408 116 5415 '
173 5418 250 5491 tur,
293 5410 363 5480 cito
396 5411 435 5478 in
461 5405 656 5480 Ecclesiam
693 5410 875 5503 irrepsisse
906 5407 1167 5502 superstitiosas
1219 5409 1412 5479 clementer
1428 5410 1614 5499 gubernet.
