4680 6038
253 245 326 323 10⁷
899 230 1064 311 DECL·
1097 230 1172 305 DE
1205 227 1534 309 FERMENTO
1567 249 1651 306 arc.
2217 235 2292 309 tos

254 443 336 488 vere
359 419 540 488 decretum
555 408 643 495 Dei,
669 425 703 482 et
724 410 901 481 exanimo
919 409 1116 487 laetantur,
1142 405 1247 474 uobis
1299 404 1466 489 serimus,
1488 427 1553 472 uec
1567 401 1753 472 abiieimus
1768 397 1874 471 huius
1889 405 2000 475 nostri
2019 405 2180 474 muneris
2193 430 2295 477 exer·

253 521 368 591 fitium
384 517 452 590 Dei
476 519 648 586 donatum
667 537 741 583 esse
757 526 792 582 et
808 507 875 581 hac
891 509 997 580 erecti
1014 508 1101 593 lide,
1127 509 1246 578 Deum
1301 506 1381 577 citia
1407 520 1440 576 et
1463 527 1596 598 operas.
1654 498 1811 573 Oramus
1834 520 1951 575 autem
1977 507 2090 576 filium
2116 507 2206 592 Dei,
2231 509 2295 603 qui

255 624 439 693 invocant,
1300 622 1353 680 est
1368 601 1476 708 λόγος
1489 605 1623 677 aeterni
1640 606 1768 697 patris,
1795 619 1835 676 ut
1852 606 1926 701 ipse
1944 604 2209 708 hancqloytaeip‘
2228 614 2294 682 lu-

1300 706 1426 806 τρείαν
1448 710 1621 800 gubernet
1638 724 1672 779 et
1689 709 1841 778 adiuvet.
1893 709 2086 801 vigilantia
2103 725 2137 782 et
2153 713 2296 804 sapien-

1301 814 1349 884 tia
1370 808 1527 882 humana
1551 836 1624 881 non
1648 825 1699 881 est
1715 834 1779 902 par
1792 813 1923 883 nostris
1939 828 1973 882 et
1990 812 2156 905 periculis
2172 829 2206 886 et
2220 838 2296 886 cer·

254 929 323 1001 No.
342 928 427 1001 145.
1073 948 1120 987 m.
1144 925 1237 988 1555.
1301 915 1507 985 tamiuibus.
1560 913 1649 984 Nam
1671 926 1705 984 et
1725 927 1851 984 natura
1874 914 1975 984 facile
2000 916 2220 1005 langueliuut
2239 917 2296 987 iu·

265 1024 436 1055 ‘⁶²⁸‘
1072 1013 1243 1044 Μ
1301 1018 1424 1108 genia,
1450 1030 1484 1087 et
1506 1016 1640 1087 diaboli
1662 1015 1907 1108 multipliciter
1930 1017 2145 1088 insidiantur
2162 1020 2297 1090 docen-

527 1145 603 1230 ΒΕ
632 1139 867 1259 fermento
893 1151 974 1227 θέο.
1303 1120 1398 1191 tibus
1421 1132 1454 1189 et
1475 1118 1710 1203 discentibus,
1735 1133 1775 1187 ut
1792 1108 1958 1189 'omnium
1982 1121 2181 1190 seculorum
2207 1115 2296 1191 bor·

1304 1221 1422 1291 ribilia
1444 1221 1600 1313 exempla
1623 1222 1827 1290 ostendunt.
1880 1221 1982 1312 Quae
1999 1222 2093 1291 enim
2113 1237 2209 1293 aetas
2228 1224 2295 1294 luit

324 1324 356 1377 ¹¹¹
371 1321 462 1402 ⁸²¹⁸.st
475 1321 556 1378 ⁰⁸⁶¹·
576 1319 609 1374 Τ·
623 1319 669 1374 ¹¹¹·
687 1339 715 1437 ξ·
730 1319 782 1373 ⁴⁵³
794 1337 870 1400 utu.
900 1317 1019 1398 servor,
1037 1315 1071 1371 Τ·
1087 1312 1134 1368 ¹¹¹·
1154 1333 1179 1397 l‘:
1191 1311 1250 1365 ⁴³⁹·
1303 1325 1379 1394 siue
1394 1324 1603 1394 monstrosis
1613 1323 1867 1414 opinionibus?
1891 1325 1967 1393 sine
1979 1324 2194 1394 calumniis?
2220 1326 2295 1394 siue

356 1404 381 1445 et
396 1390 513 1443 liuthard
533 1390 566 1442 Τ.
582 1389 629 1440 ΙΙΙ.
650 1408 678 1458 p.
702 1389 747 1442 06.
784 1387 1048 1455 Erramseparstrm:
1073 1382 1251 1452 „Oratrode
1500 1427 1523 1444 „
1610 1425 1617 1438 .
1855 1425 1863 1442 .
1952 1426 1962 1444 ,
2043 1427 2052 1443 ,
2092 1427 2099 1442 ,
2130 1427 2153 1444 „

357 1459 556 1525 annianum,
595 1458 622 1509 a
649 1476 701 1525 qu.
727 1456 843 1527 aratur,
876 1455 1054 1525 Evangetium
1079 1453 1167 1507 ,aaa
1193 1469 1251 1504 aaa
1302 1422 1566 1522 sycophantas?
1590 1425 1907 1516 srneeorruprehs?
1934 1427 2197 1498 smedrssrdus?
2222 1422 2296 1497 Ex·

356 1529 495 1615 cfrmgfuo
520 1529 601 1609 atrro
628 1528 713 1577 urtam
738 1524 842 1577 tarinae
860 1527 939 1590 satu,
970 1523 1046 1578 recu.
1065 1543 1079 1578 a
1100 1522 1158 1577 Vel·
1177 1525 1247 1574 Tru>
1304 1541 1380 1599 tant
1395 1529 1480 1598 libri
1495 1542 1597 1599 testes
1613 1529 1657 1599 de
1673 1541 1744 1598 tota
1761 1527 1980 1620 antiquitate.
2033 1527 2103 1599 Sed
2121 1542 2242 1598 tamen
2258 1529 2295 1598 in

359 1607 436 1665 Ψ·
475 1595 591 1649 W¹¹⁸b‘
611 1595 685 1647 Μ’
704 1595 729 1648 ⁸⁶
753 1593 771 1646 ²
790 1595 826 1665 ¹³¹⁹
1302 1627 1459 1701 Ecclesia
1474 1631 1566 1701 filius
1576 1626 1644 1699 Dei
1660 1654 1732 1698 non
1749 1630 1835 1699 sinit
1849 1631 1990 1720 penitus
2005 1631 2162 1720 extingui
2180 1631 2295 1702 lucem

1305 1734 1479 1813 veritatis,
1507 1749 1539 1804 et
1556 1757 1636 1801 cum
1653 1731 1699 1802 sit
1716 1728 1825 1829 λόγος
1839 1733 1972 1802 aeterni
1991 1733 2120 1822 patris,
2148 1758 2232 1803 vere
2247 1750 2297 1804 est

1303 1836 1423 1904 efficax
1448 1860 1532 1905 voce
1556 1858 1638 1904 suae
1660 1837 1860 1918 doctrinae,
1885 1849 1920 1904 et
1941 1834 2142 1928 aliquorum
2158 1849 2295 1906 mentes

256 1930 346 2017 Nisi
364 1953 459 2012 certo
478 1940 645 2008 sciremus
661 1932 752 2006 hanc
769 1961 1016 2006 aerumnosam
1033 1937 1160 2017 vitam,
1185 1937 1251 2006 iter
1303 1938 1405 2008 docet
1423 1951 1457 2007 et
1475 1938 1680 2021 confirmat,
1706 1961 1786 2005 nea
1804 1937 1951 2007 veritate
1967 1937 2142 2006 aberrent.
2196 1935 2297 2008 Sicut

256 2069 329 2117 csse
351 2047 394 2113 ad
417 2040 656 2112 dulcissimam
680 2039 837 2110 coelestis
858 2037 1037 2109 Ecclesiae
1060 2051 1249 2109 consuetu·
1303 2054 1336 2109 et
1360 2053 1536 2129 precatur:
1561 2037 1747 2109 Sanctifiea
1761 2062 1820 2107 eos
1835 2039 1873 2106 in
1890 2039 2057 2124 veritate,
2082 2063 2199 2108 sermo
2217 2053 2297 2110 tuus

255 2149 395 2227 dinem,
422 2145 458 2212 in
474 2168 543 2234 qua
558 2141 654 2212 Deus
669 2164 742 2210 sese
757 2142 861 2210 nobis
876 2141 993 2231 palam
1009 2144 1189 2222 ostendet,
1216 2156 1250 2211 et
1304 2156 1355 2212 est
1374 2142 1511 2214 veritas.
1564 2137 1613 2209 Et
1629 2135 1715 2207 baec
1730 2141 1855 2211 ultima
1874 2155 1908 2209 et
1926 2142 2037 2210 delira
2054 2140 2184 2210 mundi
2202 2154 2295 2211 aetas

255 2274 354 2319 suam
381 2248 515 2328 lucem,
538 2244 768 2334 sapientiam,
794 2243 989 2329 iusticiam,
1015 2244 1186 2313 laeticiam
1210 2242 1248 2311 in
1302 2269 1343 2312 eo
1369 2244 1447 2333 plus
1470 2239 1616 2311 babebit
1639 2265 1823 2326 errorum,
1850 2244 1932 2336 quia
1957 2244 2127 2334 paulatim
2143 2245 2295 2314 maiores

255 2365 328 2422 tota
350 2348 556 2418 aeternitate
578 2345 873 2426 communicabit,
899 2347 978 2438 quis
996 2347 1168 2415 sustinere
1184 2348 1249 2416 do·
1302 2348 1387 2415 fient
1409 2343 1693 2415 etEcclesiarum
1714 2358 1748 2413 et
1768 2346 1999 2437 imperiorum
2016 2336 2295 2420 dilaceratiducs.

254 2455 348 2522 lores
377 2465 411 2518 et
433 2473 563 2536 agonas
586 2442 693 2514 huius
717 2447 808 2513 vitae
830 2446 1109 2517 innumerabiles
1132 2462 1248 2539 posset
1302 2445 1350 2517 Et
1371 2459 1527 2516 crescent
1543 2447 1646 2530 odia,
1670 2458 1703 2514 et
1718 2447 1830 2515 furiae
1846 2447 2116 2517 ambitiosorum
2132 2449 2296 2539 iugenio-

254 2568 317 2624 aut
346 2550 473 2621 vellet?
533 2548 603 2620 Sed
634 2547 837 2617 intueamur
866 2548 968 2618 illum
1000 2563 1163 2641 portum,
1203 2552 1248 2620 ad
1302 2574 1380 2618 rum
1404 2549 1599 2639 impedient
1621 2547 1801 2619 saniorum
1824 2550 2001 2643 colloquia
2018 2562 2052 2619 et
2066 2549 2296 2621 deliberatio·

254 2680 362 2751 quem
381 2652 596 2733 accedimus,
622 2649 729 2717 simul
753 2650 858 2718 etiam
880 2651 1031 2720 sciamus
1048 2675 1112 2720 nos
1129 2651 1166 2719 in
1182 2646 1248 2721 hac
1302 2676 1376 2720 nes.
1431 2650 1672 2739 lntelligamus
1686 2651 1794 2739 igitur
1810 2652 1984 2743 pericula,
2010 2669 2043 2720 et
2059 2652 2200 2722 assidue
2215 2676 2295 2745 pre-

254 2758 356 2841 navi,
391 2779 480 2848 quae
511 2752 723 2822 saevissimis
750 2752 893 2823 flatibus
912 2755 1080 2842 agitatur,
1114 2778 1247 2846 nequa·
1301 2779 1424 2823 cemur
1445 2753 1556 2822 lilium
1575 2753 1644 2822 Dei
1660 2752 1853 2822 Dominum
1874 2769 2035 2824 nostrum
2056 2752 2172 2822 lesum
2189 2749 2291 2827 Clrri·

254 2884 360 2954 quam
383 2857 478 2927 solos
501 2869 534 2924 et
555 2855 630 2922 sine
655 2853 787 2922 auxilio
813 2878 893 2925 esse.
946 2855 1094 2947 Semper
1117 2856 1248 2927 assidet
1302 2870 1413 2936 stum,
1454 2869 1495 2924 ut
1524 2879 1590 2923 nos
1621 2869 1656 2924 et
1682 2859 1854 2943 gubernet
1881 2870 1915 2925 et
1937 2857 2140 2942 confirmet,
2179 2881 2227 2927 ne
2250 2860 2295 2927 al)

254 2961 299 3031 ad
323 2960 462 3029 clavum
488 2952 679 3044 liliusDei,
706 2971 823 3026 custos
836 2953 987 3027 humani
1001 2958 1157 3047 generis,
1186 2959 1246 3053 qui
1301 2959 1378 3050 ipso
1395 2958 1609 3029 aberremus.
1951 3016 1955 3022 .

254 3074 419 3132 naturam
455 3054 648 3127 humanam
682 3060 890 3150 assumpsit,
931 3085 977 3129 ne
1008 3056 1096 3130 haec
1127 3075 1246 3131 nostra
1403 3057 1499 3129 Haec
1515 3058 1662 3151 praefati
1677 3082 1797 3128 sumus
1813 3061 1856 3128 de
1871 3053 2087 3129 scholasticis
2098 3059 2293 3142 laboribus,

253 3187 366 3234 massa
384 3162 545 3232 [unditus
560 3161 702 3252 periret.
755 3158 824 3231 Hic
840 3164 1002 3253 protegit,
1028 3176 1151 3247 armat,
1177 3164 1245 3232 eri·
1300 3175 1341 3233 ut
1358 3162 1568 3232 etdisceudi
1583 3178 1616 3231 et
1635 3164 1802 3252 precandi
1819 3186 1901 3230 cura
1918 3163 2141 3234 exuscitetur.
2190 3160 2294 3233 Neue

253 3267 323 3357 git,
357 3277 547 3342 sustentat,
578 3262 725 3331 adiuvat
752 3287 836 3346 nos,
872 3287 916 3331 nc
944 3260 1010 3334 hac
1035 3279 1131 3335 tanta
1154 3266 1247 3336 mole
1300 3265 1381 3358 quia
1405 3265 1441 3332 in
1465 3258 1521 3333 his
1546 3260 1703 3334 honestis
1720 3265 1964 3353 congressibus
1980 3266 2079 3334 decet
2094 3265 2233 3358 aliquid
2251 3268 2293 3337 de

253 3368 477 3439 miseriarum
501 3365 656 3456 oppressi
679 3365 936 3455 extinguamur.
989 3364 1154 3436 Vivimus
1179 3368 1245 3457 igi·
1301 3378 1399 3458 pa‘rte
1419 3367 1537 3460 aliqua
1559 3367 1741 3437 doctrinae
1762 3371 1805 3435 ad
1829 3368 1987 3435 iuniores
2005 3369 2223 3437 erudiendos
2239 3370 2292 3437 di·

252 3483 330 3551 tur,
356 3494 429 3538 uon
450 3481 490 3538 ut
512 3460 734 3563 φιλόψυχοι,
763 3469 844 3560 quia
868 3466 938 3536 vita
960 3492 1024 3558 per
1041 3493 1114 3538 sese
1132 3470 1246 3539 dulcis
1299 3494 1395 3553 cere,
1421 3494 1556 3537 sumam
1581 3482 1828 3558 argumentum
1849 3493 1929 3541 ,non
1954 3470 2110 3539 alienum
2135 3494 2155 3538 a
2180 3471 2292 3539 medi·

253 3571 318 3652 sit,
344 3585 404 3639 aut
429 3571 473 3639 sit
494 3569 598 3660 plena
615 3569 855 3658 voluptatum:
883 3572 941 3638 sed
961 3585 1002 3640 ut
1015 3568 1091 3640 Deo
1109 3572 1246 3641 obtem·
1300 3596 1421 3641 corum
1447 3571 1620 3641 doctrina.
1672 3568 1792 3658 Pingit
1808 3571 1983 3641 Dominus
2007 3573 2146 3665 aliquot
2168 3571 2291 3662 imagi·

251 3696 433 3765 peremus,
461 3686 495 3740 et
510 3671 589 3741 freti
605 3670 818 3761 opitulatore
831 3671 905 3740 filio
918 3669 1003 3754 Dei,
1029 3673 1168 3743 labores
1183 3676 1246 3742 ad·
1281 3697 1361 3742 nes
1385 3670 1582 3757 Ecclesiae,
1615 3698 1765 3764 quarum
1786 3697 1858 3741 uua
1883 3670 1968 3742 haec
1992 3689 2059 3744 est:
2092 3672 2156 3746 Ait
2178 3676 2291 3745 simile

253 3775 394 3855 siduos‚
422 3798 542 3852 curas,
567 3774 707 3843 dolores
725 3775 761 3841 in
783 3774 956 3858 ecclesiis,
978 3775 1016 3842 in
1031 3771 1180 3860 scholis,
1207 3777 1244 3844 in
1299 3800 1372 3846 esse
1407 3799 1555 3866 reguum
1586 3775 1766 3844 coelorum
1798 3778 1991 3861 fermento,
2034 3779 2133 3870 quod
2165 3778 2291 3848 mulier

252 3879 394 3959 castris,
422 3875 601 3958 incuria,
629 3888 663 3944 et
680 3875 718 3942 in
733 3877 939 3946 oeconomia
955 3877 1186 3961 sustinemus,
1212 3891 1246 3948 et
1300 3880 1422 3948 miscet
1442 3879 1556 3947 tribus
1578 3879 1712 3946 farinae
1734 3879 1835 3963 satis,
1862 3880 1974 3948 donec
1998 3892 2111 3950 totum
2135 3879 2290 3950 sermen-

250 3978 349 4049 illam
374 4002 491 4048 arcem
512 3991 692 4048 aeternam
714 3973 782 4047 hoc
804 4003 1014 4048 aerumnoso
1033 3980 1244 4072 cursupeti-
1298 3994 1405 4053 tetur.
1464 3978 1588 4049 Brevis
1619 3981 1775 4051 narratio
1800 3995 1869 4066 est,
1903 3983 1964 4049 sed
1990 3982 2103 4050 dulcis
2128 3983 2289 4055 couside-

248 4105 338 4151 mus.
391 4077 488 4150 Haec
511 4082 555 4151 de
579 4080 725 4149 vivendi
748 4081 862 4150 causis
884 4081 1056 4162 miseriis,
1083 4096 1119 4153 et
1144 4084 1244 4151 arrxi-
1297 4084 1412 4168 rauti,
1438 4083 1519 4177 quia
1542 4083 1652 4152 multa
1677 4084 1778 4153 docet
1801 4085 1845 4153 de
1871 4084 2069 4154 ministerio
2092 4079 2289 4177 Evangelii,

249 4183 325 4267 liis,
349 4184 488 4251 assidue
509 4184 694 4271 cogitanda
712 4199 814 4266 suut,
841 4196 880 4251 ut
895 4185 1151 4254 confirmentur
1166 4185 1243 4255 aui·
1298 4187 1342 4256 de
1366 4186 1573 4257 collectione
1588 4182 1787 4271 Ecclesiae,
1813 4188 1857 4255 de
1874 4188 2103 4257 renovatione
2122 4182 2287 4269 hominis,

248 4285 316 4366 mi,
351 4307 397 4351 ne
429 4283 566 4352 labores
590 4288 804 4355 necessarios
827 4287 1027 4376 defugiant,
1061 4301 1123 4358 aut
1145 4289 1243 4358 dese·
1298 4291 1341 4358 de
1366 4287 1590 4358 restitutione
1614 4289 1772 4357 iustitiae
1789 4303 1822 4358 et
1837 4288 1930 4358 vitae
1947 4303 2119 4358 aeternae.
2172 4287 2288 4361 Huius

247 4397 340 4455 caut.
395 4382 497 4453 Hanc
521 4388 893 4458 commonefactiouem
920 4414 987 4460 vox
1004 4390 1125 4458 divina
1142 4413 1244 4482 saepe
1297 4392 1480 4462 doctrinae
1501 4391 1736 4460 consideratio
1757 4393 1868 4460 bonas
1893 4407 2029 4462 mentes
2052 4406 2086 4461 ct
2106 4392 2288 4464 confirmat

247 4486 433 4579 proponit,
460 4488 561 4555 iubet
581 4488 738 4575 singulos
763 4492 875 4560 lacere
898 4493 953 4561 sui
978 4493 1086 4561 officii
1108 4517 1242 4582 operas,
1296 4507 1331 4564 et
1353 4492 1567 4564 consolatur.
1616 4491 1690 4561 Nos
1712 4507 1805 4562 certe
1823 4495 1862 4562 in
1878 4490 2008 4565 scholis
2024 4494 2150 4565 talium
2167 4520 2287 4566 narra-

248 4604 283 4659 et
299 4603 418 4680 petere
430 4602 464 4658 et
480 4602 661 4680 expectare
677 4590 817 4661 loelices
835 4593 1112 4665 eventusaDeo.
1147 4594 1242 4666 Sub-
1296 4596 1434 4666 tionum
1457 4594 1628 4664 voeabula
1653 4596 1854 4666 iunioribus
1869 4597 2095 4691 interpretari
2110 4600 2286 4669 debemus

247 4691 344 4761 ditus
361 4704 433 4760 esto
452 4687 549 4775 Deo,
576 4691 692 4785 iuquit
708 4691 890 4775 Psalmus,
914 4709 948 4766 et
961 4721 1023 4766 ora
1039 4721 1132 4769 eum.
1296 4697 1455 4768 Primum
1488 4697 1597 4787 igitur
1626 4698 1670 4765 de
1697 4698 1880 4768 vocabulis
1904 4701 2036 4769 dicam:
2070 4698 2198 4770 Satum
2221 4696 2287 4772 hoc

350 4788 428 4864 Etsi
446 4794 554 4883 igitur
568 4789 666 4863 hunc
681 4811 842 4866 nostrum
859 4798 1016 4869 laborem
1031 4798 1070 4870 iu
1080 4802 1241 4870 docendo
1295 4801 1374 4870 loco
1397 4825 1465 4869 vox
1487 4796 1605 4868 Ebrea
1629 4814 1698 4890 est,
1726 4825 1926 4870 mensuram
1951 4803 2171 4892 significans,
2199 4829 2287 4899 quae

247 4906 282 4963 et
313 4894 504 4977 discendo,
536 4910 571 4965 et
602 4909 712 4966 totam
743 4900 988 4970 doctrinarum
1018 4902 1241 4994 propagatio·
1296 4915 1346 4972 est
1364 4904 1465 4973 tertia
1482 4926 1563 4993 pars
1575 4904 1767 4988 medimni,
1794 4918 1898 4974 erunt
1914 4905 2024 4996 igitur
2038 4905 2109 4976 tria
2123 4920 2197 4976 sata
2212 4931 2286 4978 me·

245 5019 349 5080 nem,
382 4996 598 5068 comitantur
627 5000 759 5071 multae
782 5025 837 5070 res
859 5004 1048 5086 molestae,
1081 5018 1241 5076 contem-
1295 5006 1439 5075 dimnus
1463 5005 1610 5095 integer.
1669 5003 1719 5075 Ut
1743 5020 1860 5075 autem
1884 5009 1981 5079 velut
2004 5009 2052 5077 ol>
2074 5007 2201 5078 oculos
2223 5035 2287 5103 po-

243 5112 345 5190 ptus,
378 5101 480 5183 odia,
512 5116 716 5191 paupertas,
749 5103 907 5193 ingentia
939 5109 1150 5183 certamina,
1183 5132 1240 5176 ca·
1295 5132 1377 5178 nam
1405 5132 1590 5177 mensurae
1617 5107 1920 5197 magnitudinem,
1956 5111 2159 5181 medimnus
2191 5111 2286 5185 Atti·

245 5200 421 5284 lumniae,
461 5200 697 5292 ingratitudo,
735 5205 857 5287 exilia,
897 5209 1087 5299 supplicia,
1122 5223 1239 5279 tamen
1293 5233 1355 5279 cus
1378 5211 1634 5302 propemodum
1659 5211 1822 5300 congruit
1838 5237 1916 5282 cum
1934 5212 2076 5304 Lipsico
2091 5214 2288 5301 mediano,

245 5302 329 5396 quia
355 5302 485 5373 scimus
507 5302 626 5376 Deum
649 5306 869 5377 severissime
894 5312 1095 5403 praecipere
1117 5331 1152 5382 et
1174 5316 1240 5380 do·
1294 5337 1399 5406 quem
1424 5314 1611 5383 nominant
1628 5311 1769 5403 Lipsiae
1789 5315 1838 5384 cia
1860 5312 2022 5407 Θὼὸῆεί,
2055 5317 2091 5386 id
2114 5317 2222 5387 ctiam
2244 5344 2286 5391 ex

243 5404 348 5476 cendi
362 5419 397 5477 et
412 5405 575 5478 discendi
591 5407 772 5495 laborem,
798 5405 891 5483 hanc
904 5412 1068 5485 militiam
1084 5438 1158 5484 uon
1176 5415 1239 5484 de·
1292 5416 1402 5485 veteri
1420 5415 1539 5505 precio
1555 5413 1706 5505 intelligi
1724 5430 1848 5509 potest.
1898 5414 1986 5489 Erat
2000 5420 2095 5489 enim
2112 5419 2188 5511 lege
2205 5446 2288 5517 pre·

263 814 463 826 ψ.-
1057 799 1246 814 ’ὤ

257 1778 387 1847 Oratio
414 1771 460 1843 de
481 1767 675 1865 fermento
691 1774 810 1842 mixto
828 1769 949 1843 tribus
964 1766 1126 1864 farinae
1143 1773 1251 1840 sutis.
