4680 6038
40 181 181 310 ass'
741 224 773 305 1.
817 220 1115 303 cnuourcou
1138 218 1389 306 centones.
1833 226 1840 241 ·
2014 264 2092 341 794

43 403 208 483 honesds
222 402 455 491 mulieribus,
482 414 518 474 ct
532 399 767 474 attrectabant
785 399 897 476 sinus.
947 396 1046 472 Haec
1196 395 1312 477 Aiunt
1341 416 1423 477 ante
1447 407 1559 483 aciem
1581 414 1761 493 terribiles
1787 416 1926 502 sdnitus
1947 438 2090 517 audito,

39 532 128 583 cum
170 509 262 581 inste
302 529 407 600 aegre
446 507 582 577 ferrent
624 517 726 596 pater
766 498 959 600 Amyntas,
1009 516 1043 575 et
1096 524 1192 591 esse,
1225 515 1260 576 et
1291 505 1367 580 visa
1395 526 1551 603 spectra,
1585 542 1676 613 quae
1701 514 1939 606 Athenienses
1967 522 2088 632 postia

39 613 143 685 lilius
164 606 388 696 Alexander,
420 608 516 679 tilius
543 618 680 699 patrem
712 600 897 694 hortatur,
930 619 972 679 ut
1001 630 1044 678 ex
1093 606 1262 680 dixerunt
1278 610 1385 683 fuisse
1400 616 1551 707 speeiem
1572 617 1710 710 Panos,
1736 631 1798 722 qui
1817 646 1989 710 terrorem
2006 659 2087 719 tau·

37 713 214 788 convivio
229 714 388 785 discedat
402 711 637 783 dormiturus.
691 706 865 798 Quicum
888 709 1044 798 abiisset,
1095 721 1170 782 tum
1195 708 1312 784 Persis
1338 714 1543 806 incusserit,
1584 737 1625 796 ut
1658 726 1832 819 fugerent.
1898 737 1990 816 lude
2016 746 2086 821 Pa-

38 816 237 891 simulabat
268 812 485 887 hilaritatem
518 808 742 896 Alexander,
776 835 816 880 ac
848 812 1042 907 aliquando
1094 814 1165 883 uici
1182 826 1335 887 terrores
1347 823 1569 912 posteadicti
1587 843 1689 918 sunt,
1716 834 1760 904 de
1782 839 1910 911 subitis
1927 862 2085 923 conster-

37 935 125 1016 post
151 915 332 1003 hortatur,
365 932 406 989 ut
430 916 627 987 concedant
648 915 879 1000 mulieribus,
912 929 952 988 ¹¹¹
973 917 1041 985 ³¹5·
1093 917 1312 991 ”³¹5⁰nlbm·

39 1021 254 1119 quantisper
284 1032 450 1109 surgant,
492 1031 527 1088 et
554 1018 604 1086 ait
634 1041 716 1086 mox
752 1017 930 1088 redituras
957 1041 1042 1089 esse.
1194 1016 1365 1112 Hippiam
1381 1022 1559 1100 Pisistrati
1584 1032 1696 1104 filium
1713 1037 1938 1116 interfectum
1954 1075 2027 1125 esse
2044 1057 2081 1128 in

39 1124 189 1217 Quibus
219 1125 376 1193 drmrssrs
397 1122 499 1193 rubet
522 1119 764 1191 adolescentes
791 1120 931 1191 nobiles
955 1119 1041 1192 toti·
1093 1144 1134 1192 co
1152 1123 1287 1214 praelio
1303 1126 1461 1200 scribunt
1478 1128 1604 1206 Cicero
1625 1139 1669 1207 ad
1685 1134 1844 1213 Atticum
1862 1161 1897 1218 et
1912 1147 2081 1236 lustinus.

41 1228 129 1301 dem
160 1227 313 1297 iuduere
344 1248 467 1295 earnm
499 1236 630 1309 vestes,
663 1234 697 1293 et
727 1221 864 1312 gladios
890 1245 1041 1310 sumere,
1092 1222 1135 1294 ln
1158 1223 1270 1296 Suida
1298 1250 1383 1300 vero
1412 1229 1557 1321 legitur,
1590 1241 1830 1337 undecunque
1859 1273 1898 1319 ea
1921 1262 2081 1333 narratio

40 1330 187 1403 abditos
206 1328 274 1399 sub
296 1329 472 1412 vestibus,
499 1341 630 1398 etcum
648 1323 775 1395 Persae
795 1347 855 1396 cos
875 1338 1041 1398 attrecta·
1091 1343 1232 1419 sumpta
1264 1341 1334 1411 est,
1374 1334 1561 1424 profligato
1595 1342 1750 1414 exercitu
1781 1345 1921 1426 Persico
1950 1358 2080 1450 fugisse

38 1442 144 1516 rent,
173 1432 269 1524 ipsos
292 1431 496 1501 confodere.
557 1424 655 1497 Haec
684 1426 732 1497 ita
760 1429 974 1515 factasunt,
1006 1440 1041 1499 ct
1089 1426 1260 1522 Hippiam
1275 1431 1313 1500 iu
1327 1429 1515 1522 Lemnum,
1542 1453 1576 1510 et
1591 1442 1642 1513 ibi
1655 1447 1782 1517 morbo
1799 1453 1991 1531 extinctum
2006 1488 2080 1537 esse

39 1534 211 1606 lasciviae
225 1559 266 1603 ac
281 1533 496 1624 petulantiae
511 1552 644 1622 poenas
658 1527 781 1619 Legati
802 1531 912 1602 iustas
930 1530 1039 1602 dede-
1089 1531 1185 1603 inter
1202 1554 1348 1625 magnos
1372 1537 1566 1625 cruciatus,
1591 1568 1672 1615 cum
1695 1550 1869 1627 amisisset
1885 1559 2019 1651 visum,
2043 1582 2080 1641 et

37 1650 141 1709 runt.
191 1634 345 1730 Fuitqne
370 1630 429 1704 hic
443 1633 649 1703 Alexander
670 1656 825 1725 proavus
841 1629 1039 1706 Alexandri
1088 1635 1202 1726 mptis
1227 1637 1326 1707 venis
1355 1640 1497 1727 sanguis
1526 1648 1668 1736 copiose
1699 1673 1763 1740 per
1790 1659 1913 1729 oculos
1941 1664 2077 1742 flueret.

40 1736 184 1831 Magni·
1087 1734 1278 1810 Perierunt
1291 1761 1374 1828 ergo
1389 1742 1495 1811 umbo
1509 1745 1572 1814 lilii
1596 1744 1778 1823 Pisistrati
1795 1762 1936 1850 tragicis
1959 1790 2076 1839 exem-

145 1838 343 1934 Aliquanto
359 1850 440 1930 post
459 1851 492 1910 et
511 1833 675 1908 lonicum
693 1837 829 1909 bellum
847 1852 1037 1933 sequutum
1088 1839 1176 1932 plis,
1201 1838 1483 1934 etsillipparchi
1508 1849 1717 1938 sapientiam
1739 1856 1862 1933 laudat
1880 1861 2001 1953 Plato,
2025 1875 2076 1942 ci-

38 1959 106 2015 est.
169 1940 382 2012 Defecerant
411 1942 506 2010 enim
539 1937 693 2010 aDario
725 1939 828 2010 lones
853 1941 891 2009 in
916 1941 1037 2012 littore
1088 1956 1167 2013 taus
1184 1943 1260 2013 eius
1274 1966 1416 2028 versus,
1440 1945 1627 2042 inscriptos
1645 1958 1768 2028 statuis
1784 1960 2075 2044 Mercurialibus:

40 2044 167 2131 Asiae,
195 2060 230 2115 et
245 2044 478 2115 incenderunt
490 2042 635 2125 Sardis,
662 2064 731 2135 qua
749 2043 786 2110 in
801 2067 840 2113 re
856 2056 889 2113 et
904 2043 1036 2116 auxilia
1086 2048 1218 2139 μνῆμα
1248 2037 1333 2116 τόδ’
1363 2041 1572 2143 ἱππάρχους
1605 2052 1724 2149 dreiga
1751 2056 1879 2136 δίκαια
1908 2080 2076 2164 φρονῶν.

40 2143 320 2219 Atheniensium
339 2141 549 2217 habuerant.
596 2142 1036 2216 Fuitautemdefectionis
1090 2145 1194 2219 ltem:
1220 2150 1353 2239 μνῆμα
1368 2142 1450 2219 zdd’
1473 2148 1681 2247 ἱππάρχους
1706 2157 1759 2254 μὴ
1776 2160 1889 2258 φίλον
1902 2170 2076 2253 fiunem.

37 2250 254 2343 praecipuus
268 2271 391 2318 suasor
410 2246 574 2330 lstiaeus,
599 2246 661 2339 qui
680 2269 760 2315 cum
779 2261 868 2318 essct
890 2246 929 2316 in
949 2247 1036 2318 Per·
1190 2249 1368 2319 Miltiadis
1391 2276 1473 2322 vero
1489 2254 1655 2329 interitus
1680 2267 1880 2354 exemplum
1898 2289 1949 2346 est
1965 2279 2076 2349 usita-

38 2353 134 2423 siam
154 2366 318 2435 vocatus,
342 2350 392 2419 ibi
410 2348 582 2419 intellexit
599 2345 747 2418 Darium
767 2349 858 2418 velle
875 2345 980 2420 Ionas
998 2350 1035 2420 in
1087 2364 1142 2423 tae
1166 2351 1432 2443 ingratitudinis
1455 2349 1655 2433 hominum.
1706 2361 1798 2435 Cum
1822 2373 1919 2446 enim
1942 2382 2079 2469 praeci-

39 2448 266 2522 Phoenicum
287 2452 467 2541 regionem
490 2452 697 2532 transferre,
731 2464 764 2521 et
778 2445 976 2521 Phoenices
998 2453 1036 2521 in
1087 2477 1156 2545 pue
1178 2454 1289 2544 ipsius
1312 2455 1462 2525 consilio
1482 2474 1517 2531 ct
1535 2461 1746 2536 fortitudine
1759 2465 1922 2544 Persicus
1943 2486 2077 2553 exerci-

40 2550 186 2625 lnuiam
202 2555 386 2626 collocare.
440 2550 486 2623 Ut
503 2553 611 2641 igitur
624 2565 703 2623 tuto
718 2553 931 2642 significaret
945 2549 1037 2624 hanc
1088 2570 1145 2626 tus
1164 2553 1371 2647 profligatus
1391 2571 1500 2641 esset,
1526 2562 1678 2658 cumque
1699 2566 1875 2643 Lemnum
1891 2581 2077 2658 adiecisset

37 2678 117 2727 rem
133 2678 217 2724 suae
231 2656 338 2746 genti,
363 2651 431 2724 hoc
447 2655 596 2724 consilio
612 2678 697 2724 usus
710 2669 778 2724 ests
801 2655 943 2726 Nunnio
956 2656 1037 2727 radi
1086 2658 1130 2726 ad
1155 2653 1297 2727 Atticae
1320 2656 1472 2727 civitatis
1497 2661 1689 2754 imperium
1717 2687 1837 2761 postea
1863 2679 2078 2757 infoeliciter

10 2757 190 2848 ‚tapinos
206 2759 329 2850 eapitis
347 2756 467 2841 iussit,
494 2757 624 2826 deinde
642 2756 778 2842 literas,
805 2781 892 2851 quas
909 2758 1036 2843 voluit,
1088 2772 1221 2832 tentata
1240 2782 1342 2851 pace,
1368 2760 1413 2829 ab
1434 2760 1569 2835 invidis
1587 2786 1768 2845 accusatus
1789 2789 1857 2862 cst,
1884 2796 1917 2853 et
1933 2787 2077 2876 publice

40 2859 211 2940 incussit,
246 2859 485 2950 significantes
502 2857 750 2950 Aristagorae,
775 2855 971 2953 Capitaneo
996 2860 1036 2929 in
1087 2862 1295 2950 damnatus,
1329 2873 1369 2931 ut
1389 2862 1649 2958 quinquaginta
1673 2875 1821 2965 talentu,
1846 2881 1884 2951 id
1909 2900 1979 2968 est,
2010 2890 2077 2960 tri·

38 2959 146 3043 Asia,
179 2975 220 3032 ut
243 2962 377 3031 bellum
398 2973 567 3035 moveret.
627 2956 791 3056 Cumque
817 2983 941 3034 rursus
958 2987 1035 3035 crc-
1086 2964 1184 3054 ginta
1199 2962 1312 3032 millia
1330 2980 1578 3038 coronatorum
1596 2977 1773 3062 penderet.
1826 2977 2076 3064 Acductusin

39 3064 178 3137 visseru
208 3063 351 3157 capilli,
385 3063 498 3135 mittit
522 3088 604 3134 eum
633 3064 677 3133 ad
704 3063 969 3154 Aristagoram,
1002 3078 1037 3135 et
1087 3088 1283 3145 carcerem,
1308 3064 1560 3167 ibialiquanto
1577 3089 1833 3165 postmortuus
1848 3101 1912 3158 est.

37 3164 142 3237 ww
164 3167 241 3239 ndi
267 3165 414 3258 capium
436 3165 583 3259 capim,
617 3178 651 3235 et
670 3166 780 3256 „ppei
806 3178 922 3257 caput,
974 3162 1034 3234 ln·
1189 3164 1374 3235 Postremo
1397 3169 1440 3236 de
1460 3168 1568 3242 Dario
1593 3176 1665 3246 tilio
1687 3176 1949 3276 Histaspishoe
1971 3197 2075 3269 addo.

34 3266 183 3341 tellecta
205 3270 315 3360 igitur
335 3269 486 3339 consilio
507 3267 619 3338 movit
645 3267 777 3337 bellum
802 3267 1037 3357 Aristagoras,
1087 3263 1157 3336 Hic
1190 3267 1320 3338 Darius
1351 3268 1445 3338 filius
1476 3269 1650 3368 Histaspis
1675 3296 1727 3355 est
1755 3288 1904 3362 maritus
1930 3291 2076 3384 Esther,

35 3374 104 3443 sed
121 3394 288 3468 oppressa
303 3369 478 3442 seditione
489 3391 617 3460 magna
633 3393 713 3439 cum
732 3369 938 3441 difficultate
950 3366 1037 3441 Ari·
1087 3391 1193 3462 quam
1229 3365 1377 3440 historia
1411 3396 1508 3444 sacra
1538 3381 1701 3455 nominat
1726 3381 1936 3482 Assverum‚
1975 3403 2076 3472 cuius

37 3487 199 3566 stagoras
224 3475 427 3548 interfectus
458 3485 527 3558 est,
562 3486 597 3543 et
621 3485 741 3564 postea
766 3471 915 3543 lstiaeus
939 3473 1036 3543 cruci
1087 3472 1246 3563 teinpure
1263 3473 1407 3565 quantis
1423 3474 1461 3543 in
1485 3480 1650 3569 periculis
1666 3501 1702 3558 et
1714 3489 1866 3564 miseriis
1880 3498 1988 3574 fucrit
2005 3498 2076 3573 Ec-

38 3578 180 3649 ·ffims·
1088 3574 1193 3645 clesia
1215 3575 1441 3664 cogitandum
1467 3593 1529 3655 est.
1579 3581 1671 3655 Nam
1693 3604 1728 3661 et
1750 3591 1789 3661 in
1805 3590 1935 3670 Iudaea
1959 3599 2076 3675 adhuc

145 3675 234 3751 Eme
249 3675 317 3750 hoc
333 3693 493 3770 tempore
506 3678 588 3747 exul
606 3678 700 3769 apud
718 3674 867 3747 Darium
882 3673 1037 3768 Hippias
1089 3690 1163 3748 erat
1187 3676 1356 3768 impedita
1387 3680 1583 3754 aedificatio
1611 3692 1752 3781 templi,
1785 3707 1819 3765 et
1842 3695 1983 3773 Haman
2013 3731 2077 3797 per

40 3778 221 3855 Pisistrati
239 3783 350 3863 lilius,
376 3781 439 3875 qui
454 3774 606 3850 Athenis
624 3780 849 3875 tyrannidem
866 3789 1038 3850 tenuerat.
1088 3779 1301 3849 calumniam
1318 3780 1565 3871 impetraverat
1581 3790 1737 3863 edictum
1754 3798 1798 3866 de
1814 3811 1886 3872 tota
1899 3820 2004 3892 gente
2016 3808 2077 3880 lu·

37 3878 92 3957 Ec
105 3909 188 3956 cum
205 3876 550 3977 fraterHipparchus
566 3883 771 3952 interfectus
786 3895 876 3952 esset
890 3894 1037 3974 propter
1088 3884 1258 3951 dacorum
1275 3881 1437 3955 delenda.
1490 3885 1560 3957 Sed
1575 3892 1788 3968 mirabiliter
1807 3901 1908 3973 Deus
1923 3911 2077 3996 protexit

39 3986 235 4072 libidines,
268 4000 302 4058 et
330 3999 451 4079 postea
472 3980 624 4075 Hippias
652 3985 839 4054 saeviciam
871 3984 909 4052 in
942 3984 1037 4053 cives
1088 3978 1284 4053 Ecclesiam
1311 3986 1493 4076 patefactis
1517 3991 1705 4066 calumniis
1730 4012 1765 4070 et
1788 4004 1978 4079 sceleribus
1997 4000 2076 4083 'Ha-

37 4103 236 4175 uerteret,
271 4090 394 4182 pulsus
420 4101 471 4158 est
492 4083 655 4160 Athenis.
714 4086 898 4158 Profectus
929 4084 1039 4176 igit'ur
1089 4109 1183 4154 man.
1216 4082 1948 4181 NomenEsthersignifrcatabsconditam.
1984 4110 2076 4183 For-

33 4196 88 4265 u}
109 4192 255 4262 Doricam
279 4192 404 4283 petivit
428 4189 520 4260 sein
539 4191 686 4280 putrium
712 4190 847 4261 reduci.
900 4184 1038 4259 Euan·
1088 4190 1189 4259 tassia
1203 4187 1253 4257 sic
1272 4189 1454 4262 nominata
1471 4206 1543 4277 cst,
1566 4197 1648 4291 quia
1663 4224 1736 4272 nun
1750 4208 1885 4296 prodiit
1900 4211 1939 4280 in
1955 4216 2077 4303 publi·

29 4310 115 4369 sem
145 4295 286 4364 facilius
314 4292 517 4384 impetravit
546 4291 757 4375 exercitum,
795 4293 879 4386 quia
905 4288 1038 4361 Darius
1088 4314 1191 4374 cum,
1225 4313 1270 4358 ne
1300 4290 1435 4362 formae
1459 4303 1873 4396 struerenturinsidiac,
1909 4328 1971 4386 aut
1992 4318 2077 4411 quia

34 4400 157 4469 iratus
172 4411 244 4466 erat
263 4392 544 4467 Atheniensibus
560 4409 705 4487 pmpter
722 4394 922 4465 societatem
940 4391 1038 4462 loni·
1088 4389 1247 4462 Ecclesia
1267 4406 1342 4463 tum
1366 4395 1504 4466 duriter
1525 4402 1690 4491 oppressa
1705 4408 1784 4482 fuit.
1835 4408 1944 4505 Apud
1959 4415 2076 4492 Hern-

33 4522 134 4573 ατη.
187 4497 308 4589 Quiane
322 4498 419 4567 misit
432 4493 563 4566 Darius
579 4512 720 4566 centum
735 4496 849 4567 millia
865 4496 1038 4589 peditum,
1089 4496 1212 4565 dotum
1238 4494 1346 4565 altera
1369 4497 1525 4569 coniunx
1541 4499 1641 4574 Darii
1661 4511 1846 4604 praecipue
1862 4517 1990 4591 dilecta
2007 4545 2075 4593 nn·

30 4618 77 4679 et
103 4602 154 4673 -10
180 4603 292 4671 millio
316 4602 495 4694 autricum,
528 4599 589 4693 qui
615 4623 695 4668 cum
720 4603 765 4668 ab
782 4594 936 4669 Athenis
961 4621 1037 4667 non
1089 4596 1248 4667 minatur
1281 4593 1483 4684 Artistoua,
1523 4608 1621 4696 qrrod
1657 4611 1799 4683 videtur
1831 4641 1904 4690 esse
1943 4647 2074 4694 nomeu

16 4684 126 4803 'ptus
139 4707 280 4775 (innisus
295 4703 426 4774 uostris
442 4702 642 4772 miliaribus
658 4702 819 4773 abessent
829 4700 1038 4772 deliberatio
1089 4694 1236 4779 Esther,
1269 4698 1360 4770 situl
1381 4725 1512 4773 ‘¹⁰³¹ssss
1538 4704 1636 4778 Vasti
1658 4726 1709 4782 0⁸1
1733 4712 1872 4794 A¹⁰⁸⁸‹'t·

31 4820 121 4883 erat
145 4807 185 4875 in
209 4809 316 4891 turbe,
350 4830 395 4874 au
419 4805 557 4875 obsidio
576 4805 760 4873 toleranda
778 4818 868 4876 esset
884 4805 920 4872 iu
938 4803 1038 4886 urbe,
1193 4795 1297 4870 Philo
1324 4797 1507 4875 historiam
1532 4806 1651 4882 iudith
1670 4815 1775 4885 etiarn
1795 4819 1902 4896 refect
1917 4824 1962 4892 ad
1987 4837 2076 4895 tem-

32 4909 352 4985 andimicaudum
369 4909 444 4978 acie
460 4930 538 4976 cum
556 4901 728 4978 hostibus.
779 4906 913 4977 Suadet
930 4907 1039 4997 igitur
1091 4925 1156 4994 pus
1171 4899 1272 4972 Darii
1288 4900 1352 4973 filii
1370 4902 1563 5001 Histapsis,
1588 4926 1622 4984 et
1639 4930 1759 4988 narrat
1775 4913 1870 4993 hunc
1887 4921 2077 5017 Arphach-

35 5010 250 5093 Miltiades,
288 5024 330 5082 ut
358 5010 564 5090 dimicetur,
602 5011 665 5103 qui
695 5008 885 5079 exercitum
917 5012 1037 5078 decem
1091 5005 1152 5072 sad
1172 5026 1233 5075 scu
1248 5006 1411 5077 Arbacen
1427 5008 1535 5081 fuisse
1546 5010 1771 5109 Assyriorum
1787 5022 2078 5099 ducemeotcm-

13 5114 202 5187 ‚millium
233 5113 365 5184 civium
400 5125 436 5183 ct
464 5111 562 5180 mille
599 5109 801 5183 Plateenses
832 5112 970 5191 educit,
1004 5124 1039 5181 et
1090 5130 1195 5199 pore,
1220 5132 1335 5200 quoa
1359 5106 1639 5204 Cyroabsente,
1665 5143 1743 5190 cum
1768 5121 2079 5221 aTumyrierer·

36 5240 176 5307 magno
192 5216 329 5308 impetu
343 5218 490 5286 adortus
509 5210 645 5300 hostes,
671 5238 711 5285 ac
724 5213 848 5284 multis
867 5212 985 5284 Persis
1000 5212 1037 5281 iu
1091 5210 1181 5281 citus
1202 5209 1278 5280 cius
1301 5212 1498 5284 trucidatus
1518 5230 1623 5301 esset,
1649 5236 1685 5293 et
1700 5218 1871 5298 Chaldaei
1887 5242 1922 5299 et
1938 5227 2078 5328 Assyrii

36 5321 161 5417 wama
178 5318 250 5389 acie
267 5317 464 5402 trucidatis,
487 5315 661 5410 reliquam
678 5312 1039 5390 multitudineml‘er.
1090 5311 1308 5382 defecissent.
1358 5308 1438 5385 Etsi
1460 5329 1577 5389 autem
1598 5322 1643 5389 de
1659 5335 1816 5415 tempore
1830 5320 1999 5406 historiae
2018 5332 2079 5408 lu·

39 5424 157 5495 sicam
171 5422 292 5512 fugere
307 5422 409 5510 cogit.
980 5502 990 5519 .
1091 5407 1171 5484 dith
1194 5412 1375 5507 disputare
1395 5415 1526 5502 nolim,
1559 5436 1676 5493 tamen
1697 5428 1857 5501 existimo
1881 5456 1957 5504 eam
1978 5453 2078 5510 ante-

100 5528 279 5594 Mrnarru.
303 5529 407 5594 Orrn.
429 5526 509 5592 Vos.
525 5526 604 5592 xlt.
1485 5514 1531 5589 51
