4680 6038
152 173 238 257 oti

257 345 293 421 d.
326 339 405 419 Etsi
420 357 537 416 antem
554 336 687 435 speeies
699 330 878 411 Ecclesiae
894 338 998 410 valde
1014 353 1149 414 moesta

158 465 229 536 est,
260 467 379 523 tamen
402 460 438 518 et
461 436 688 540 quaeramus,
713 464 805 533 qnae
828 441 874 513 sit
896 437 1054 515 Ecclesia
1070 442 1151 527 Dei,

160 572 197 629 et
210 554 275 628 ubi
296 553 360 638 sit,
395 563 431 621 et
451 548 604 619 sciamus
625 568 700 616 esse
724 543 907 616 immotam
930 546 1150 618 voluntatem

159 657 251 743 Dei,
275 669 316 727 ut
333 650 465 743 singuli
485 671 552 720 nos
570 648 610 719 in
633 670 712 718 eam
733 645 844 716 simili
867 647 1092 721 invocatione
1116 662 1151 720 et

84 752 88 757 ’
160 757 382 832 confessione
402 753 642 836 includamus,
667 762 702 820 et
723 770 800 819 eam
822 749 1030 839 diligamus,
1055 752 1152 823 iuxta

161 865 318 935 dictumt
343 856 479 946 Rogate
496 877 586 947 quae
602 853 646 923 ad
661 874 783 944 pacem
799 865 883 923 sunt
897 850 1100 928 Ierusalem.

219 1007 221 1011 .
263 961 300 1035 4.
331 956 528 1031 Vultileus
548 954 705 1048 conspici
728 967 762 1025 et
785 953 945 1025 exaudiri
957 952 1152 1027 Ecclesiam

161 1067 202 1137 in
218 1086 345 1155 genere
359 1057 539 1149 humano,
565 1058 654 1129 sicut
671 1055 924 1147 scriptumest:
951 1054 994 1127 In
1009 1082 1153 1129 omnem

160 1182 292 1241 terram
324 1163 433 1235 exivit
463 1184 572 1233 sonus
597 1183 735 1233 eorum.
793 1154 841 1231 Et
868 1158 1015 1231 tradidit
1042 1160 1154 1251 signa,

59 1324 62 1332 .
161 1292 226 1363 per
239 1291 328 1364 quae
343 1264 486 1356 agnosci
501 1275 626 1356 potest,
649 1284 739 1355 quae
754 1274 838 1332 sunt
852 1261 933 1352 tria,
955 1258 1154 1333 voxEvan-

162 1371 256 1463 gelii¹
270 1371 498 1458 incorrupta,
532 1364 711 1454 legitimus
733 1387 818 1434 usus
832 1361 1156 1449 sacramentorum,

162 1489 197 1546 et
224 1469 428 1544 obedientia
451 1467 570 1538 debita
590 1465 799 1537 ministerio.
867 1463 952 1536 ldco
977 1467 1154 1537 visibilem

159 1571 358 1647 Ecclesiam
374 1572 414 1642 in
430 1565 498 1640 hac
514 1568 585 1639 vita
601 1565 650 1636 sic
667 1568 867 1640 delinimus.
925 1563 1083 1649 Ecclesia
1099 1569 1153 1637 vi.

161 1678 277 1751 sibilis
291 1688 344 1746 est
355 1685 474 1744 coetus
484 1669 770 1762 amplectentium
785 1671 1025 1762 incorruptam
1034 1667 1156 1741 Evan-

162 1779 247 1869 gelii
263 1776 481 1858 doctrinam,
507 1788 541 1846 et
558 1766 692 1841 habens
708 1771 903 1860 legitimum
917 1794 1020 1842 usum
1030 1772 1155 1844 Sacra-

25 1896 29 1901 ·
59 1930 62 1935 -
161 1893 381 1963 mentorum,
394 1876 440 1983 ‘in
456 1899 526 1968 quo
543 1888 643 1944 coetu
659 1871 827 1943 tiliusDei
841 1896 904 1964 per
918 1874 1155 1945 ministerium

162 1979 354 2070 Evangelii
370 1992 465 2061 certo
487 1988 538 2046 est
558 1975 697 2058 efficax,
723 1988 758 2046 et
782 1974 820 2042 in
844 1975 966 2045 multis
987 1977 1155 2048 noticiam

162 2083 301 2154 aeterni
330 2080 440 2172 patris
468 2076 648 2163 accendit,
688 2077 749 2168 qui
773 2077 924 2149 eredunt
951 2100 987 2147 se
1012 2093 1157 2171 propter

161 2186 277 2255 tilium
294 2180 424 2276 recipi,
459 2195 495 2253 et
510 2203 569 2249 eos
584 2178 777 2249 sanctificat
793 2176 930 2269 Spiritu
946 2201 1009 2250 stro
1025 2195 1157 2266 sancto,

164 2295 342 2358 et'tamen
364 2297 448 2355 sunt
470 2282 509 2351 in
536 2283 660 2351 eodem
683 2292 785 2350 coetu
809 2281 915 2351 multi
935 2305 1009 2351 non
1035 2284 1158 2368 sancti,

160 2389 224 2459 sed
249 2389 293 2457 de
316 2386 479 2457 doctrina
502 2382 774 2454 consentientes.
840 2381 901 2453 Sic
931 2385 975 2452 de
997 2379 1155 2456 Ecclesia

160 2490 324 2582 loquitur
340 2485 519 2557 Dominus
536 2485 573 2552 in
590 2482 899 2568 similitudinibus,
925 2483 1056 2560 Matth.
1073 2488 1131 2558 ts.

266 2585 304 2664 5.
345 2585 423 2657 Hac
446 2585 654 2656 definitione
678 2584 894 2669 corafirmati,
931 2586 1062 2657 scimus
1089 2589 1157 2656 im·

162 2690 334 2787 possibile
355 2712 427 2760 esse
440 2683 716 2757 Mahometicam
737 2685 926 2754 colluviem
945 2710 1018 2758 esse
1033 2685 1158 2761 Eccle-

162 2795 251 2865 siam
268 2790 357 2878 Dei,
377 2812 582 2884 quanquam
605 2801 639 2858 et
659 2809 786 2876 magna
811 2801 881 2872 est,
904 2799 937 2858 et
964 2785 1071 2861 habet
1092 2817 1158 2879 po-

160 2894 359 2966 tentissima
378 2891 537 2983 imperia.
590 2888 684 2978 Quia
700 2889 919 2979 impossihile
934 2904 1072 2962 estesse
1087 2890 1157 2963 Ec-

163 2995 308 3066 clesiam
323 2993 390 3065 Dei
411 3017 489 3077 eos,
525 2991 587 3084 qui
609 2993 765 3060 fatentur
788 3014 824 3059 se
840 2988 1098 3083 Prophetarum
1123 3009 1157 3064 et

162 3097 419 3188 Apostolorum
443 3095 553 3163 libros
576 3116 641 3161 nec
666 3092 798 3179 legere,
832 3116 897 3162 nec
921 3096 1091 3185 probare,
1122 3109 1156 3166 et

162 3199 280 3291 palam
296 3198 518 3268 contendunt
538 3195 576 3262 in
590 3189 658 3263 hoc
677 3188 700 3260 l
709 3214 806 3274 esu,
839 3195 903 3285 qui
916 3195 1155 3292 ierosolymae

163 3300 350 3369 crucifixus
365 3309 417 3367 cst
432 3310 467 3367 et
483 3320 525 3366 ex
539 3308 653 3365 morte
670 3295 815 3380 revixit,
840 3309 979 3367 tantum
995 3323 1069 3368 esse
1090 3325 1154 3368 na-

162 3416 278 3471 turam
294 3396 506 3482 humanam,
530 3396 724 3475 strident,
748 3409 918 3490 tanquam
933 3400 1089 3481 fabulas,
1116 3426 1154 3470 ea

63 3536 66 3543 ·
162 3479 253 3595 quae
266 3502 512 3581 adfirmamus,
539 3500 584 3567 de
605 3521 754 3588 persona
779 3500 884 3568 missa
900 3503 944 3570 ad
960 3499 1153 3572 Ecclesiam

65 3679 71 3687 ,
160 3605 207 3674 ab
223 3603 344 3687 initio,
372 3602 458 3670 item
483 3602 527 3669 de
550 3594 664 3669 hostia
685 3623 752 3691 pro
765 3623 894 3692 genere
909 3597 1086 3689 humano,
1121 3618 1155 3675 et

162 3708 208 3773 de
224 3702 361 3774 iusticia
380 3701 474 3774 fidei.

265 3804 300 3879 6.
332 3800 382 3874 Et
395 3801 612 3894 impossibile
629 3814 681 3872 est
701 3825 775 3872 esse
799 3805 958 3875 membre
974 3801 1153 3877 Ecclesiae

160 3904 232 3979 Dei
254 3907 342 3977 alios
365 3904 530 3975 similiter
552 3905 827 3974 contumeliosos
849 3908 1017 3976 adversus
1039 3909 1152 3978 filium

159 4006 231 4081 Dei
238 4020 258 4094 ,¹
285 4006 408 4102 quales
426 4004 533 4078 multi
553 4017 588 4075 et
610 4019 695 4077 sunt
718 4020 751 4078 et
774 4022 901 4091 erunt,
929 4021 970 4079 ut
986 4007 1152 4083 Servetus

159 4124 196 4180 et
220 4109 347 4180 Petrus
371 4106 514 4203 Conyaa
538 4105 731 4193 Lituanus,
772 4109 855 4200 quia
884 4109 1054 4201 scriptum
1084 4126 1151 4183 est:

160 4210 234 4301 Qui
251 4235 326 4281 non
341 4207 494 4281 honorat
512 4209 645 4294 lilium,
672 4234 746 4278 non
762 4205 916 4281 honorat
934 4224 1079 4301 patrem.

262 4310 297 4385 7.
331 4310 452 4383 Maior
472 4304 679 4380 Thammeri
700 4312 816 4382 rabies
842 4324 911 4396 est,
937 4313 999 4406 qni
1019 4339 1150 4385 nomen

158 4411 225 4482 filii
247 4411 313 4483 Dei
345 4426 381 4482 et
401 4412 557 4503 Spiritus
574 4412 684 4482 sancti
707 4415 935 4485 transformat
958 4416 994 4482 in
1017 4418 1149 4507 allego-

158 4517 247 4597 rias,
274 4515 422 4606 perinde
443 4536 483 4582 ac
505 4512 535 4580 si
551 4510 699 4582 Hesiodi
724 4510 951 4605 theogoniarn
974 4518 1149 4610 iuterpre-

158 4630 310 4698 tnretur‚
348 4628 382 4709 et
411 4614 494 4685 facit
514 4613 727 4700 religionum
759 4617 1004 4702 confusiones,
1047 4621 1149 4714 quasi

156 4732 279 4807 gentes
294 4717 437 4808 ignarae
445 4712 653 4805 Evangelii,
677 4738 814 4809 semper
832 4730 866 4787 et
881 4719 1014 4807 fueriut
1028 4735 1061 4792 et
1078 4723 1150 4792 sint

155 4815 313 4890 Ecclesia
338 4816 424 4902 Dei,
446 4815 529 4910 quia
552 4811 735 4886 Christum
757 4820 898 4900 norint,
925 4820 961 4890 id
987 4836 1057 4908 est,
1081 4825 1150 4894 ali-

156 4944 263 5013 quam
277 4917 432 4993 habeant
452 4918 540 5008 legis
561 4917 740 4989 noticiam.
790 4918 894 4991 Ilanc
916 4923 1013 4992 enim
1035 4925 1151 4997 inter-

152 5034 314 5115 pretatur
328 5045 402 5092 esse
414 5014 616 5100 Christum,
643 5019 850 5111 sapientiam
864 5021 944 5097 Dei.

256 5122 293 5197 8.
347 5121 486 5193 Interea
519 5135 555 5193 et
588 5119 891 5192 Stenclrefcldiani
924 5122 1149 5217 blasphemas

928 86 1418 254 ntseurartotttti

2110 170 2196 273 s'ss

1200 347 1305 419 llatus
1322 349 1464 423 divinos
1478 351 1556 424 lieri
1569 350 1647 428 sine
1662 382 1747 431 voce
1763 376 1798 434 et
1814 361 2027 456 cogitatione
2045 367 2197 463 scriptae

1202 451 1399 528 doctrinae.

1303 568 1341 641 9.
1375 569 1449 643 Nec
1466 575 1626 648 membra
1649 593 1733 651 sunt
1756 578 1934 657 Ecclesiae
1949 583 2018 658 Dei
2034 582 2198 681 Papistse

1202 671 1430 763 pertinaciter
1443 676 1672 753 defendentes
1688 683 1795 771 idola,
1823 713 1976 781 quorum
1990 691 2101 762 multi
2113 716 2196 762 con·

1203 788 1258 846 tra
1290 777 1541 849 conscientiam
1573 798 1795 858 assentantur
1826 791 2053 882 potentibus,
2093 794 2194 866 multi

1203 876 1441 965 fascinatione
1459 883 1651 973 sapientia,
1678 890 1808 963 nolunt
1827 894 2055 964 considerare
2079 897 2194 966 mani·

1204 980 1290 1049 festa
1312 983 1512 1052 testimonia
1536 987 1658 1058 divina
1682 990 1721 1059 in
1745 995 1885 1085 scriptis
1915 991 2140 1088 propheticis
2163 1014 2193 1070 et

1205 1083 1406 1169 apostolicis
1440 1087 1579 1162 tradita.
1643 1086 1790 1171 Etsibi
1820 1111 2021 1188 praetextus
2048 1099 2191 1189 tinguat,

1206 1184 1331 1254 dicunt
1361 1186 1499 1280 scripta,
1515 1186 1717 1281 prophetica
1748 1210 1782 1267 et
1817 1201 2010 1290 apostolica
2031 1202 2188 1291 ambigua

1206 1309 1296 1370 esse,
1336 1291 1543 1362 sumendam
1569 1292 1897 1387 interpretationem
1931 1327 1973 1373 ex
2009 1304 2190 1377 autoritate

1206 1384 1435 1476 Pontificum,
1477 1406 1519 1464 nt
1550 1394 1588 1464 in
1617 1396 1760 1469 iudiciis
1791 1404 1977 1489 civilibus,
2018 1405 2118 1494 regia
2141 1408 2193 1480 vei'

1206 1491 1380 1581 praetoria
1396 1495 1564 1567 autoritas
1579 1512 1631 1569 est
1642 1499 1814 1595 interpres
1830 1506 1958 1596 legum.

1311 1629 1369 1699 10.
1395 1626 1567 1702 Tenenda
1581 1648 1633 1705 est
1647 1637 1785 1726 regula:
1813 1638 1851 1727 Si
1868 1642 1948 1735 quis
1968 1644 2068 1714 alind
2080 1641 2183 1718 Essa·

1208 1728 1338 1817 gelium
1356 1718 1477 1815 doce’t,
1504 1730 1689 1807 anathema
1704 1738 1763 1811 sit.
1802 1739 1893 1813 Cum
1913 1744 2181 1840 igiturPapistae

1208 1831 1339 1899 multos
1353 1854 1498 1922 magnos
1520 1860 1656 1910 errores
1680 1857 1802 1914 contra
1824 1847 2012 1917 manifesta
2040 1851 2181 1921 testimo·

1208 1931 1266 2002 nia
1284 1929 1468 2026 Evangelii
1493 1952 1529 2009 et
1552 1941 1794 2033 symbolorum
1821 1947 2037 2032 defendant,
2062 1975 2181 2023 neeesse

1209 2047 1258 2104 est
1277 2035 1322 2103 ab
1338 2035 1590 2111 eisadissentire
1607 2056 1639 2113 et
1655 2044 1842 2118 discedere.
1897 2048 1973 2138 Qui
1995 2051 2068 2122 sint
2083 2068 2182 2125 autem

1208 2159 1343 2206 errores
1367 2138 1548 2230 papistici,
1573 2146 1746 2217 confessio
1763 2152 1965 2221 communis
1985 2146 2112 2225 harum
2123 2153 2182 2227 Er·

1208 2239 1392 2338 elesiarpm
1409 2246 1583 2328 ostendit,
1608 2249 1775 2340 adquam
1798 2276 1864 2321 nos
1886 2254 2087 2338 referimus,
2111 2258 2183 2351 qnia

1208 2354 1321 2409 totum
1339 2365 1467 2433 corpus
1484 2345 1665 2417 doetrinae
1684 2353 1870 2442 complecti
1886 2356 2053 2427 docentes
2072 2359 2107 2427 in
2121 2355 2182 2429 Ec·

1208 2443 1312 2512 clesia
1330 2459 1478 2535 oportet.
1514 2446 1587 2517 Nec
1601 2451 1684 2520 satis
1700 2466 1750 2523 est
1764 2478 1951 2546 excerpere
1965 2482 2072 2527 unum
2085 2474 2181 2553 atque

1209 2545 1358 2615 alterum
1381 2548 1600 2633 membrum,
1625 2555 1720 2645 quod
1739 2555 1976 2646 plausibiliter
1986 2561 2183 2650 exagitetur,

1209 2659 1244 2715 et
1275 2646 1312 2714 in
1343 2650 1505 2733 caeteris,
1541 2667 1653 2723 astute
1686 2659 1863 2729 occultare
1892 2662 2120 2747 sententiam,
2147 2678 2183 2735 ut

1208 2746 1399 2820 Staucarus
1422 2754 1580 2823 etmulti
1606 2779 1749 2826 errones
1776 2760 1923 2836 faciunt.
1991 2761 2106 2834 facile
2129 2779 2182 2849 est,

1209 2851 1325 2942 inquit
1340 2849 1601 2938 Nazianzenus,
1627 2856 1904 2949 reprehendere,
1931 2867 1995 2935 sed
2021 2880 2109 2937 recta
2125 2870 2181 2937 do-

1208 2976 1285 3019 cere
1301 2953 1464 3040 ‹liflicile3
1488 2957 1575 3025 sicut
1586 2955 1842 3034 Demosthenes
1860 2966 2000 3060 inquit:
2028 2968 2178 3059 ἐπιτιμᾶν

1207 3050 1346 3135 παντὸς
1362 3053 1456 3140 ἐστὶ,
1482 3055 1752 3152 συμβουλεύειν
1766 3059 1807 3137 di
1823 3064 1869 3139 οὐ
1882 3066 2039 3150 παντὸς.

1312 3191 1370 3260 tt.
1400 3190 1600 3284 Utrumque
1617 3196 1693 3266 vult
1710 3196 1842 3271 Paulus
1864 3204 2052 3274 doctorem
2076 3207 2183 3289 faeere,

1206 3303 1246 3357 ut
1271 3293 1312 3359 ad
1338 3291 1463 3363 Titum
1486 3296 1623 3366 scribit:
1665 3293 1889 3392 derigendus
1912 3311 1985 3378 τοῦ
2011 3304 2110 3380 κατὰ
2126 3306 2182 3402 τὴν

1206 3387 1367 3486 διδαχὴν
1392 3400 1526 3468 πιστοῦ
1551 3390 1683 3497 λόγου,
1722 3399 1785 3474 καὶ
1817 3403 1907 3486 τοὺς
1936 3404 2184 3508 ἀντιλέγοντας

1207 3491 1376 3592 ἐλέγχειν.
1427 3495 1667 3571 Adfirmamus
1687 3502 1795 3591 igitur
1810 3532 1875 3579 nos
1890 3510 1935 3577 de
1953 3523 2033 3582 toto
2057 3536 2184 3605 corpore

1207 3596 1388 3666 doctrinae
1411 3600 1574 3690 amplecti
1597 3605 1724 3693 scripta
1748 3605 1957 3701 prophetica
1993 3626 2028 3684 et
2060 3629 2179 3707 aposta-

1205 3697 1290 3780 lica,
1315 3701 1507 3792 etquidem
1525 3703 1618 3772 inea
1637 3712 1827 3794 sententia,
1861 3736 1953 3806 quae
1974 3715 2014 3784 in
2031 3717 2185 3810 symbolis

1206 3822 1366 3890 expressa
1383 3816 1455 3888 est,
1487 3817 1520 3874 et
1542 3830 1632 3898 quae
1656 3809 1825 3882 recitatur
1843 3815 1881 3882 in
1903 3819 2098 3889 communi
2114 3842 2185 3889 ron·

1203 3901 1355 3971 fessione
1371 3904 1464 3975 edita
1480 3928 1560 3974 cum
1584 3909 1905 4002 subscriptionibus
1929 3919 2186 3992 dorentinmis

1204 3997 1270 4073 hac
1285 4000 1442 4075 Ecclesia
1461 4020 1494 4077 et
1511 4008 1654 4095 vicinis,
1680 4026 1715 4082 et
1731 4019 1927 4090 contrarias
1943 4035 2062 4092 sectas
2077 4037 2110 4095 et
2121 4024 2186 4116 opie

1204 4126 1532 4180 mmmmmmm.

1309 4224 1367 4294 12.
1399 4223 1479 4294 Non
1496 4240 1547 4298 est
1568 4231 1710 4326 alligata
1726 4227 1883 4303 Ecclesia
1905 4239 1950 4307 ad
1976 4244 2188 4317 ordinarius

1202 4321 1466 4395 Successionem
1490 4324 1770 4425 Episcoporum,
1795 4337 1855 4403 sed
1879 4339 1923 4407 ad
1947 4335 2189 4437 Evangelia}

1204 4422 1257 4492 lbi
1273 4439 1324 4496 est
1339 4423 1496 4499 Ecclesia
1515 4431 1599 4518 Dei,
1625 4436 1687 4505 uhi
1703 4461 1770 4507 vox
1788 4432 1980 4528 Evangelii
2005 4462 2062 4523 est
2086 4449 2190 4521 incor-

1202 4540 1319 4618 rupta,
1333 4529 1430 4600 iuxta
1446 4534 1598 4604 dictum:
1626 4532 1724 4606 Oves
1740 4544 1837 4608 meae
1855 4567 1980 4614 vocem
2002 4572 2188 4623 meamet·
2227 4540 2229 4549 ¹

1201 4628 1316 4699 diunt.
1363 4626 1412 4702 Et
1435 4635 1621 4706 manifeste
1651 4639 1784 4709 dicitur
1812 4657 1938 4716 contra
1969 4648 2189 4745 blasphemet

1201 4729 1367 4801 iactantes
1386 4734 1609 4807 ordinarium
1632 4741 1906 4813 successionem:
1935 4746 2018 4820 Vos
2040 4778 2085 4826 er
2105 4769 2188 4849 pene

1200 4827 1355 4923 Diaboln
1370 4835 1465 4911 estis.
1510 4836 1724 4933 Quanquam
1742 4867 1871 4914 nomen
1890 4850 2188 4929 ordinariam·

1200 4933 1369 5004 cessionis
1384 4931 1478 5006 nihil
1494 4953 1556 5025 est,
1577 4942 1646 5012 nisi
1663 4948 1788 5038 σχῆμα
1803 4940 1930 5045 λόγου,
1946 4976 2037 5025 enm
2052 4958 2187 5049 roliq'n

1200 5034 1272 5103 sint
1284 5036 1360 5106 sine
1378 5039 1534 5134 antiquis
1549 5049 1803 5128 monumentis,
1828 5050 1905 5120 sine
1918 5057 2056 5130 studiis
2067 5060 2187 5133 dortn'·

1199 5157 1266 5204 nae
1280 5151 1315 5206 et
1327 5139 1477 5229 pietatis,
1497 5142 1575 5213 sine
1592 5145 1748 5236 legitima
1764 5149 1947 5240 electione,
1965 5158 2188 5234 similiare!-

154 5225 348 5294 cantilenas
369 5226 499 5302 edunt,
528 5224 567 5292 in
590 5223 721 5316 quibus
742 5236 782 5294 ut
803 5225 919 5295 furiae
939 5226 1148 5314 diabolicae,
1200 5249 1382 5308 taurorum
1407 5245 1631 5318 exercitibus.
1680 5247 1834 5321 Basilius
1856 5253 1923 5340 ait,
1955 5280 1998 5328 se
2022 5257 2186 5336 Ecclesifl

150 5340 302 5411 canunt,
327 5321 421 5395 nihil
436 5330 526 5416 opu's
540 5348 614 5395 esse
628 5326 827 5396 ministerio
842 5327 1064 5419 evangelico,
1083 5330 1148 5400 ad·
1200 5340 1404 5432 praecipuas
1428 5346 1578 5428 adiisse,
1618 5363 1658 5419 nt
1680 5353 1882 5424 testimonia
1905 5371 1942 5430 et
1960 5379 2184 5438 monumen
