4680 6038
77 174 85 183 ’
150 215 227 293 sos
566 196 728 278 nucu
768 193 843 273 ott
874 195 1251 280 PONTIFICUM
1285 200 1630 289 summoue
1662 234 1745 295 nc.
2113 227 2185 305 204

151 381 237 458 chos
267 385 359 454 iuste
389 380 564 463 odissent,
598 375 829 446 intuebantur
861 372 961 444 illam
989 387 1142 445 veterem
1190 376 1372 468 Christus,
1406 383 1678 459 similitudinem
1706 391 1940 485 imperiorum
1967 419 2033 470 seu
2054 401 2182 490 gradus

151 510 267 560 arcem
287 485 462 569 Romam,
488 494 523 551 et
545 475 733 550 autoritate
750 473 962 547 Pontificum
986 476 1144 570 peregri·
1192 496 1228 555 et
1264 485 1385 554 omnia
1426 489 1613 561 ambitiosa
1641 495 1853 582 certamina,
1886 523 1969 570 eum
2000 500 2070 572 ait:
2112 498 2181 574 Vaa

152 613 219 660 nos
234 611 332 680 reges
348 587 487 680 placare
503 580 703 654 studebant.
1193 597 1310 656 autem
1327 611 1401 657 noa
1417 588 1479 661 sia,

253 707 385 781 Facilis
407 720 459 777 est
481 715 599 774 autern
622 714 656 771 et
678 698 862 790 perspicua
885 695 1050 767 refutatio
1068 695 1143 765 eius
1294 701 1386 774 Cum
1410 720 1526 777 autem
1546 708 1585 777 in
1600 723 1726 781 natura
1742 706 1897 785 humana
1912 715 1960 787 sit
1974 711 2066 787 haec
2079 715 2180 805 labes,

45 830 49 835 ’
153 811 351 894 mendacii,
371 807 467 901 quod
482 803 647 878 Romano
663 799 827 870 Pontifici
851 798 1000 890 imperia
1016 797 1142 867 mundi
1192 819 1234 903 nt
1264 805 1334 876 alta
1356 809 1596 900 concupiscat,
1627 812 1717 884 sicut
1737 813 1907 904 scriptum
1929 831 1998 890 est:
2032 816 2178 891 luitium

154 913 292 986 tribuit.
340 907 388 980 Et
406 920 522 979 extant
538 930 576 975 ea
593 906 636 974 de
652 927 689 972 re
704 903 832 994 scripta
849 914 1005 992 tempore
1019 898 1142 969 Ludo-
1194 907 1328 998 peccati
1354 911 1537 1000 superbia,
1578 915 1745 984 omnibus
1775 918 1994 1008 temporibus
2024 919 2177 1006 suerunt,

154 1016 225 1085 vici
239 1012 369 1083 Bavari
386 1035 405 1080 a
422 1007 545 1081 multis
560 1007 670 1090 edita,
694 1005 832 1096 fuitque
846 1002 1030 1092 diligentia
1047 1014 1142 1071 tanta
1194 1023 1278 1078 aunt
1299 1024 1334 1081 aa
1355 1025 1458 1081 amna
1479 1006 1664 1084 horribilia
1680 1016 1915 1091 ambitionum
1933 1021 2128 1092 emmim
2143 1022 2178 1093 ia

156 1117 194 1185 in
211 1111 366 1195 Occam,
390 1125 430 1183 ut
452 1131 657 1205 quanquam
679 1128 821 1195 graecae
842 1104 984 1194 linguae
1000 1104 1142 1192 ignarus
1193 1107 1365 1182 Ecclesia.
1422 1111 1495 1183 Nec
1523 1127 1660 1187 tantum
1687 1118 1726 1186 in
1757 1119 1916 1212 imperiis
1945 1117 2015 1194 hoc
2044 1123 2177 1208 accidit,

156 1216 242 1300 luit,
267 1229 386 1287 tamen
411 1212 600 1304 sumpserit
619 1233 640 1279 a
664 1208 777 1277 doctis
794 1229 915 1294 graeca
930 1205 1142 1277 testimonia.

155 1317 297 1391 Recitat
318 1317 413 1387 enim
434 1316 478 1383 ad
498 1313 645 1382 verbum
661 1309 870 1379 seutentiam
887 1302 1143 1402 Chrysostomi,
1214 1324 1220 1340 ·

156 1443 247 1516 quae
269 1432 362 1488 recte
384 1415 555 1486 discernit
575 1413 705 1502 regiam
727 1422 952 1502 potestatem,
983 1421 1017 1478 et
1034 1408 1143 1475 mini·

54 1538 59 1546 '
157 1521 305 1592 sterium
322 1514 527 1606 Evangelii,
553 1517 648 1607 quod
672 1513 721 1582 ait
741 1511 975 1581 ministerium
990 1533 1062 1580 esse
1077 1512 1144 1578 do·

157 1622 261 1693 cendi
282 1619 480 1690 doctrinam
502 1612 613 1686 aDeo
632 1615 814 1696 traditam,
839 1613 915 1681 sine
929 1611 1054 1695 armis,
1079 1634 1143 1679 nec

156 1746 231 1794 esse
254 1733 458 1814 potestatem
480 1717 645 1810 cuiquam
669 1715 778 1784 dandi
798 1727 859 1784 aut
881 1713 1052 1805 eripiendi
1076 1713 1144 1780 im-

156 1825 274 1918 peria,
312 1833 374 1892 aut
402 1819 580 1889 condendi
606 1818 698 1908 leges
724 1818 769 1886 de
799 1816 941 1907 politica
970 1816 1145 1904 guberna-

156 1926 270 1997 tione.
322 1921 406 1993 Sint
431 1920 590 1991 distincti
619 1919 763 2009 gradun,
795 1930 835 1987 ut
865 1917 953 1987 dixit
978 1918 1022 1985 ad
1046 1913 1143 1986 Con·

158 2026 328 2098 stantium
350 2020 602 2115 Imperatorem
624 2021 663 2088 in
689 2018 835 2113 Synodo
856 2017 1053 2089 Leontinus
1072 2017 1145 2112 Ly·

158 2131 285 2197 domm
307 2121 519 2218 Episcopus:
554 2119 659 2220 ἕτερα
679 2117 816 2193 διέπειν
838 2114 991 2213 ταχθεὶς
1012 2115 1146 2217 ἑτέροις

159 2228 355 2322 ἐπιχειρεῖς.

194 2365 198 2374 ’
260 2345 493 2438 Explodenda
515 2355 598 2414 sunt
620 2341 728 2433 igitur
741 2340 918 2412 Bonifacii
941 2341 1145 2412 constitutio

159 2464 194 2521 et
222 2448 392 2518 similium
424 2468 598 2534 nugarum
630 2456 846 2533 commenta,
885 2466 975 2535 quae
1001 2465 1147 2513 monar-

159 2547 275 2623 chiam
290 2548 471 2640 politicam
486 2544 652 2618 Romano
666 2542 843 2636 Episcopo
860 2545 1036 2616 tribuunt.

263 2665 372 2755 Quod
388 2687 471 2733 vero
488 2663 525 2732 id
541 2662 751 2732 confirmant
767 2657 835 2731 hoc
852 2675 957 2756 typo,
982 2660 1065 2753 quia
1077 2657 1146 2729 Pe-

159 2786 235 2844 trus
259 2766 403 2838 dixerit:
430 2761 521 2835 Ecce
543 2765 614 2834 duo
640 2763 748 2853 gladii
773 2758 848 2847 hic,
872 2765 909 2832 id
925 2764 1055 2833 refutat
1072 2762 1145 2851 ipse

158 2871 354 2953 Dominus,
381 2881 504 2938 vetans
520 2862 667 2936 Petrum
690 2865 872 2956 praeliari,
898 2877 931 2933 et
954 2864 1063 2934 tristis
1089 2864 1145 2932 in·

158 2971 364 3064 terpretatio
394 2981 462 3053 est,
493 2991 573 3036 curn
604 2967 737 3058 inquit:
767 2964 860 3038 Satis
890 2979 941 3036 est
959 2968 1048 3035 duos
1071 2987 1145 3034 esse

159 3075 313 3165 gladios,
338 3071 460 3154 idest,
485 3068 643 3158 geminos
657 3091 729 3137 esse
742 3062 878 3152 hostes,
901 3067 1043 3146 scilicet,
1069 3064 1146 3160 Ty-

159 3197 291 3246 rannos
306 3187 340 3246 et
356 3171 484 3262 impios
500 3169 687 3255 Doctores,
710 3163 885 3239 Ethnicos
900 3181 933 3239 et
952 3166 1112 3241 ludaeos.

261 3289 331 3361 Sed
347 3288 457 3382 aliqui
470 3286 589 3356 minus
604 3286 827 3378 impudentes
837 3268 1144 3358 latentu‘rmonar-

158 3389 275 3466 chiam
290 3390 472 3483 politicam
488 3411 562 3459 non
579 3410 652 3457 esse
669 3388 834 3458 traditam
843 3386 967 3472 Petro,
991 3391 1052 3456 sed
1070 3389 1144 3456 dis-

1194 1213 1289 1306 quod
1306 1213 1445 1305 scripsit
1460 1217 1580 1306 poeta:

1305 1334 1435 1400 Patriam
1449 1352 1548 1401 tamen
1564 1344 1665 1406 obruit
1680 1345 1763 1405 olim.

1310 1435 1413 1502 Gloria
1428 1463 1613 1525 paucorum,
1639 1447 1741 1509 laudas
1755 1450 1897 1533 titulique
1915 1449 2041 1534 cupido.

1195 1563 1313 1638 Multo
1336 1569 1473 1663 saepius
1494 1568 1661 1642 Ecclesiis
1683 1590 1787 1646 nocet
1810 1577 1978 1663 ambitio,
2004 1600 2073 1648 nec
2093 1575 2175 1648 iuter

1194 1669 1383 1762 applausus
1404 1673 1538 1764 populi
1568 1690 1702 1746 mentes
1726 1676 1844 1747 ebriae
1865 1678 2057 1749 dulcedine
2078 1676 2176 1751 taleae

1194 1771 1327 1860 gloriae
1348 1788 1537 1845 moventur
1557 1772 1625 1846 hoc
1647 1778 1771 1848 divino
1787 1779 1957 1865 fulmine,
1983 1776 2176 1852 Abomina-

1195 1873 1245 1943 tio
1269 1886 1319 1945 est
1334 1871 1422 1962 Dei,
1448 1877 1618 1971 quicquid
1642 1893 1694 1949 est
1715 1882 1865 1951 sublime
1888 1905 2007 1953 coram
2023 1878 2176 1953 homiui·

1194 1976 1278 2061 bus,
1302 2000 1343 2046 ac
1368 1979 1572 2069 pracsertim
1597 1978 1636 2049 in
1659 1980 1931 2069 gubernatione,
1958 2008 2042 2055 cum
2064 1982 2117 2055 ibi
2136 1981 2177 2054 sit

1195 2078 1349 2159 occasio,
1374 2079 1513 2150 facilius
1526 2104 1600 2150 sese
1615 2081 1766 2154 efferunt
1783 2081 1957 2161 homines.
2008 2082 2097 2156 ldeo
2113 2083 2176 2156 cito

1195 2179 1234 2247 in
1257 2181 1337 2249 sede
1351 2177 1514 2252 Romana
1538 2183 1695 2276 quaesita
1716 2201 1767 2258 est
1783 2187 2002 2268 dominatio,
2025 2210 2068 2259 ac
2082 2209 2177 2279 prae·

1195 2281 1275 2352 buit
1302 2284 1521 2354 occasionem
1551 2287 1731 2357 decretum
1752 2286 1909 2383 Synodi,
1942 2311 2036 2382 quae
2059 2283 2177 2360 Eccle-

1195 2383 1326 2454 siarum
1366 2385 1618 2478 inspectionem
1660 2389 1699 2460 in
1731 2383 1882 2460 Oriente
1921 2387 2179 2461 commendavit

1196 2483 1457 2557 Alexandrinae
1473 2483 1669 2580 Ecclesiae,
1696 2491 1732 2559 in
1742 2484 1939 2562 Occidente
1953 2515 2040 2563 vero
2047 2488 2177 2564 Roma-

1195 2611 1274 2662 nae.
1331 2586 1409 2659 Hoc
1437 2613 1519 2659 cum
1545 2604 1634 2661 esset
1658 2587 1816 2663 humano
1840 2593 1918 2663 iure
1938 2592 2179 2676 constitutum,

1195 2688 1379 2761 Romanus
1394 2690 1552 2762 Antistes
1570 2693 1690 2764 statim
1711 2707 1790 2786 post
1805 2694 1978 2765 Nicenam
1994 2692 2177 2790 Synodum

1195 2804 1291 2862 extra
1314 2786 1377 2861 has
1398 2806 1509 2864 metas
1532 2795 1649 2885 egredi
1672 2818 1796 2882 ausus,
1822 2796 1943 2889 sripsit
1958 2797 2005 2868 ad
2021 2792 2177 2873 Orientis

1195 2890 1413 2986 Episcopos,
1446 2907 1487 2966 ut
1514 2920 1533 2966 a
1555 2892 1721 2967 Romano
1752 2897 2061 2969 confirmationem
2087 2909 2177 2991 pete·

1196 3008 1286 3064 rent.
1350 2990 1458 3066 Extat
1479 2999 1662 3090 responsio
1687 3000 1725 3069 in
1747 2993 1995 3082 Theodoreto,
2029 2999 2096 3071 ubi
2117 3022 2178 3069 no-

1195 3095 1291 3165 mina
1313 3096 1551 3188 plurimorum
1572 3100 1783 3185 recitantur,
1810 3101 1906 3173 inter
1923 3123 2016 3196 quos
2033 3113 2069 3173 et
2084 3098 2176 3171 Basi-

1196 3197 1265 3267 lius
1286 3211 1357 3283 est,
1383 3199 1446 3292 qui
1463 3196 1667 3271 Romanurn
1680 3199 1890 3277 Pontificem
1907 3203 2067 3293 graviter
2081 3224 2176 3273 aceu-

1194 3314 1271 3371 sant
1281 3351 1293 3383 ,
1320 3302 1414 3392 quod
1432 3302 1634 3372 servitutem
1646 3301 1812 3374 Ecclesiis
1825 3303 2010 3397 imponere
2026 3317 2174 3378 conetur.

1194 3396 1247 3472 Ea
1274 3397 1434 3492 Epistola
1474 3403 1612 3474 illustre
1649 3404 1893 3477 testimonium
1931 3419 1984 3476 est
2027 3418 2174 3477 vetustae

80 3576 83 3585 Ι
157 3506 286 3587 putant
310 3493 404 3560 inter
421 3486 617 3579 Episcopos
643 3500 805 3580 oportere
821 3489 973 3578 primurn
990 3489 1143 3580 aliquem
1194 3503 1414 3594 aequalitatis
1441 3500 1713 3596 Episcoporum.
1781 3504 1906 3578 Postea
1937 3520 2101 3581 secutum
2131 3516 2174 3576 etl

160 3619 253 3674 esse,
284 3606 325 3662 ut
347 3591 393 3661 sit
416 3591 524 3672 ordo,
553 3600 588 3657 et
607 3600 648 3657 ut
669 3589 814 3673 sciatur,
848 3590 927 3681 quis
949 3612 1144 3659 convocare
1194 3617 1370 3674 certamen
1400 3605 1494 3676 inae„
1523 3604 1738 3679 Romanum
1759 3623 1793 3680 aa
1816 3606 2175 3702 Constantinopolita-

159 3697 248 3768 alios
269 3695 314 3762 ad
337 3691 468 3761 iudicia
492 3702 527 3759 et
548 3691 592 3756 ad
610 3686 774 3782 Synodos
796 3690 931 3763 debeat.
982 3687 1064 3760 Huc
1086 3713 1144 3760 ac·
1194 3728 1303 3790 aum,
1336 3706 1375 3774 ῑῃ
1403 3731 1473 3800 quo
1498 3704 1693 3797 Gregorius
1717 3710 1960 3781 crudelissima
1984 3709 2174 3802 parricidae

159 3795 386 3868 commodant
401 3790 513 3859 dicta:
540 3789 599 3858 Tu
615 3811 650 3857 es
660 3789 797 3876 Petrus,
822 3787 1144 3883 etsuperhancPe-
1193 3799 1332 3875 phocae
1353 3807 1421 3877 init
1440 3809 1604 3902 aequior,
1628 3811 1710 3905 quia
1733 3809 1940 3883 Romanum
1960 3808 2173 3906 Episcopum

159 3913 248 3969 tram
281 3893 471 3964 aedificabo
494 3888 689 3962 Ecclesiam
717 3915 843 3961 meam.
895 3890 1001 3963 ltem:
1035 3891 1143 3963 Pasce
1193 3905 1783 4004 paaaaaliaConstantinopolitano,
1836 3913 1906 3985 sad
1928 3926 2051 3984 [amaa
2069 3907 2171 3981 videri

160 4021 243 4069 oves
267 4018 372 4066 meas.
423 3990 465 4062 ln
488 3987 546 4062 his
566 3992 685 4061 verbis
707 3995 789 4087 quia
807 3992 952 4064 Petrum
968 3995 1143 4067 Dominus
1193 4010 1371 4080 modestus
1394 4012 1523 4097 voluta,
1548 4038 1622 4083 aaa
1645 4014 1721 4086 vala
1745 4039 1948 4109 quanquam
1969 4010 2170 4083 <ticianae-

158 4098 370 4190 alloquitur,
395 4095 496 4164 aiunt
518 4094 712 4186 praelatum
734 4117 807 4164 esse
823 4096 988 4181 caeteris,
1013 4108 1048 4166 ct
1062 4119 1142 4167 suc·
1190 4105 1354 4202 μεγιχὸγ,
1382 4126 1416 4183 aa
1432 4114 1586 4204 graviter
1599 4128 1736 4186 accusat
1751 4114 1980 4185 ambitionem
1998 4112 2168 4208 inquiens:

158 4223 328 4271 cessorem
357 4194 452 4265 Pelrl
484 4218 661 4266 tummuffl
692 4191 909 4289 ΕΡῙὸῑθΡῦῐῃ
940 4220 1024 4271 ⁰⁸⁵⁸·
1101 4195 1141 4267 ld
1191 4207 1428 4305 Otempora,
1461 4239 1483 4284 o
1504 4239 1636 4297 mores,
1661 4228 1819 4286 vastatur
1839 4215 1936 4284 orbis
1958 4227 2169 4285 terraruma

157 4324 299 4396 quoque
314 4299 486 4368 refutatur
502 4297 595 4366 dicto
604 4291 757 4367 Christi:
778 4294 893 4388 Reges
909 4299 1066 4390 gentium
1077 4298 1142 4370 do-
1189 4314 1367 4398 barbaris,
1399 4314 1565 4385 deleatur
1586 4318 1693 4386 urbac
1716 4329 1749 4386 aa
1773 4317 1921 4408 templa,
1955 4316 2170 4388 trucidantur

156 4403 496 4483 minanturfflfflm,
516 4412 712 4469 ν(Μῑῑῑθῐῐῐ
729 4399 881 4476 nonsit·
1190 4439 1263 4485 non
1294 4415 1409 4484 solum
1440 4417 1611 4488 exercitus
1640 4418 1771 4498 nostri,
1805 4420 1865 4488 sed
1894 4417 2003 4489 etiam
2034 4415 2169 4488 inermia

256 4516 521 4591 Removeantur
547 4539 568 4585 a
596 4517 794 4589 ministerio
817 4511 1003 4609 Evangelii
1029 4542 1141 4592 κακο·
1191 4517 1382 4586 multitudo
1413 4516 1450 4586 in
1479 4518 1648 4603 urbibus,
1682 4542 1799 4603 senes,
1831 4519 1951 4610 pueri,
1983 4532 2169 4600 matronae,

155 4615 293 4716 ζηλίαι,
318 4643 406 4713 quae
423 4618 675 4688 transformant
691 4612 787 4689 hunc
803 4620 956 4691 docendi
971 4621 1141 4706 laborem,
1190 4617 1361 4707 virgines,
1387 4633 1607 4711 occupantur
1628 4620 1831 4711 provinciae
1849 4646 1869 4690 a
1887 4620 2088 4692 cultoribus
2099 4622 2169 4691 ido·

154 4725 217 4816 qui
244 4722 370 4793 similis
395 4735 447 4792 est
468 4720 508 4788 in
529 4719 716 4802 omnibus,
750 4720 788 4788 in
811 4722 989 4813 politicam
1012 4735 1140 4813 poten·
1189 4718 1326 4803 lorum,
1359 4720 1421 4814 qui
1450 4721 1632 4791 barbarica
1657 4722 1752 4791 idola
1782 4723 1957 4794 collocant
1979 4722 2019 4790 in
2047 4720 2168 4815 templa

153 4825 239 4892 tiam
268 4834 328 4890 ant
356 4820 647 4890 antecellentiam.
700 4817 798 4890 Idem
823 4819 1058 4913 Evangelium
1087 4835 1140 4893 est
1188 4833 1326 4904 nostra,
1351 4822 1534 4892 trucidatis
1555 4822 1623 4913 piis
1649 4821 1906 4895 Sacerdotibus.
1960 4820 2003 4892 ln
2022 4819 2169 4895 histau·

153 4924 313 4994 omnium
335 4933 427 4989 recte
442 4919 664 5000 docentium,
690 4935 725 4988 et
739 4924 902 4991 omnium
920 4947 1004 4992 voce
1019 4923 1138 4992 elficax
1188 4920 1233 4990 tis
1262 4921 1520 4991 calamitatibus
1543 4935 1577 4992 et
1599 4924 1785 4994 doloribus
1809 4926 1949 5016 piorum
1972 4937 2093 4995 tamen
2114 4927 2170 4995 de·

152 5039 204 5096 est
221 5024 314 5093 lilius
328 5018 394 5091 Dei
412 5012 520 5116 λόγος
535 5018 668 5089 aeterni
684 5022 804 5108 patris.
1186 5019 1354 5090 liciantur
1367 5017 1557 5113 Episcopi,
1583 5040 1618 5096 et
1641 5027 1806 5096 vanitatis
1831 5026 1976 5095 nomina
1999 5038 2170 5120 expetunt,

254 5134 374 5209 Unum
393 5147 499 5221 caput
511 5144 564 5203 est
578 5129 756 5206 Ecclesiae
770 5136 939 5209 liliusDei
954 5136 1137 5230 perficiens
1186 5132 1220 5191 ⁰¹
1237 5143 1349 5191 ¹¹⁰V⁰⁸
1365 5146 1405 5193 ³⁰
1420 5119 1624 5216 {tropheum
1638 5126 1760 5198 titulos
1778 5129 1846 5199 sibi
1862 5129 2039 5199 tribuunt.

152 5240 272 5312 omnia
291 5239 330 5307 in
346 5235 527 5306 omnibus.
576 5232 816 5310 Removeatur
831 5253 1031 5311 monstrosa
1047 5237 1137 5327 figu-
1287 5253 1484 5346 Gragofiu,
1512 5259 1674 5331 odiosum
1698 5288 1829 5337 nome„
1852 5265 1999 5351 pigavia,
2036 5264 2172 5358 princi.

150 5365 211 5429 ra,
235 5364 326 5436 quae
348 5337 449 5410 addit
465 5337 616 5411 alterum
631 5353 747 5432 caput.
799 5339 975 5417 Removet
988 5342 1137 5433 imperia
1183 5369 1307 5450 pagam
1322 5373 1438 5433 tame„
1456 5384 1531 5433 „011
1545 5362 1704 5460 abiecta,³
