4680 6038
88 204 115 277 9
622 199 782 277 nncn
824 198 899 275 nu
932 178 1243 278 carnunto
1277 200 1579 285 osraunnt.
2075 223 2123 296 10

86 373 138 448 Et
160 398 253 447 nnus
269 375 326 445 vir
345 400 417 446 noo
443 376 540 448 videt
563 374 694 449 omnia.
746 373 871 445 Minus
894 397 1012 445 severe
1034 375 1078 444 de
1231 374 1356 449 Astute
1376 393 1492 450 antem
1515 376 1695 453 Osiander
1718 386 1763 455 de
1787 388 2003 479 obligatione
2025 395 2117 463 etde

38 492 45 499 '
87 480 221 549 uostris
250 478 522 569 cogitationibus
551 478 766 563 indicamus,
802 491 837 547 et
864 471 1077 568 nobisipsis
1129 479 1297 550 servitute
1314 480 1420 551 initio
1434 495 1599 574 quaestus
1614 499 1684 576 cst,
1710 488 1792 581 quia
1816 487 1908 561 hanc
1922 494 2119 563 orationem

87 582 307 653 blandimur.
360 578 480 669 Quare
497 580 624 650 melius
641 592 693 649 est
713 602 779 650 nos
795 579 994 649 diffidentes
1010 603 1078 648 no·
1129 580 1193 650 scit
1217 582 1338 652 multis
1360 596 1493 672 gratam
1516 607 1605 670 esse,
1632 590 1692 656 sed
1712 590 1784 680 ipse
1810 588 1894 663 haec
1917 619 2061 686 paterga
2084 609 2119 665 et

87 685 169 754 stris
188 682 347 762 iudiciis,
373 685 525 752 aliorum
551 682 745 774 peritorum
766 682 913 751 consilia
936 703 1077 774 quoque
1128 684 1308 775 prooemia
1331 685 1475 753 alterins
1501 710 1637 778 pugnae
1665 714 1738 759 esse
1761 694 1884 767 voluit.
1944 696 2118 767 Dissensit

87 784 223 855 audire.
275 783 485 853 Traduntur
504 808 585 874 ergo
608 778 692 853 haec
714 797 894 874 praecepta
916 785 954 851 iu
970 782 1077 876 Syra·
1128 781 1907 880 anostrisEcclesiisnonmododelnsticia,
1931 799 2116 868 sedetiam

87 889 166 956 cide
180 909 256 976 cap.
270 884 324 959 6.:
360 885 399 957 Si
426 887 580 955 libenter
601 887 741 970 audies,
756 885 914 979 'accipies
937 886 1077 976 sapien·
1128 884 1370 967 deSacrilicio,
1395 903 1435 958 ut
1451 889 1487 955 in
1502 894 1724 962 sermonibus
1737 896 1808 965 suis
1825 921 1925 988 saepe
1940 899 2117 988 significa·

87 989 184 1059 tiam.
236 988 278 1058 ln
308 989 535 1058 multitudine
555 986 744 1058 Seniorum
765 987 964 1072 consistito,
997 987 1075 1056 etsi
1127 989 1211 1072 vit.¹
1240 985 1287 1057 Et
1311 984 1434 1059 habuit
1456 991 1523 1058 alia
1546 996 1714 1084 quaedam
1736 999 1891 1082 somnia,
1918 1025 2006 1093 quae
2024 1025 2118 1069 non-

87 1090 167 1182 quis
186 1102 237 1158 est
252 1090 409 1180 sapiens,
435 1089 467 1158 ei
483 1104 515 1160 te
530 1091 722 1179 adiungito.
757 1086 797 1158 Si
813 1089 944 1158 videris
960 1088 1075 1157 virum
1127 1093 1212 1159 dum
1230 1091 1385 1181 prolerre
1401 1114 1505 1160 ausus
1522 1106 1583 1166 est.
1622 1093 2117 1192 ldeoConlessiouemAugu-

85 1190 364 1280 intelligentem,
385 1216 488 1285 mane
514 1192 655 1263 lestines
671 1195 715 1265 ad
739 1214 837 1271 eum,
864 1205 898 1260 et
921 1191 1008 1260 fiant
1023 1204 1088 1261 at·.
1126 1195 1263 1263 stanam
1290 1206 1445 1261 evertere
1468 1209 1613 1264 conatus
1635 1210 1695 1266 est.
1747 1196 1800 1268 De
1823 1223 1959 1272 summa
1983 1205 2117 1273 doctri-

86 1293 160 1363 triti
180 1295 312 1382 gradus
331 1294 456 1363 ianuae
474 1295 549 1363 eins
572 1294 642 1363 tuis
659 1292 824 1382 vestigiis.
876 1289 928 1361 Ac
945 1290 1076 1360 Paulus
1126 1319 1191 1363 nae
1214 1294 1346 1363 bellum
1370 1295 1501 1378 movit,
1525 1319 1599 1365 non
1619 1312 1756 1368 tantum
1779 1301 1822 1368 de
1848 1303 2014 1392 parergis.
2069 1303 2116 1377 Ut

85 1395 270 1463 manifeste
286 1394 420 1488 inquit:
446 1393 485 1467 Si
501 1396 607 1465 fuerit
625 1395 762 1465 sedenti
786 1395 995 1471 revelatum,
1021 1405 1074 1462 ta·
1125 1408 1242 1464 autem
1259 1391 1515 1465 Demosthenes
1532 1401 1713 1488 respondit
1728 1397 1907 1488 Aeschini,
1932 1418 2017 1474 tnnc
2033 1426 2114 1474 curn

85 1510 160 1566 ceat
178 1497 288 1588 prior.
339 1493 385 1567 Et
402 1498 478 1567 vult
495 1493 711 1588 Episcopum
726 1520 799 1565 non
814 1519 885 1565 esse
908 1487 1072 1587 udedan.
1125 1495 1286 1588 Respub.
1306 1511 1388 1566 ante
1409 1499 1542 1567 bellum
1569 1502 1691 1590 petivit
1717 1503 1927 1590 consilium,
1952 1507 2115 1576 debuisse

85 1595 181 1667 llaec
206 1600 325 1668 omnia
350 1599 530 1668 verissime
554 1611 755 1687 congruunt
775 1621 854 1666 cnm
876 1590 940 1667 hac
956 1610 1073 1673 nostra
1126 1622 1206 1667 eum
1228 1599 1437 1668 sententiam
1464 1599 1599 1685 dicere,
1635 1617 1712 1693 post
1739 1604 1775 1672 id
1803 1617 1939 1696 tempus
1966 1608 2116 1697 perinde

87 1700 434 1786 commonefactione,
459 1726 548 1793 quoe
566 1702 760 1769 deliberare
775 1724 854 1768 cum
871 1699 948 1768 aliis
965 1699 1073 1781 iubet,
1125 1724 1205 1769 eum
1226 1701 1355 1780 facere,
1379 1713 1419 1769 ut
1442 1701 1525 1771 facit
1546 1705 1703 1773 medicus
1724 1707 1909 1776 accersitus
1930 1711 1972 1779 ad
1991 1731 2115 1797 aegro-

85 1826 159 1871 non
182 1803 282 1872 iubet
299 1826 371 1872 esse
393 1799 525 1898 κωφὸν
548 1795 766 1899 πρόσωπον,
794 1813 827 1870 et
851 1801 1000 1891 pedibus
1022 1800 1073 1869 ire
1123 1815 1217 1882 tum,
1245 1826 1325 1871 cum
1343 1797 1434 1869 nihil
1450 1803 1547 1873 dedit
1562 1807 1721 1891 consilii,
1746 1808 1876 1876 deiude
1891 1833 2041 1902 sequens
2056 1811 2116 1879 su-

84 1904 123 1972 in
147 1904 301 1972 alienam
315 1905 551 1986 sententiam,
577 1919 617 1975 ut
640 1900 725 1974 haec
750 1904 946 1972 accumulat
964 1898 1072 1970 homo
1123 1927 1210 1988 nus,
1236 1905 1302 1973 ait:
1336 1900 1376 1973 Si
1400 1898 1589 1976 istehomo
1613 1902 1680 1978 hoc
1706 1921 1740 1978 et
1763 1904 1830 1979 hoc
1854 1909 2007 1996 iecisset,
2040 1936 2115 1980 non

84 2021 117 2077 et
134 1999 309 2098 αὐθάδης
324 2022 358 2077 et
371 2030 493 2076 amans
510 2006 766 2076 calumniarum
788 2006 853 2073 iste
870 2003 993 2074 Cleon.
1122 2019 1213 2076 esset
1229 2018 1399 2078 mortuus.

185 2107 332 2193 iubent,
365 2109 501 2201 inquit,
531 2110 727 2177 deliberare
750 2130 829 2175 cum
852 2106 950 2189 aliis,
988 2127 1069 2192 ergo

84 2223 214 2298 rogum
245 2210 324 2278 aliis
357 2209 538 2280 adsentiri.
591 2207 668 2279 Hoc
702 2209 823 2278 attexit
857 2208 1071 2276 calumniose

84 2307 185 2404 nupti
200 2305 243 2381 τὸ
260 2305 452 2403 ἑπόμενον,
480 2312 602 2380 utalia
617 2312 737 2381 multa.
788 2307 859 2377 Nec
881 2310 1070 2398 cogitemus

84 2415 187 2481 nobis
211 2414 380 2484 adsentiri
406 2438 627 2507 quenquam,
666 2436 728 2480 nec
753 2407 809 2478 his
831 2415 1071 2493 adversamur,

82 2515 143 2608 qni
161 2515 363 2585 testimonia
377 2516 530 2606 Spiritus
545 2516 655 2584 sancti
673 2510 822 2594 hahent,
845 2516 904 2581 sed
923 2513 959 2581 in
977 2512 1069 2581 iudi-

85 2620 195 2686 cando
213 2617 442 2705 diligentiam,
465 2616 713 2700 contationem,
739 2615 957 2700 modestiam,
978 2615 1069 2682 addo

86 2719 185 2786 etiam
203 2718 498 2788 consociationem
516 2719 724 2807 flagitamus.
770 2714 945 2785 Nolumus
961 2718 1068 2784 auda·

84 2922 210 3015 inqua
235 2923 339 2991 etiarn
358 2948 436 2991 cum
457 2924 521 2991 uui
549 2923 654 2991 alicui
678 2923 716 2991 fit
741 2920 926 2999 revelatio,
951 2934 1069 2989 turmo

1223 2137 1275 2210 lta
1291 2136 1471 2210 Osiander
1486 2153 1570 2212 tunc
1588 2166 1667 2212 cum
1684 2145 1729 2212 de
1744 2147 1963 2215 consessione
1976 2149 2114 2218 delibe-

1121 2240 1277 2311 rationes
1292 2255 1416 2322 essent,
1441 2267 1515 2311 non
1530 2246 1714 2334 proposuit
1729 2268 1808 2314 snas
1825 2250 2025 2333 sententias,
2046 2275 2112 2320 nec

1122 2343 1270 2412 sormam
1295 2344 1450 2435 aliquam
1474 2345 1631 2436 scripsit,
1665 2370 1728 2414 nec
1750 2348 1942 2417 scribentes
1965 2351 2113 2421 adiuvit.

1122 2443 1279 2513 'l'antnm
1302 2458 1342 2514 ut
1362 2445 1424 2512 alii
1439 2445 1583 2538 quidam
1604 2447 1694 2516 ebrii
1710 2447 1750 2516 in
1767 2451 1961 2536 conviviis,
1987 2454 2111 2521 mode-

1121 2547 1233 2615 ratius
1247 2548 1339 2616 dicta
1355 2548 1497 2617 taxavit.

1223 2679 1327 2750 Tunc
1347 2681 1382 2748 in
1406 2682 1554 2751 articulo
1577 2696 1694 2754 tantae
1716 2686 2003 2773 deliberationis,
2035 2714 2109 2758 noo

1121 2783 1241 2852 debuit
1263 2780 1439 2853 Ecclesiae
1464 2785 1613 2870 deesse,
1627 2810 1707 2855 cnm
1731 2789 1873 2880 quidem
1896 2792 2108 2860 sententiam

1121 2886 1236 2954 dicere
1260 2886 1374 2953 iussus
1397 2900 1495 2955 esset.
1549 2886 1600 2956 Ne
1616 2899 1734 2978 postea
1754 2891 1896 2981 quidem
1915 2914 1950 2959 se
1969 2895 2107 2982 apernit

83 3028 251 3094 accedunt
275 3024 493 3107 testimonia,
528 3024 657 3116 quibus
681 3025 871 3093 flectuntur
892 3021 1003 3113 aliqui
1025 3023 1067 3089 ad
1120 2986 1223 3055 “¹¹¹¹ss
1246 2986 1382 3075 Viginti·
1435 2986 1538 3056 Nunc
1560 2991 1701 3108 ¹³¹}‚dem
1726 3014 1766 3108 εἰ(
1792 2991 1896 3079 ¹⁰⁰3⁰
1919 2992 2146 3085 intervalb·

83 3127 297 3217 agnitionem
314 3126 489 3215 veritatis,
517 3150 560 3194 ne
578 3125 693 3194 desint
711 3126 966 3213 suffragatores.
1120 3090 1216 3158 velut
1241 3113 1282 3156 ²¹
1304 3104 1408 3158 amm
1429 3085 1629 3181 T¹⁰ph⁰¹¹¹¹
1659 3092 1825 3181 pr⁰d¹⁰¹¹⁵
1851 3117 1942 3162 ¹¹⁰v³
1965 3097 2109 3165 menia

60 3290 63 3295 .
181 3225 242 3298 An
264 3228 369 3296 talem
386 3230 462 3297 vult
484 3251 556 3296 esse
578 3222 770 3296 Ecclesiam
787 3225 857 3292 iste
873 3222 1004 3308 Cleon,
1028 3240 1069 3294 ut
1121 3192 1249 3274 adserit
1280 3204 1313 3259 θ(
1341 3190 1522 3260 ‘'widun''
1547 3187 1637 3260 hanc
1662 3215 1761 3261 suam
1791 3191 2108 3293 lwmayffm'i

81 3329 243 3400 describit
261 3328 401 3399 Silenus
415 3328 587 3422 Cycpopas
611 3329 862 3417 interrogatus,
889 3326 1003 3418 qualis
1023 3326 1068 3394 si,
1120 3303 1366 3359 crlmtnttltone
1388 3289 1624 3361 Ecclesrarum
1647 3307 1864 3379 nostrarum,
1890 3311 2109 3366 evenenatrs

82 3433 305 3522 gubernatio,
332 3456 411 3500 curn
432 3432 497 3499 ait:

1119 3392 1289 3460 conviciis
1326 3404 1359 3460 et
1397 3391 1593 3465 calumniis.
1654 3390 1699 3462 Et
1735 3397 1907 3464 tamensi
1938 3398 2108 3488 explicate

228 3527 378 3608 νομάδες,
397 3525 500 3592 ἀκούει
523 3525 623 3599 ov’ddc
645 3522 733 3588 otto
756 3521 889 3599 οὐδενός.
1119 3495 1246 3563 diceret
1263 3495 1346 3586 qnid
1364 3493 1501 3577 sentiat,
1524 3494 1720 3564 audiendus
1734 3512 1832 3567 esset.
1873 3496 1942 3568 Sed
1958 3500 2039 3568 talis
2056 3514 2108 3569 est

81 3632 213 3728 Siquis
234 3635 338 3705 talem
353 3633 596 3704 confusionem
618 3643 728 3715 amat,
754 3632 883 3719 cogitet
897 3629 1066 3721 scriptum

1119 3596 1312 3666 obscuritas
1336 3595 1372 3663 in
1397 3595 1467 3662 illis
1488 3588 1655 3679 or'acnlis‚
1681 3611 1722 3666 ut
1744 3597 1798 3666 illi
1826 3599 1930 3668 etiam
1947 3601 2008 3693 qui
2025 3604 2107 3670 enm

81 3760 150 3806 em
200 3733 298 3805 neml
325 3759 399 3805 non
424 3747 475 3804 est
502 3749 606 3805 aum
634 3727 917 3812 &mmmmm
981 3730 1066 3800 hem
1120 3710 1257 3778 amant,
1292 3696 1773 3788 desiderentexplicationes.
1832 3697 1974 3770 Possem
1996 3702 2108 3771 multa

81 3791 198 3907 omn'ia
225 3837 673 3907 decoreetordinefiam·
726 3833 842 3921 Quam
865 3833 974 3902 muna
996 3832 1065 3902 dici
1118 3797 1305 3921 sciscitari,
1331 3799 1961 3919 sednesaucientnrveraementes,
1987 3806 2107 3873 ταῦτα

80 3953 219 4031 possent
233 3943 276 4008 de
292 3940 437 4007 vitanda
458 3935 721 4028 praecipitantia
746 3935 783 4002 in
802 3936 1008 4020 iudicando,
1034 3948 1067 4004 et
1117 3926 1180 3992 sum
1198 3920 1360 3990 ευσῖομα
1374 3899 1535 3985 κεισθω)
1563 3913 1602 3969 ut
1618 3896 1821 3971 H⁰¹⁰d⁰¹¹¹⁸
1837 3903 1954 3972 dmm
1970 3905 2070 3975 ΨΜ·

86 4044 125 4110 de
140 4041 290 4111 utilitate
307 4040 603 4110 deliberationum
623 4062 702 4106 cum
718 4037 806 4118 aliis,
832 4037 860 4106 si
875 4059 963 4127 opus
980 4051 1067 4105 esset
1220 4034 1355 4106 lactitat
1384 4059 1420 4104 se
1442 4036 1539 4104 velut
1562 4031 1769 4105 Promethea
1802 4037 1918 4124 ignem
1943 4041 1986 4106 de
2008 4040 2108 4108 coelo

82 4142 237 4229 longiore
256 4143 426 4214 oratione.
488 4140 559 4213 Sed
583 4139 620 4208 in
643 4163 681 4208 re
703 4140 885 4208 manifesta
909 4162 982 4206 non
1006 4163 1064 4206 ero
1117 4139 1292 4216 attulisse,
1326 4162 1450 4206 novam
1479 4135 1637 4205 iusticiae
1660 4137 1911 4210 definitionem.
1964 4136 2106 4209 iusticia

78 4245 258 4334 prolixior.
311 4243 466 4314 Tantum
484 4239 551 4312 hoc
567 4256 665 4333 peto,
689 4255 729 4309 ut
744 4235 839 4309 hunc
861 4240 1067 4329 praestigia·
1118 4256 1186 4327 est,
1208 4239 1771 4333 quaeefficitntiustalaciamus.
1825 4235 2108 4312 Eteiusdsvcs·

78 4362 185 4418 torem
203 4347 349 4438 propius
366 4343 606 4423 consideretis,
633 4366 672 4411 ac
691 4343 950 4430 perversitatem
969 4346 1065 4411 dete·
1117 4336 1350 4440 ραγωνίστης
1382 4341 1450 4405 iam
1485 4340 1624 4408 deducit
1652 4362 1717 4409 nos
1743 4342 1787 4408 ad
1816 4338 2106 4426 iurisconsultus,

77 4440 236 4532 sti-utini,
263 4473 330 4541 qna
352 4461 476 4516 contra
494 4444 741 4514 conscientiam
760 4467 858 4512 suam
879 4437 1065 4533 sophistice
1117 4456 1288 4516 monstrat
1305 4455 1453 4510 veterem
1465 4438 1660 4510 Simonidis
1675 4441 1935 4512 definitionem:
1964 4441 2105 4513 lustitia

76 4554 242 4643 depravat
259 4575 392 4619 morem
410 4549 469 4639 pio
485 4562 519 4618 et
533 4547 614 4615 utili
631 4545 779 4615 consilio
798 4544 1008 4629 institutum,
1032 4558 1065 4614 et
1116 4563 1166 4618 est
1184 4557 1347 4616 constans
1363 4555 1396 4611 et
1414 4557 1578 4632 perpetua
1595 4543 1758 4612 voluntas
1773 4567 1876 4613 suum
1897 4544 2023 4637 cuique
2040 4547 2106 4614 tri·

76 4653 298 4725 multisviris
321 4653 463 4740 optimis
486 4650 692 4741 probatum,
726 4671 878 4738 qnortrm
902 4646 1064 4717 salutaris
1116 4653 1238 4719 bueus.
1271 4642 1358 4745 'llis
1374 4644 1479 4713 dictis‘
1490 4667 1575 4712 sirus
1593 4645 1689 4712 lorus
1706 4667 1789 4711 sane
1806 4645 1998 4728 tribuatur,
2025 4670 2106 4714 cnm

76 4769 123 4825 est
148 4755 359 4846 gubernatio
389 4754 516 4845 passim
542 4752 578 4818 in
604 4747 772 4819 Ecclesiis
795 4765 828 4819 et
853 4744 1062 4821 Academiis.
1115 4756 1158 4821 de
1182 4749 1337 4817 novitate
1362 4769 1423 4813 sen
1452 4748 1495 4813 de
1517 4745 1716 4813 obedientia
1742 4745 1883 4816 dicitnr.
1936 4744 2006 4815 Sed
2030 4770 2105 4816 rron

76 4856 113 4926 Si
135 4857 249 4927 voluit
273 4878 345 4924 esse
367 4868 419 4926 tot
441 4852 676 4924 Ecclesiarum
703 4874 848 4934 censor,
879 4852 1062 4919 candidio·
1115 4852 1293 4947 pertinent
1312 4850 1354 4916 ad
1381 4846 1531 4915 dictum:
1561 4843 1738 4916 lustilicati
1764 4847 1831 4913 lide
1855 4870 1974 4936 pacem
1995 4843 2105 4917 habe-

75 4982 145 5028 rem
163 4959 322 5026 animum
337 4959 379 5025 ad
397 4958 484 5024 ulios
500 4956 678 5024 docendos
692 4952 828 5020 adferre
843 4953 978 5038 debuit,
1002 4954 1060 5021 sed
1114 4978 1202 5027 mers.
1255 4948 1296 5018 ln
1321 4972 1404 5018 vero
1428 4971 1539 5036 agone
1562 4960 1595 5016 et
1625 4970 1730 5017 seusu
1753 4947 1825 5014 irae
1846 4947 1911 5019 Dei
1939 4972 2010 5017 aron
2037 4945 2104 5019 hoc

75 5077 236 5130 naturam
258 5084 357 5131 suam
382 5059 514 5150 pingit,
550 5081 628 5124 cnm
646 5056 732 5123 adeo
751 5076 851 5143 saepe
874 5078 911 5121 ea
932 5076 1062 5145 quaen
1114 5061 1332 5146 disputatur,
1363 5073 1409 5118 an
1434 5048 1523 5118 insta
1547 5048 1733 5132 iaciamus,
1766 5053 1827 5116 sed
1857 5051 2008 5119 latemur
2036 5074 2104 5120 nos

75 5164 176 5232 nobis
198 5176 291 5233 recte
314 5162 407 5231 dicta
436 5175 494 5229 aut
517 5173 590 5228 acta
614 5170 713 5236 sind,
746 5156 1005 5244 suspicionibus
1028 5169 1062 5224 et
1113 5160 1274 5230 miseram
1293 5164 1327 5221 et
1342 5151 1512 5242 pollutam
1531 5172 1677 5218 massam
1693 5173 1777 5235 esse,
1803 5164 1837 5220 et
1852 5151 1989 5244 quaerit
2004 5175 2105 5221 mens

73 5265 261 5335 calumniis
284 5263 393 5333 flectit
420 5263 459 5329 io
479 5261 650 5343 deterius,
683 5256 951 5327 malevolentiae
979 5281 1061 5327 suae
1111 5259 1290 5355 qaromodo
1309 5252 1456 5343 accipiat
1471 5251 1711 5319 remissionem
1729 5264 1963 5340 peccatorum,
1988 5276 2029 5321 ac
2045 5276 2102 5320 re-

74 5390 207 5438 morem
222 5389 357 5458 gerens.
1110 5359 1404 5434 conciliationem.
1442 5351 1482 5423 In
1499 5347 1564 5422 hac
1583 5353 1675 5424 lucta
1692 5350 1873 5424 Mediator
1889 5354 2103 5436 ostenditur,
