4680 6038
150 220 177 295 7
685 201 844 283 DECL.
885 201 960 282 DE
992 204 1301 284 caLUttttla
1335 206 1637 289 OSlANDlll.
2155 220 2179 290 8

152 392 249 464 llaec
270 403 352 460 sunt
381 386 494 480 capita
524 382 762 456 atrocissimae
791 381 1071 466 criminationis,
1103 382 1141 449 in
1190 384 1402 455 nominatim
1427 386 1641 477 praecipitur
1662 387 1864 480 inquisitio,
1896 413 1941 457 an
1966 390 2016 473 is,
2049 391 2109 483 qui
2135 394 2180 459 ad

154 519 223 590 qua
249 517 322 562 nou
351 505 390 561 ut
413 489 565 559 Pericles
598 497 698 556 tonat
723 500 765 576 ¹et
794 485 977 568 fulminat,
1009 486 1069 554 sed
1103 496 1142 553 ut
1191 486 1433 557 Ministerium
1463 501 1604 558 vocatus
1633 503 1704 573 est,
1737 485 1921 580 prohibeat
1935 491 2104 581 Nuptias,
2133 517 2181 560 an

152 598 266 669 Cleon
285 607 346 665 aut
361 590 611 686 Hyperbolus,
636 602 840 676 arroganter
863 599 896 655 et
912 582 1143 680 {impudenter
1190 589 1369 679 improbet
1406 592 1599 659 secundum
1636 592 1840 681 coniugium
1875 593 1994 684 priore
2028 594 2181 683 coniuge

155 696 312 770 convicia
347 708 380 765 et
412 691 606 763 calumnias
640 701 829 762 coacervat.
892 685 1077 757 Gloriatur
1107 710 1143 755 se
1191 704 1350 775 mortua,
1381 703 1414 760 et
1439 714 1537 760 esum
1562 692 1732 762 carnium.
1784 690 1842 762 An
1867 710 1943 786 post
1964 696 2100 786 lapsum
2124 721 2182 765 re·

155 802 352 870 libertatem
370 795 574 877 retinuisse,
599 816 662 861 uec
680 790 861 859 admisisse
885 784 971 859 baec
989 790 1142 861 vincula.
1192 795 1340 861 deuntes
1361 793 1405 860 ad
1428 793 1680 882 poenitentiam
1703 794 1857 886 recipiat.
1925 794 1983 865 Au
2010 797 2183 886 originale

155 900 204 973 lli
230 901 399 969 clamores
426 898 463 964 in
494 909 590 965 tanta
616 893 756 961 licentia
784 906 817 963 et
847 886 1008 986 ἀναρχία
1039 887 1144 961 buius
1192 895 1324 963 malum
1352 893 1483 966 iudicet
1505 919 1578 964 esse
1606 909 1796 988 peccatum.
1851 896 1909 967 An
1931 899 1994 967 ulli
2018 892 2183 968 homines

157 1003 325 1092 temporis
341 997 543 1089 plausibiles
559 1007 641 1065 sunt
656 996 748 1085 apud
767 994 917 1078 multos,
943 993 1005 1086 qui
1026 992 1145 1061 inlini·
1193 1008 1288 1065 extra
1313 991 1505 1064 Ecclesiam
1526 998 1597 1066 sint
1613 993 1778 1068 haeredes
1795 998 1887 1068 vitae
1902 1012 2074 1069 aeternae.
2128 998 2184 1069 De

158 1120 231 1176 tam
248 1102 424 1171 licentiam
448 1099 514 1167 sibi
537 1107 682 1166 sumunt
707 1096 861 1187 fingendi
881 1095 1086 1186 opiniones,
1112 1107 1146 1163 et
1193 1111 1264 1167 tam
1280 1096 1401 1165 multis
1419 1100 1524 1166 rebus
1545 1123 1724 1191 expressae
1739 1100 2008 1170 asseverationes
2027 1105 2184 1191 postula·

161 1199 362 1299 Pyrrhonio
382 1224 481 1270 more
506 1197 740 1267 labefactandi
758 1198 877 1267 omnia
895 1211 986 1268 recte
1006 1197 1145 1267 tradita.
1194 1213 1249 1269 tae
1263 1217 1357 1272 sunt.
1408 1196 1456 1268 Et
1469 1198 1625 1269 Graecus
1641 1198 1765 1270 Canon
1784 1226 1867 1272 usus
1889 1217 1940 1272 est
1958 1207 2065 1271 verbo
2091 1198 2185 1274 ἀνα-

160 1305 231 1378 Sed
253 1305 303 1396 pii
323 1318 357 1373 et
377 1304 567 1393 prudentes
596 1323 668 1368 nou
696 1299 771 1367 sine
794 1323 922 1387 magno
942 1299 1066 1368 dolore
1091 1299 1146 1366 vi·
1194 1296 1472 1394 κρινέσθωσοιν,
1512 1306 1607 1395 quod
1639 1303 1811 1392 significat
1843 1327 2000 1374 severam
2033 1305 2185 1398 inquisi.

161 1410 264 1489 dent,
290 1405 376 1498 quid
392 1403 558 1471 moliatur
574 1396 657 1469 haee
672 1401 802 1470 furiosa
823 1395 1068 1492 reprehensio,
1094 1401 1146 1468 vi·
1195 1402 1341 1474 tionem.

161 1510 308 1590 delicet,
340 1520 380 1576 ut
407 1529 450 1572 ne
475 1507 733 1572 admoneantur
755 1504 898 1594 quidem
927 1502 1085 1572 iuniores
1114 1516 1148 1571 et
1297 1502 1393 1573 llaec
1414 1505 1598 1594 diligentia
1624 1519 1658 1575 et
1680 1518 1763 1575 tune
1785 1501 1961 1577 Ecclesiae
1991 1511 2186 1579 necessaria

161 1610 317 1680 saniores
339 1612 382 1676 de
402 1605 585 1676 modestia.
636 1601 726 1674 Nam
749 1599 913 1674 homines
936 1603 1020 1688 feri,
1045 1616 1148 1695 petu·
1197 1607 1283 1690 fuit,
1312 1618 1345 1674 et
1367 1630 1503 1697 semper
1527 1606 1718 1677 necessaria
1740 1622 1809 1691 est,
1840 1633 1916 1677 non
1940 1624 1990 1678 est
2014 1613 2186 1704 tyrannis,

160 1713 290 1793 lantes,
315 1708 430 1777 inflati
447 1705 680 1775 admiratione
702 1705 776 1787 sui,
801 1701 864 1777 καὶ
884 1701 1147 1799 τετυφωμένοι,
1198 1732 1399 1802 quanquam
1425 1708 1553 1777 deinde
1582 1710 1717 1802 aliquot
1750 1711 1897 1780 saeculis
1919 1709 2072 1782 Romani
2095 1708 2187 1802 Epi-

161 1838 226 1883 nec
248 1806 303 1879 lais
326 1809 637 1903 promissionibus,
666 1831 729 1876 nec
751 1807 830 1877 aliis
853 1807 1002 1878 vinculis
1025 1801 1149 1878 coher·
1197 1810 1294 1903 scopi
1317 1823 1351 1879 et
1372 1809 1434 1877 alii
1449 1810 1663 1880 addiderunt
1686 1810 1814 1881 iniusta
1831 1836 1936 1882 onera
1954 1826 1987 1882 et
2004 1828 2186 1903 corrupte-

163 1915 234 1987 ceci
252 1927 409 2006 possunt.
513 1990 516 1997 ,
1197 1912 1259 1981 las.
1310 1910 1379 1982 Sed
1396 1935 1460 1980 nos
1476 1912 1620 1985 abiectis
1636 1913 1754 2004 impiis
1767 1915 1945 1997 oneribus,
1972 1929 2106 1984 tantum
2125 1941 2186 2005 pe·

263 2013 422 2084 Primum
439 2025 556 2083 autem
573 2016 617 2082 de
639 2014 821 2085 autoribus
843 2026 982 2083 nostrae
1002 2034 1149 2081 consue·
1197 2015 1304 2084 timus
1322 2037 1423 2082 verae
1437 2015 1619 2084 doctrinae
1634 2014 1952 2098 adseverationem,
1979 2017 2069 2087 sicut
2087 2032 2185 2087 cetus

161 2116 297 2191 tudinis
323 2128 356 2185 et
383 2116 426 2184 de
442 2139 563 2184 eorum
590 2114 739 2185 consilio
753 2115 878 2189 dicam.
928 2112 1010 2184 Non
1028 2137 1150 2183 recens
1199 2112 1352 2186 Ecclesia
1376 2115 1517 2205 petivit,
1544 2116 1772 2185 necessariam
1796 2120 1839 2185 ad
1858 2142 1975 2185 veram
1992 2117 2057 2187 Dei
2083 2118 2185 2208 agni-

163 2244 184 2293 a
200 2217 305 2289 nobis
320 2216 510 2305 excogitata
527 2229 577 2287 est
591 2211 675 2287 haec
690 2217 885 2307 promissio,
912 2216 973 2286 sed
988 2215 1149 2285 instituta
1199 2218 1330 2288 tionem
1346 2229 1381 2285 et
1397 2218 1675 2301 invocationem,
1701 2220 1743 2286 ad
1760 2214 1935 2287 Ecclesiae
1951 2221 2188 2306 concordiam,

163 2323 208 2394 ab
232 2315 299 2391 hoc
320 2319 571 2408 collegio¹ante
591 2342 703 2387 anuos
720 2320 791 2387 fere
808 2318 952 2407 viginti,
977 2317 1150 2401 videlicet,
1199 2321 1241 2388 ad
1271 2319 1477 2386 frenandam
1509 2319 1690 2389 audaciam
1718 2321 1873 2408 fingendi
1892 2345 1980 2390 nova
2004 2324 2185 2410 dogmata:

162 2417 375 2504 aLuthero,
401 2417 506 2501 lona,
538 2434 572 2490 et
595 2433 733 2510 pastore
757 2413 862 2489 buius
883 2415 1060 2489 Ecclesiae
1076 2417 1149 2490 Do·
1200 2415 1262 2488 lrac
1284 2420 1357 2509 ipsa
1382 2422 1644 2491 adseveratione
1667 2421 1773 2491 etiam
1798 2437 1940 2513 propter
1965 2420 2186 2491 Osiandrum

162 2538 257 2596 ctore
275 2520 485 2593 Pomerano.
537 2518 614 2591 Hos
635 2520 879 2614 integerrimos
905 2521 1000 2591 viros
1023 2543 1148 2610 magna
1196 2544 1287 2613 opus
1303 2521 1388 2605 fuit,
1418 2522 1480 2614 qui
1496 2523 1681 2617 aliquoties
1697 2537 1911 2593 monstrosas
1924 2524 2111 2616 opiniones
2127 2548 2186 2614 ge-

161 2624 292 2696 iniuria
316 2623 433 2695 adlicit
455 2617 653 2707 Osiander,
684 2647 764 2693 cum
791 2623 875 2692 serit
903 2621 1149 2715 suspicionem,
1200 2624 1296 2707 nuit,
1320 2646 1410 2715 quae
1427 2636 1543 2692 tamen
1561 2625 1731 2716 sapientia
1747 2640 1780 2696 et
1802 2625 1928 2717 pietate
1945 2626 2094 2696 Senatus
2112 2627 2188 2696 No-

163 2728 258 2824 quod
275 2726 455 2796 voluerint
476 2726 699 2820 tyrannidem
724 2724 953 2805 constituere,
979 2748 1059 2795 cum
1084 2719 1145 2793 ho·
1199 2725 1421 2814 ribergensis,
1442 2750 1522 2795 cum
1540 2752 1558 2795 a
1576 2728 1722 2817 collegio
1738 2741 1857 2797 ricsstro
1874 2729 2047 2798 indicatae
2061 2742 2188 2813 essent,

162 2827 359 2900 nestissima
376 2849 477 2898 causa
494 2827 633 2896 consilii
651 2828 689 2895 in
706 2841 893 2917 conspectu
908 2827 965 2900 sit.
1005 2824 1052 2897 Et
1066 2841 1149 2897 tunc
1199 2849 1374 2918 repressae
1394 2842 1485 2895 sunt.
1547 2826 1650 2900 Unde
1672 2843 1706 2899 et
1732 2825 1793 2898 lms
1814 2831 1886 2897 odii
1909 2830 2068 2899 flammas
2092 2844 2187 2899 ortas

165 2932 382 3021 vagabantur
405 2929 507 2998 multi
536 2929 678 3000 fanatici
703 2924 883 3012 homines,
914 2928 976 3022 qui
999 2927 1149 2998 subinde
1200 2953 1272 2998 esse
1290 2928 1538 3000 existimamus.
1591 2928 1658 3001 Sed
1681 2927 1920 3000 lmecomittu.
1962 2986 1965 2991 .

163 3058 256 3103 nova
270 3031 500 3102 deliramenta
517 3032 744 3123 spargebant,
770 3026 1042 3120 Anabaptistae,
1066 3027 1148 3100 Ser·
1301 3028 1397 3119 Quid
1423 3044 1472 3099 est
1491 3045 1605 3102 autem
1631 3033 1726 3100 aliud
1750 3027 1834 3100 llaec
1851 3046 1969 3101 nostra
1987 3034 2187 3122 promissio,

161 3149 279 3215 vetus,
304 3130 523 3225 Campanus,
548 3131 808 3203 Stenckfeldius
832 3146 866 3203 et
888 3132 961 3205 alii.
1013 3127 1060 3200 Et
1076 3155 1149 3199 non
1200 3133 1266 3201 nisi
1291 3133 1521 3202 confessionis
1549 3135 1728 3223 repetitio,
1759 3159 1864 3226 quam
1896 3150 2011 3204 extare
2033 3148 2189 3223 oportet,

162 3237 291 3307 desunt
308 3235 392 3306 tales
409 3234 520 3304 furiae
536 3235 608 3304 ullo
624 3248 791 3326 tempore.
844 3231 1028 3322 Quantum
1043 3232 1150 3315 igitur
1200 3249 1238 3305 nt
1270 3257 1349 3303 vera
1376 3229 1531 3303 Ecclesia
1567 3236 1612 3303 ab
1647 3237 1725 3304 aliis
1756 3236 1918 3324 gentibus
1955 3236 2188 3310 discernatur.

161 3334 317 3410 bumana
333 3336 517 3427 diligentia
540 3360 662 3407 cavere
679 3337 811 3429 potuit,
838 3335 950 3405 voluit
965 3331 1022 3404 hic
1038 3334 1147 3404 Sena·
1199 3336 1362 3428 Denique
1389 3360 1462 3404 non
1487 3336 1604 3405 differt
1631 3332 1687 3405 laic
1709 3338 1797 3405 ritus
1814 3339 1858 3404 ab
1874 3340 2032 3428 exencplo
2055 3336 2188 3421 iosuae,

162 3455 220 3513 tus
235 3441 329 3510 bona
352 3439 494 3528 ingenia
517 3440 561 3508 de
579 3440 749 3508 modestia
774 3437 1091 3517 commonefacere,
1115 3449 1149 3505 et
1199 3440 1260 3531 qui
1279 3437 1414 3506 vocavit
1430 3441 1599 3528 populum
1619 3439 1654 3505 in
1670 3434 1832 3519 Sicltem,
1870 3455 1899 3505 et
1919 3440 2186 3529 promissionem

162 3557 271 3612 metas
286 3541 490 3624 ostendere,
516 3554 610 3610 extra
628 3565 714 3633 quas
729 3565 803 3608 non
815 3553 945 3610 temere
961 3561 1150 3629 erumpen-
1200 3540 1408 3631 postulavit,
1438 3555 1477 3609 ut
1504 3565 1624 3608 verum
1646 3538 1760 3610 Deum
1786 3544 2013 3629 agnoscerent
2041 3556 2073 3610 et
2095 3558 2188 3609 recte

162 3646 248 3714 dum
266 3656 369 3725 esset,
395 3640 508 3712 voluit
521 3656 555 3712 et
568 3642 718 3725 frenare,
740 3632 913 3732 quantum
931 3654 1058 3731 posset,
1082 3639 1150 3708 mi-
1199 3643 1365 3712 colerent.

164 3770 231 3815 nrrs
245 3744 392 3839 quietos.
443 3739 512 3813 Hic
529 3766 604 3812 mos
619 3743 687 3812 fuit
703 3755 736 3812 et
751 3738 927 3812 Ecclesiae
943 3743 1084 3826 veteris,
1111 3740 1149 3809 in
1302 3742 1382 3811 Non
1403 3743 1559 3812 adferam
1585 3738 1653 3811 lntc
1675 3743 1823 3813 aliarum
1848 3746 2051 3834 potitiarnm
2070 3770 2186 3812 exem-

164 3869 233 3942 qua
249 3846 409 3914 nondum
424 3845 566 3940 tyranni
578 3844 865 3924 dominabantur,
891 3857 925 3914 et
939 3838 1054 3914 adhuc
1068 3843 1150 3911 fon-
1201 3847 1272 3939 ple,
1298 3845 1360 3914 etsi
1380 3858 1501 3912 scutum
1519 3859 1587 3927 est,
1614 3844 1650 3911 in
1666 3846 1764 3912 occissi
1782 3841 1926 3914 linnesta
1943 3848 2105 3916 societate
2120 3846 2186 3913 ali-

162 3962 213 4020 tes
228 3946 409 4019 doctrinae
423 3946 503 4039 puri
518 3959 629 4019 erant.
681 3944 871 4016 Petebatur
885 3946 1095 4038 subscriptio
1112 3946 1148 4013 in
1200 3972 1268 4042 qua
1294 3970 1367 4014 esse
1391 3948 1549 4028 foedera,
1574 3948 1703 4037 quibus
1724 3949 1768 4015 ad
1793 3964 1967 4016 certorum
1989 3949 2186 4015 officiorum

162 4048 318 4144 Synodis
349 4048 427 4141 piis.
485 4046 526 4119 ln
550 4046 681 4117 Nicena
706 4045 852 4140 Synodo
883 4072 955 4116 non
983 4043 1149 4139 Episcopi
1199 4047 1551 4119 connnnnicatinnem
1572 4043 1734 4115 homines
1752 4048 1897 4135 obligati
1917 4066 2076 4130 scnn,ut
2092 4053 2185 4138 apud

161 4164 319 4234 tantum,
352 4152 412 4219 sed
436 4151 540 4220 etiam
561 4148 815 4219 Constantinus
847 4149 1056 4241 imperator,
1087 4173 1149 4219 sua
1200 4144 1471 4239 Xenophontem
1489 4150 1635 4218 dicitur:
1657 4155 1851 4241 ,πανταχοῦ
1868 4152 1907 4221 ἐν
1923 4156 1967 4242 cp]
1983 4144 2107 4219 scande
2124 4146 2187 4220 νό-

163 4277 273 4323 manu
286 4251 433 4321 decretis
448 4251 524 4320 eins
538 4250 672 4344 Synodi
688 4249 904 4340 subscripsit.
1198 4276 1268 4343 μος
1294 4253 1429 4335 κεῖται,
1464 4245 1551 4329 τούς
1582 4247 1733 4330 πολίτας
1764 4246 1925 4342 ὀμνύναι
1954 4246 2187 4344 ὁμονοήσειν.

266 4351 337 4423 Nec
352 4353 395 4420 ad
416 4352 652 4422 ministerium
670 4347 856 4440 Evangelii
872 4350 1149 4421 admittebantur
1199 4353 1295 4422 llaec
1320 4354 1473 4445 primum
1489 4353 1560 4421 dixi
1574 4355 1618 4421 de
1641 4354 1826 4421 autoribus
1842 4367 1981 4422 nostrae
1998 4368 2187 4422 consuetu-

165 4455 243 4541 ulli,
264 4455 331 4523 nisi
348 4454 612 4545 praecessissent
627 4448 839 4545 δοκιμασία,
862 4478 922 4523 seu
935 4476 1090 4536 examen,
1116 4467 1150 4522 et
1199 4457 1315 4538 dinis,
1343 4468 1377 4524 et
1396 4455 1441 4521 de
1466 4476 1587 4521 eorum
1608 4455 1779 4537 consilio,
1803 4479 1900 4523 nuvtc
1917 4457 2032 4525 videte
2048 4457 2186 4544 singula

164 4579 324 4648 expressa
340 4554 520 4646 professio,
546 4555 667 4648 inqua
683 4556 796 4624 vocati
813 4557 857 4623 ad
873 4555 1149 4624 docendumad·
1199 4557 1322 4647 capita.
1382 4552 1637 4625 Rabioaissime
1660 4556 1826 4644 exagitat,
1859 4559 1954 4648 qnod
1978 4558 2013 4625 in
2041 4571 2186 4626 contro·

164 4658 353 4730 firmabant
375 4681 411 4726 se
433 4657 596 4748 amplecti
619 4660 858 4748 incorruptam
877 4653 1060 4745 Evangelii
1084 4659 1150 4724 do-
1198 4658 1322 4727 versiis
1342 4656 1601 4726 difficilioribus
1623 4656 1802 4738 iubemus,
1826 4672 1864 4726 ut
1889 4661 2082 4727 deliberent
2106 4685 2185 4728 cum

163 4760 333 4840 ctrinam,
365 4771 399 4828 et
421 4758 674 4849 promittebant
694 4782 729 4827 se
756 4782 830 4827 enm
857 4782 928 4826 non
952 4759 1149 4828 abiectnros
1199 4761 1396 4829 senioribus
1418 4757 1455 4825 in
1479 4753 1543 4827 bac
1567 4756 1758 4827 Academia
1790 4772 1824 4828 et
1844 4762 2040 4830 ccicainnctis
2062 4758 2186 4829 Eccle-

163 4883 249 4933 esse.
287 4855 418 4929 Extant
434 4854 550 4930 adhuc
567 4863 678 4951 capita
693 4860 862 4928 exrsminis
881 4861 915 4928 in
934 4857 1091 4929 Decretis
1108 4884 1148 4926 es
1197 4862 1270 4933 siis.
1321 4859 1390 4929 Hic
1414 4872 1552 4929 tantum
1574 4858 1840 4929 deliberationis
1863 4865 2077 4932 mentionem
2098 4863 2185 4931 laci-

161 4958 362 5053 Atrgustino
380 4961 564 5054 descripta,
582 4963 661 5034 dist.
677 4961 839 5031 vicesima
856 4962 968 5039 tertia,
993 4963 1053 5030 ulai
1071 4973 1148 5051 post
1198 4986 1295 5044 mus,
1323 4985 1394 5031 saon
1421 4961 1655 5051 praecipimus
1680 4973 1720 5030 ut
1746 4963 1931 5055 quisquam
1959 4965 2187 5048 adsentiatur,

162 5063 531 5133 commemorationem
571 5063 734 5158 Symboli
777 5064 907 5154 petitur
944 5063 1049 5133 etiam
1089 5086 1147 5129 ex·
1197 5065 1400 5154 praesertim
1417 5062 1446 5132 si
1461 5062 1692 5131 dissentiendi
1711 5088 1849 5133 cansam
1870 5062 1984 5136 intret.

160 5188 277 5255 pressa
292 5166 540 5236 condemnatio
557 5191 729 5247 errorum,
755 5165 817 5255 qui
834 5189 874 5233 eo
889 5177 1079 5256 tempores
1095 5164 1145 5232 fa·
1299 5165 1485 5257 Utrunque
1504 5164 1839 5253 periculosissimum
1854 5184 1923 5247 est,
1951 5167 2186 5258 praecipitan-

159 5266 285 5337 naticis
310 5261 534 5352 bominibus,
566 5262 806 5349 Manichaeis,
832 5261 995 5347 Arianis,
1027 5265 1146 5335 Nova·
1196 5278 1250 5336 ter
1274 5267 1450 5345 iudicare,
1482 5282 1515 5335 et
1537 5261 1818 5357 ἰδιοβουλεύειν.
1868 5267 1960 5338 Nota
1983 5280 2067 5338 suut
2088 5270 2186 5339 enim

157 5367 265 5438 tianis
290 5380 326 5441 et
350 5365 549 5461 Pelagianis
574 5371 703 5464 passim
729 5366 1083 5457 circumferebantur,
1107 5388 1146 5434 ac
1198 5367 1307 5439 dicta:
1332 5368 1391 5441 Ad
1407 5368 1662 5461 poenitendum
1676 5383 1853 5462 properat,
1876 5370 1946 5441 cito
1963 5362 2030 5465 qui
2039 5370 2187 5447 iudicat.
