4680 6038
148 186 226 267 m
857 177 886 255 1.
924 169 1220 254 cnaomcou
1249 170 1501 254 camonis.
2118 186 2196 265 sos

152 362 330 455 gimanns
345 358 443 453 qnod
458 356 581 427 dextra
596 352 741 445 longior
751 352 861 425 inerit
875 376 982 447 quam
992 349 1149 425 sinistra.
1197 347 1263 422 tim
1279 348 1374 421 tristi
1388 349 1558 423 servitute
1571 374 1759 447 oppressae
1771 369 1867 445 snut,
1891 382 1973 430 cnm
1986 382 2190 452 grassatos.

150 464 338 537 Laudatur
364 461 439 532 eins
456 458 622 544 bonitas,
654 480 762 552 qnam
788 456 895 528 etiam
926 453 1085 527 ostendit
1107 453 1148 522 in
1197 466 1257 524 tur
1280 467 1471 545 perpetuae
1498 457 1621 527 caedes
1643 457 1682 528 in
1707 458 1876 547 urbibus,
1900 478 1940 535 ut
1956 461 2134 560 Mitylene
2151 481 2188 542 et

151 562 399 641 munificentia
421 561 640 655 amplissima
662 581 745 650 erga
762 554 970 632 Ecclesiam.
1025 556 1146 647 Quare
1196 554 1272 647 ipsa
1296 557 1383 627 urbs
1402 553 1541 644 Attica,
1567 574 1602 632 et
1623 561 1717 632 bella
1734 587 1776 634 ex
1794 564 1898 636 hallis
1913 590 2007 640 nova
2029 569 2184 642 subinde

152 667 279 743 ludaei
292 666 456 750 tradunt,
479 688 559 735 cnm
576 661 685 735 luisse
698 660 816 733 filium
835 658 936 733 Darii
952 673 986 731 et
1003 652 1146 731 Esther.
1196 671 1274 731 orta
1290 672 1385 730 sunt.
2159 736 2167 749 .

152 771 287 845 Fuerat
309 781 428 842 autem
454 766 646 860 impeditus
674 764 812 836 reditus
836 762 1050 835 ludaeorum
1077 762 1145 833 snb
1297 756 1398 832 Anni
1423 786 1444 835 a
1467 763 1550 855 luga
1573 765 1702 838 Xerxis
1723 792 1837 866 nsque
1858 771 1903 842 ad
1927 773 2072 846 initium
2096 774 2187 847 belli

151 872 329 969 Cambyse
356 885 392 943 et
415 867 525 941 Dario
555 870 628 940 lilio
654 866 858 964 Hystaspis,
888 881 929 939 ut
957 877 1145 937 consenta-
1195 860 1489 954 Peloponnesiaci
1503 882 1588 940 sunt
1603 871 1874 967 quinquaginta.
1925 873 2006 947 Hoc
2027 892 2186 969 tempora

150 999 265 1049 neum
288 988 341 1046 est
360 986 509 1067 propter
529 968 745 1067 Aegyptiace
768 971 873 1042 bella.
925 970 996 1042 Sed
1021 980 1145 1062 pacato
1195 967 1347 1037 maxime
1377 969 1502 1041 floruit
1530 969 1701 1061 Graecia,
1741 992 1775 1048 et
1804 978 1993 1069 praecipue
2026 995 2186 1053 creverat

152 1074 329 1165 Oriente,
359 1077 571 1149 Artaxerxes
598 1074 843 1164 Longimanus
858 1073 1043 1145 renovavit
1062 1070 1145 1142 'edi-
1195 1064 1420 1143 Athenarum
1446 1076 1622 1165 potentia,
1655 1102 1761 1171 quam
1784 1076 2043 1154 Demosthenes
2065 1083 2187 1176 inquit

151 1195 253 1254 ctum
268 1179 375 1276 Cyri,
400 1193 436 1251 et
451 1178 555 1251 iussit
571 1178 691 1269 perfici
705 1177 988 1248 aedificationem
1006 1173 1145 1246 leroso·
1194 1173 1349 1244 tenuisse
1371 1176 1611 1268 principatum
1634 1180 1729 1250 inter
1752 1179 1908 1253 Graecos
1933 1207 2047 1255 annos
2063 1199 2134 1257 tres
2149 1198 2186 1256 et

151 1286 272 1379 lymae
289 1298 323 1353 et
340 1283 477 1375 templi.
528 1280 582 1351 Ae
596 1304 691 1350 anno
712 1295 809 1351 sexto
823 1280 924 1371 regni
939 1275 1144 1350 Artaxerxis
1194 1277 1437 1371 septuaginta,
1463 1304 1656 1351 numerans
1673 1283 1839 1356 videlicet
1856 1308 2004 1357 annosa
2021 1283 2185 1358 Cimonis

151 1386 371 1477 Longimani
389 1384 513 1477 templi
528 1383 726 1453 aedificatio
740 1384 902 1455 absoluta
918 1396 980 1457 cst.
1193 1379 1371 1463 victoriis,
1405 1405 1518 1476 usque
1542 1386 1585 1452 ad
1608 1383 1834 1480 Lysandrum
1850 1385 2185 1475 Lacedaemonium,

166 1536 170 1541 -
256 1487 348 1560 Cum
380 1489 490 1579 igitur
520 1488 615 1578 apud
644 1483 849 1576 Haggaenm
879 1499 914 1557 et
934 1479 1143 1555 Zachariam
1194 1482 1258 1577 qni
1286 1483 1444 1554 obsessas
1473 1481 1635 1558 Athenas
1667 1489 1888 1560 deditionem
1913 1491 2028 1562 facere
2058 1492 2185 1583 coegit.

152 1590 366 1663 nominatur
400 1587 550 1673 Darius,
596 1587 760 1682 plerique
795 1583 891 1660 hunc
923 1584 1142 1659 Artaxerxen
1193 1581 1282 1656 Erat
1305 1599 1422 1658 autem
1441 1612 1630 1660 commune
1653 1591 1778 1663 foedus
1794 1589 2035 1681 Graecorum,
2058 1594 2185 1689 nequi

151 1692 419 1785 Longimannm
447 1691 670 1780 intelligunt,
712 1691 775 1785 qui
803 1706 962 1764 stanno
992 1691 1143 1782 septimo
1193 1689 1274 1758 aliis
1287 1688 1380 1759 bella
1397 1689 1587 1777 inferrent,
1614 1695 1674 1763 sed
1692 1706 1732 1765 ut
1747 1696 2007 1766 controversiae
2019 1720 2184 1769 commu-

152 1797 256 1887 regni
279 1797 335 1867 sui
358 1795 457 1866 misit
480 1791 634 1866 Esdram
654 1817 736 1865 cum
762 1817 889 1887 magna
911 1792 1144 1866 multitudine
1193 1791 1235 1860 ni
1267 1789 1402 1862 iudicio
1430 1793 1696 1867 dirimerentur.
1754 1795 1824 1868 Sed
1857 1797 2061 1872 inciderunt
2090 1801 2185 1872 inter

153 1896 389 1982 ludaeorum,
420 1911 455 1969 et
480 1922 561 1967 cum
584 1897 813 1989 amplissimis
840 1898 946 1968 donis
968 1894 1143 1990 lerosoly-
1194 1892 1421 1982 Megarenses
1443 1908 1477 1966 et
1500 1891 1737 1968 Athenienses
1760 1898 1919 1971 deLuco
1936 1902 2080 1972 incenso
2094 1926 2183 1973 con·

153 2024 272 2086 marn,
298 2003 342 2071 ad
360 2001 628 2071 instaurandam
645 2000 822 2092 politiam.
1194 1997 1391 2082 tentiones,
1426 2011 1571 2090 propter
1597 2024 1701 2094 quem
1726 1996 1844 2071 Attica
1876 2003 2001 2072 civitas
2026 2006 2182 2075 edictum

259 2101 465 2193 Cogitemus
478 2116 616 2183 autem,
642 2125 747 2196 quam
762 2099 919 2173 difficilis
933 2099 1143 2172 instauratio
1193 2100 1378 2191 proposuit
1394 2100 1431 2169 in
1447 2099 1691 2191 Megarenses,
1716 2118 1790 2174 uta
1807 2117 1915 2196 portu
1935 2105 2056 2177 Attico
2070 2107 2182 2178 absti-

153 2205 283 2291 iucrit,
311 2229 392 2276 cum
416 2205 526 2275 vicini
553 2206 658 2276 bellis
679 2228 756 2274 eam
783 2206 958 2297 impedire
971 2226 1145 2274 conarcn-
1195 2217 1338 2287 nerent,
1362 2226 1428 2272 nec
1446 2204 1566 2276 lic'eret
1588 2207 1638 2275 eis
1655 2206 1795 2296 ingredi
1811 2206 1850 2274 in
1868 2219 1998 2277 terram
2012 2205 2182 2282 Atticam.
2264 2217 2267 2221 ’

154 2320 237 2391 tur,
263 2308 417 2378 etmulti
436 2306 559 2377 ludaei
572 2307 704 2377 reversi
719 2331 760 2377 cx
776 2308 886 2397 longo
909 2307 1015 2377 exilio
1033 2308 1145 2397 legem
1194 2302 1249 2376 De
1264 2299 1331 2376 hac
1345 2305 1479 2376 iniuria
1497 2330 1577 2376 cum
1596 2306 1822 2399 Megarenses
1834 2312 1928 2401 apud
1943 2306 2185 2381 Lacedaemo·

155 2421 193 2478 et
208 2432 324 2478 mores
340 2410 472 2500 patrios
485 2409 591 2482 obliti
605 2423 738 2492 essent,
765 2426 801 2484 et
821 2411 1013 2481 difficulter
1026 2405 1146 2479 Oeco—
1194 2408 1274 2478 nius
1289 2409 1404 2501 questi
1420 2422 1553 2495 essent,
1577 2424 1705 2500 petunt
1726 2409 2018 2499 Lacedaemonii,
2043 2427 2084 2485 ut
2105 2412 2185 2483 edi-

153 2511 295 2579 nomias
319 2513 557 2584 instituerent.
609 2511 681 2583 Sed
697 2507 782 2583 haec
802 2512 1027 2583 incommoda
1042 2511 1146 2580 leniit
1194 2523 1289 2580 ctum
1322 2511 1415 2580 illud
1447 2513 1605 2582 tollatur.
1662 2510 1816 2594 Pericles
1853 2515 2000 2602 fatetur,
2039 2538 2184 2587 cansam

152 2607 264 2697 Dens,
286 2613 349 2706 qui
359 2612 566 2685 Artaxerxis
579 2615 740 2687 animum
755 2617 805 2686 ita
820 2616 965 2685 flexerat
977 2615 1022 2683 ad
1040 2626 1145 2685 tuen·
1194 2613 1307 2703 ipsam
1330 2636 1405 2682 non
1430 2614 1552 2702 magni
1574 2615 1748 2686 momenti
1774 2638 1867 2698 esse,
1898 2618 1960 2687 sed
1983 2619 2184 2711 exemplum

153 2714 220 2783 dos
250 2728 285 2785 et
309 2716 486 2788 iuvandos
511 2715 677 2803 ludaeos,
709 2730 749 2787 nt
779 2743 853 2789 non
883 2719 1045 2787 videatur
1074 2738 1145 2786 un·
1194 2739 1269 2784 non
1284 2714 1509 2785 tolerandum
1525 2738 1609 2788 esse.
1650 2713 1775 2788 Postea
1790 2716 2190 2794 Lacedaemoniosma-

153 2838 261 2909 quem
279 2818 317 2885 in
333 2840 461 2909 genere
476 2815 635 2890 humano
652 2820 744 2889 alius
763 2816 956 2891 monarcha
979 2842 1058 2910 erga
1075 2814 1144 2887 Ec-
1194 2817 1271 2888 iora
1293 2817 1529 2909 imperaturos
1553 2841 1648 2907 csse,
1673 2820 1704 2890 si
1728 2845 1825 2891 nunc
1842 2822 1881 2893 in
1896 2846 1935 2893 re
1956 2847 2065 2916 parva
2080 2826 2184 2907 cedeff

153 2918 296 2989 elesiam
309 2922 576 2995 munificentior
589 2923 708 2996 luisse.
761 2919 870 2994 Dedit
891 2922 995 2993 etiarn
1014 2923 1144 3012 guber·
1194 2933 1283 2990 rent.
1334 2917 1413 2990 Hac
1434 2922 1702 3012 exaggeratione
1725 2946 1800 2993 rem
1817 2922 1959 2995 deducit
1975 2926 2020 2995 ad
2037 2920 2185 3012 bellum,

153 3024 485 3116 statoressapientes
499 3040 534 3096 et
547 3025 710 3109 loeliees,
735 3022 940 3116 Haggacum
953 3038 989 3095 et
1006 3018 1145 3094 Zacha·
1195 3037 1234 3093 ut
1250 3023 1470 3113 suspiciones
1485 3036 1521 3094 et
1541 3025 1670 3096 astutia
1693 3046 1734 3096 ae
1757 3023 1955 3096 virulentae
1971 3027 2184 3121 interpreta-

146 3121 267 3205 ,riam,
292 3121 465 3210 Esdram,
488 3122 699 3199 Nehcmiem
712 3141 748 3199 et
761 3128 869 3206 alios,
895 3127 1033 3219 luitque
1051 3127 1145 3195 inter
1194 3127 1309 3196 tiones
1320 3148 1423 3218 saepe
1438 3137 1522 3195 sunt
1535 3149 1659 3196 causae
1673 3150 1881 3216 magnorum
1900 3129 2109 3202 bellorum..
2129 3129 2190 3205 lta·

150 3225 362 3319 praecipuos
387 3224 522 3299 Esdrae
549 3229 689 3299 labores
719 3225 1008 3320 propheticorum
1032 3229 1145 3298 libro·
1194 3229 1240 3297 ab
1255 3227 1378 3317 exigua
1392 3249 1494 3299 cansa
1516 3228 1651 3299 bellum
1674 3231 1885 3300 diuturnum
1905 3245 1940 3303 ct
1954 3233 2096 3302 exitiale
2117 3232 2183 3305 toti

151 3348 237 3399 rum
261 3329 443 3416 collectio,
479 3345 514 3403 et
531 3330 733 3403 studiorum
755 3331 938 3401 doctrinae
956 3331 1145 3416 institutio,
1196 3327 1367 3400 Graeciae
1382 3344 1503 3402 ortum
1518 3344 1582 3416 est,
1609 3332 1700 3403 sicnt
1713 3328 1889 3403 Pindarus
1905 3334 2041 3427 inquit:
2068 3334 2191 3406 Parva·

150 3429 239 3522 qnia
268 3427 448 3503 Ecclesiae
477 3435 751 3505 fundamentum
786 3447 836 3506 est
862 3433 1026 3504 doctrina
1059 3458 1145 3526 pro-
1193 3433 1346 3503 scintilla
1367 3456 1469 3526 saepe
1486 3456 1649 3524 magnam
1664 3435 1802 3530 sylvam
1817 3437 2009 3511 comburit.

150 3526 315 3625 phetica,
340 3535 515 3609 divinitus
533 3537 676 3608 tradita.
1297 3534 1464 3607 Secundo
1490 3536 1577 3606 belli
1603 3559 1700 3608 anno
1722 3560 1824 3608 saeva
1847 3553 1882 3612 et
1905 3538 2081 3612 inusitata
2106 3540 2185 3611 lues

258 3633 367 3709 Anno
383 3640 551 3709 vicesimo
566 3635 791 3725 Artaxerxis,
816 3640 945 3710 missus
962 3652 1013 3710 est
1026 3633 1146 3709 Nehe-
1194 3632 1348 3709 Athenis
1363 3653 1398 3711 et
1414 3640 1454 3709 in
1474 3638 1605 3710 vicinia
1619 3642 1769 3730 grassari
1785 3642 1919 3734 coepit,
1945 3666 2036 3737 quae
2057 3666 2188 3735 corpo-¹

150 3736 246 3805 miss
261 3763 304 3808 ex
316 3737 502 3836 Babylone
518 3739 790 3838 lerosolymam,
812 3742 876 3837 qui
894 3757 928 3815 et
946 3743 1145 3832 sumptibus
1193 3765 1233 3811 ra
1254 3742 1474 3813 inflammata
1497 3742 1549 3813 sic
1570 3743 1712 3827 urebat,
1744 3757 1787 3815 nt
1806 3746 1965 3816 membra
1987 3746 2184 3838 putrefacta

148 3852 188 3911 et
203 3836 420 3914 authoritate
434 3845 573 3916 adiuvit
591 3845 871 3917 aedificationem
886 3868 1087 3929 murorum,
1109 3858 1145 3916 ct
1194 3844 1288 3915 intra
1312 3868 1442 3937 paucos
1464 3844 1540 3915 dies
1562 3846 1784 3931 deciderent,
1813 3846 1854 3915 in
1877 3848 1957 3917 aliis
1980 3849 2111 3939 capita,
2144 3847 2183 3918 in

147 3964 281 4014 usuras
296 3939 501 4039 prohibuit,
527 3946 659 4040 quihus
672 3949 797 4041 inopes
817 3948 1146 4040 alocnpletiorihus
1194 3947 1275 4017 aliis
1293 3942 1458 4034 brachia,
1481 3946 1523 4020 in
1548 3948 1628 4017 aliis
1649 3950 1774 4039 pedes,
1798 3962 1834 4019 et
1854 3951 2067 4020 accedebant
2083 3950 2185 4020 luro-

149 4039 469 4121 exhanriehantur.
522 4047 576 4121 lta
592 4049 669 4122 Deo
686 4050 832 4123 iuvante
857 4051 1028 4143 paulatim
1051 4065 1146 4122 certa
1194 4073 1270 4136 res,
1296 4050 1335 4118 in
1360 4051 1491 4144 quihus
1512 4050 1574 4120 alii
1595 4073 1670 4120 sese
1692 4049 1899 4142 praecipites
1921 4050 1959 4120 in
1978 4053 2185 4143 puteosab-

148 4145 442 4222 sedesEeclesiae
456 4153 494 4223 in
505 4149 635 4223 iudaea
649 4154 812 4226 restituta
822 4167 885 4240 est,
909 4167 943 4226 et
958 4154 998 4223 in
1015 4175 1144 4243 magno
1195 4153 1383 4238 iiciebant,
1415 4154 1477 4223 alii
1501 4153 1583 4222 aliis
1605 4152 1720 4222 modis
1743 4175 1818 4224 sese
1833 4154 2047 4246 perdebant,
2071 4167 2106 4225 et
2121 4177 2185 4224 ex-

148 4248 307 4342 imperio
332 4249 474 4326 Persico
495 4267 581 4325 nota
606 4257 696 4342 tuit,
721 4269 764 4327 ut
780 4255 887 4327 multi
905 4255 991 4327 inde
1011 4256 1143 4326 doctri·
1195 4255 1425 4345 tinguebatnr
1444 4256 1616 4326 memoria
1635 4254 1741 4325 etiam
1767 4254 1807 4324 in
1829 4250 1904 4341 his,
1930 4256 1994 4350 qui
2016 4257 2185 4327 convale-

150 4374 241 4421 nam
256 4367 374 4445 petere
394 4371 546 4449 possent.
598 4354 646 4430 Et
663 4358 850 4430 mediocris
873 4358 913 4428 in
935 4357 1065 4431 Iudaea
1080 4382 1146 4451 pax
1194 4359 1350 4433 scebant.
1400 4355 1520 4430 Huius
1536 4356 1759 4457 pestilentiae
1771 4356 1810 4429 lit
1825 4359 1963 4429 mentio
1979 4360 2075 4453 apud
2089 4356 2185 4449 Hip-

111 4524 128 4545 ,
148 4453 246 4536 fuit,
268 4478 381 4552 nsque
395 4460 440 4530 ad
454 4461 599 4556 tyranni
612 4456 710 4533 Ochi
722 4474 894 4554 tempora.
1195 4474 1395 4554 poeratem,
1418 4462 1483 4555 qui
1505 4474 1592 4533 tunc
1614 4459 1720 4545 vixit,
1743 4473 1778 4531 et
1796 4460 1929 4532 dieitur
1949 4457 2018 4532 hoc
2033 4460 2186 4531 consilio

781 4582 785 4591 ·
1195 4586 1275 4635 earn
1297 4588 1318 4637 a
1339 4559 1523 4635 Thessalia
1545 4563 1740 4654 depulisse,
1763 4561 1921 4636 incensis
1941 4560 2069 4662 sylvis,
2100 4582 2185 4634 cum

482 4634 571 4704 ΒΗ
596 4634 821 4705 mame·
1195 4668 1301 4737 datus
1330 4680 1519 4738 ventorum
1549 4667 1595 4737 ab
1627 4662 1745 4737 Attica
1773 4666 1982 4738 adferebant
2009 4664 2186 4756 contagia.

259 4762 394 4838 Scribit
417 4761 666 4863 Thucydides,
691 4763 789 4839 hnnc
804 4764 1024 4841 Artaxerxen
1048 4793 1147 4841 mor·
1195 4767 1269 4840 Nec
1285 4783 1356 4841 tarn
1371 4791 1474 4840 saeva
1490 4769 1567 4840 lues
1580 4769 1757 4861 descripta
1770 4768 1901 4857 legitur
1918 4768 1998 4838 aliis
2013 4767 2187 4861 tempori-
2308 4793 2322 4803 ··

151 4882 258 4943 tunm
293 4890 368 4940 esse
401 4892 497 4939 anno
530 4870 681 4961 septimo
719 4871 807 4941 belli
841 4868 1147 4965 Peloponnesiaci,
1194 4873 1282 4958 hus,
1314 4872 1384 4941 nisi
1405 4895 1502 4943 anno
1532 4884 1612 4962 post
1636 4871 1792 4943 natalem
1807 4866 1942 4942 Christi
1960 4869 2076 4954 10⁸9,
2110 4893 2185 4962 quo

151 4973 253 5066 qnod
272 4968 460 5041 Graeciam
478 4972 683 5063 gravissime
696 4974 845 5048 adllixit.
895 4971 987 5045 Nam
1011 4990 1046 5048 et
1062 4974 1147 5045 diu·
1195 4997 1291 5045 anno
1307 4973 1513 5065 Sigebertns
1529 4986 1668 5058 namet,
1690 4973 1797 5044 talem
1812 4972 2050 5066 pestilentiam
2065 4970 2187 5042 inho-

154 5088 305 5145 turnum
321 5073 408 5157 tuit,
429 5074 573 5145 duravit
587 5074 684 5143 enirn
700 5098 815 5146 annos
829 5091 962 5169 septem
978 5092 1012 5150 et
1029 5077 1146 5168 vigin·
1195 5072 1373 5167 tharingia
1390 5092 1581 5168 grassatam
1597 5099 1684 5146 esse.

153 5178 205 5263 ti,
229 5177 295 5249 etsi
313 5177 437 5247 breves
459 5176 623 5247 inducias
646 5176 905 5271 aliquantisper
930 5174 1079 5264 hahuit,
1111 5194 1146 5252 et
1296 5176 1572 5251 Denunciarunt
1584 5199 1729 5267 magnas
1743 5177 1957 5248 calamitates
1971 5176 2112 5269 eclipsis
2126 5199 2185 5248 so-

153 5282 292 5355 multae
311 5277 472 5350 civitates
491 5278 620 5372 partim
636 5278 799 5351 funditus
823 5281 959 5350 deletae
974 5300 1077 5361 sunt,
1103 5296 1145 5354 nt
1195 5280 1240 5350 lis
1264 5280 1371 5350 initio
1392 5281 1479 5351 belli
1500 5282 1612 5362 lacta,
1637 5298 1729 5370 quae
1743 5277 1861 5348 medio
1879 5278 1939 5348 die
1953 5280 2117 5350 tenebras
2132 5280 2186 5351 fe-

153 5386 296 5466 Platea,
322 5380 410 5454 urbs
420 5380 700 5478 Corcyreorum,
724 5383 810 5455 urbs
824 5380 1037 5472 Meliornm,
1062 5406 1146 5478 par·
1196 5383 1262 5465 cit,
1288 5382 1465 5457 utstellae
1479 5379 1788 5472 conspicerentur,
1813 5394 1849 5453 et
1861 5394 2017 5469 cometa,
2043 5382 2107 5479 qni
2127 5406 2188 5453 ar-
