4680 6038
150 189 227 269 855
392 167 603 256 SCRIPTA
619 165 703 241 Pil.
727 157 847 238 atah.
873 156 942 233 AD
969 157 1095 233 HIST.
1121 152 1265 235 PROF·
1287 153 1365 235 ΕΤ,
1380 156 1571 238 PHILOS.
1597 157 1919 238 SPECTANTIA.
2091 162 2165 243 ⁸⁵6

153 364 265 434 dicax.
315 349 485 427 Exulavit
510 346 549 414 in
574 338 706 436 Cypro.
764 333 896 423 Postea,
913 332 1053 403 rediens
1073 329 1139 400 tri·
1290 328 1491 405 Zorobabel
1512 335 1584 405 dux
1603 333 1755 427 praefuit
1777 357 1890 407 anuos
1912 332 2169 430 qulnquaginta

154 465 252 557 ginta
289 457 402 528 millia
438 449 652 521 ludaeorum
689 436 896 514 trucidavit,
949 448 983 506 et
1023 434 1139 522 eoiigit
1188 447 1281 508 octo.
1354 428 1578 529 Etymologia
1612 448 1679 507 est:
1722 435 1933 526 Alienigena
1964 435 2170 532 Babylonis.

155 564 314 657 captivos
331 555 424 626 vesci
441 550 706 623 interfectorum
725 538 964 609 cadaveribus.
1000 533 1137 604 Harum
1189 534 1306 606 Huius
1320 540 1452 607 mentio
1472 538 1510 608 lit
1525 539 1563 606 in
1576 536 1740 627 Haggaeo
1757 552 1791 608 et
1806 535 2000 611 Zacharia.

155 662 386 737 horribilium
402 653 640 724 calamitatum
656 655 865 736 spectatores
878 642 1023 708 fuerunt
1035 635 1140 706 multi
1290 634 1382 708 Resa
1393 638 1600 726 Mesollam,
1622 642 1797 710 secundus
1811 644 1902 724 dax,
1922 642 2172 731 sexagintssex

157 758 466 838 semihomines,
494 751 556 846 qui
575 763 657 819 tunc
676 746 857 825 vixerunt,
884 739 1045 823 Simeon,
1070 738 1140 806 Za·
1191 761 1314 809 anuos.
1353 737 1577 834 Etymologia
1593 754 1660 811 est:
1685 738 1801 832 Caput
1815 742 2019 833 pacificum.
2062 741 2175 814 Huius

157 864 295 940 charias
312 858 464 932 etmulti
480 854 553 935 alii,
579 862 649 943 quo
666 862 821 936 tempore
837 844 942 913 simul
961 839 1139 910 inludaea
1192 855 1348 930 tempore
1381 843 1571 914 veniebant
1598 840 1851 936 lerosolymam
1876 841 2018 915 Esdras
2050 858 2087 916 et
2111 844 2174 915 Ns·

157 971 283 1038 fratres
299 965 444 1032 interae
462 951 662 1047 parricidiis
678 949 875 1030 certabant,
901 941 1141 1026 Aristobulus,
1192 939 1337 1012 hemias.

158 1069 360 1155 Antigonus
377 1073 409 1128 et
425 1054 625 1129 Alexander
642 1049 805 1118 lmineus.
1296 1040 1454 1115 lohanua
1477 1043 1555 1115 Ben
1575 1045 1689 1132 Resa,
1722 1047 1845 1117 tertius
1869 1049 1964 1132 dux,
2002 1047 2175 1140 quinqua-

264 1170 321 1238 11.
354 1161 574 1232 Ptolemaeus
584 1153 726 1226 Auletes
744 1139 1141 1238 paterCleopatraeAn-
1192 1147 1289 1236 ginta
1308 1160 1392 1218 tres.

158 1269 268 1352 tonii,
303 1263 449 1334 exulans
471 1257 619 1329 Romae.
676 1250 815 1321 Deinde
838 1248 1062 1317 reductusiu
1085 1271 1142 1316 re·
1295 1246 1755 1342 ludasHiecanusprimus,
1782 1250 2042 1344 quartusdux,
2067 1271 2173 1321 annos

159 1394 267 1462 gnum
287 1390 348 1459 per
365 1362 574 1434 Gabinium.
1193 1351 1476 1444 quatuordecim,
1501 1353 1659 1422 fortassis
1675 1377 1716 1422 eo
1731 1349 2063 1437 dictusHircanus,
2085 1353 2174 1446 quod

264 1471 322 1542 12.
356 1448 579 1536 Ptolemaeus
605 1454 819 1549 Dionysius,
858 1451 966 1520 frater
990 1448 1142 1541 Cleopa·
1193 1454 1268 1523 eius
1288 1468 1443 1544 tempore
1460 1449 1586 1525 Ochus
1607 1456 1791 1526 transtulit
1811 1468 1950 1552 partem
1966 1454 2174 1526 ludaeorum

160 1589 253 1657 ttae,
279 1569 340 1662 qui
361 1564 569 1655 Pompeium
587 1558 781 1640 interfecit,
814 1566 848 1623 et
872 1565 990 1643 postea
1009 1551 1140 1622 lulium
1193 1556 1231 1623 in
1253 1552 1477 1636 Hircaniam‚
1518 1559 1615 1628 iuxta
1645 1581 1743 1627 mare
1770 1557 1957 1648 Caspium.
2025 1554 2173 1627 Praefait

160 1672 344 1748 Caesarem
369 1664 525 1756 hospitio
558 1675 739 1755 exceptum
768 1655 967 1746 opprimere
996 1668 1142 1724 conatus
1194 1654 1363 1741 ludacae,
1389 1683 1469 1728 cum
1486 1655 1689 1729 Alexander
1705 1659 1791 1730 vicit
1803 1659 1978 1731 Darium.

161 1789 223 1846 est.
275 1771 344 1843 Sed
361 1792 440 1839 cum
459 1765 572 1836 Iulius
586 1764 715 1833 Caesar
730 1757 867 1847 magnis
881 1756 1022 1847 praeliis
1036 1757 1141 1824 vicis-
1294 1754 1422 1850 loseph
1438 1760 1590 1851 primus,
1616 1762 1763 1854 quintus
1782 1763 1876 1845 dux,
1900 1779 2022 1830 annos
2043 1769 2171 1848 septem·

160 1890 212 1946 set
228 1872 418 1945 exercitum
436 1868 589 1955 regium,
611 1889 671 1934 rex
695 1863 732 1931 in
758 1853 885 1949 scapha
906 1858 1060 1946 effugere
1082 1881 1155 1926 co-¹

161 1990 283 2059 natus,
309 1975 402 2042 inter
417 1970 554 2040 collisas
569 1989 676 2036 naves
692 1965 730 2033 in
754 1961 908 2032 tumultu
930 1960 1141 2049 fugientium

161 2101 281 2149 eversa
299 2075 423 2168 cymba
440 2072 479 2138 in
500 2070 592 2138 mari
608 2066 724 2159 periit.
776 2061 899 2131 Postea
917 2061 1015 2132 dedit
1030 2059 1143 2131 Iulius
1321 2103 1324 2108 -

161 2203 309 2268 regnum
341 2173 567 2265 Cleopatrae,
608 2192 697 2261 quae
728 2175 986 2257 postmortem
1023 2163 1143 2232 fratris
1295 2157 1573 2249 Ab'nerSemei,
1603 2166 1675 2235 dux
1696 2179 1829 2250 sextus,
1864 2163 2039 2255 undecim
2060 2182 2170 2243 anuos.

158 2304 270 2373 usque
301 2279 344 2346 ad
372 2297 507 2345 annum
538 2267 682 2339 Octavii
712 2265 863 2355 Augusti
894 2265 1143 2335 duodecimum
1193 2261 1311 2335 Huius
1340 2278 1498 2355 tempore
1522 2264 1744 2337 Ptolemaeus
1768 2267 1857 2357 Lagi
1882 2265 1981 2335 lilius
2008 2261 2170 2355 lerosoly-

159 2380 338 2471 regnarit,
378 2401 449 2470 quo
472 2397 566 2442 anno
587 2371 672 2440 victi
695 2367 875 2441 Antonius
894 2367 936 2436 'et
958 2364 1143 2456 Cleopatra
1193 2391 1286 2436 mam
1303 2366 1426 2436 fraude
1441 2368 1556 2458 coepit
1572 2368 1608 2437 in
1625 2366 1800 2456 sabbato,
1830 2367 2009 2438 simulans
2023 2364 2171 2463 sasacri-

161 2483 230 2553 sibi
246 2494 394 2549 mortem
410 2476 668 2547 consciverunt.
720 2468 787 2538 llic
802 2467 883 2535 finis
897 2467 965 2537 fuit
983 2468 1085 2557 regni
1110 2483 1144 2539 et
1193 2469 1380 2539 litaturum
1395 2491 1477 2537 esse.

160 2582 376 2676 posteritatis
398 2577 684 2647 Ptolemaeorum
715 2570 753 2638 in
775 2569 945 2660 Aegypto.
1010 2567 1145 2653 Postea,
1296 2567 1356 2638 Eli
1387 2565 1578 2657 Matathia,
1617 2572 1785 2663 septimus
1809 2575 1903 2651 dux,
1950 2591 2058 2642 annos
2089 2568 2172 2636 duo·

159 2697 201 2754 ut
216 2685 391 2761 dicemus,
414 2673 595 2768 Aegyptus
609 2674 698 2742 facta
716 2685 767 2742 est
784 2669 965 2761 provincia
982 2666 1143 2742 Romana
1195 2671 1319 2744 decim.

162 2786 207 2855 ab
225 2781 397 2871 Augusto.
1168 2752 1172 2859 l
1297 2770 1389 2843 Asar
1412 2769 1554 2858 Mahat,
1597 2788 1739 2845 octavus
1766 2776 1858 2859 dux,
1899 2774 2035 2859 idest,
2065 2773 2170 2841 beatos

1168 2862 1172 2951 l
1196 2897 1396 2965 percussor,
1422 2899 1535 2946 annos
1554 2899 1692 2951 notem.

1297 2976 1411 3067 Nagid
1429 2974 1605 3060 Artaxad,
1630 3002 1747 3048 nouus
1769 2979 1864 3061 dux,
1892 2977 2056 3068 praefuit
2075 2993 2167 3044 anuos

1195 3080 1327 3149 decem.
1394 3078 1575 3168 Significat
1597 3078 1711 3169 Nagid
1734 3080 1958 3170 principem,
2003 3077 2170 3149 Amma-

262 3183 458 3258 Ecclesiam
501 3186 540 3253 in
582 3182 685 3252 exilio
716 3179 936 3274 Babylonico
971 3182 1146 3256 mirandis
1196 3204 1316 3271 gnum.
1368 3179 1476 3251 llesid
1515 3195 1685 3252 sanctum.
1714 3178 1857 3250 ·Huius
1891 3195 2062 3273 tempore
2090 3173 2170 3247 missi

160 3290 327 3381 operibus
346 3287 480 3357 divinis
503 3299 535 3355 et
554 3298 724 3353 servatam
749 3295 781 3351 et
805 3296 966 3352 ornatam
997 3306 1069 3354 esse
1089 3287 1146 3355 in·
1196 3296 1281 3352 sunt
1297 3283 1517 3373 septuaginta
1532 3285 1740 3374 interpretes
1756 3285 1793 3351 iu
1809 3279 2028 3377 Aegyptum
2047 3272 2170 3351 sdPlsi·

161 3391 257 3482 genti
289 3389 400 3479 gloria
433 3388 526 3457 inter
561 3408 686 3472 magna
717 3383 893 3474 pericula,
930 3385 1064 3455 dictum
1093 3403 1147 3460 est
1195 3379 1419 3475 ladelphum,
1445 3387 1582 3480 fuitque
1598 3385 1788 3478 tranquilla
1808 3381 1956 3460 ludaea.

162 3516 268 3583 supra
291 3493 330 3558 in
351 3482 557 3558 monarchia
572 3485 724 3555 Persica.
775 3482 927 3575 Fuitque
949 3501 1027 3576 post
1051 3491 1146 3558 redi·
1298 3484 1434 3574 Haggai
1450 3483 1528 3571 Eli,
1552 3488 1710 3557 decimus
1727 3490 1815 3562 dux,
1848 3485 2170 3577 praefuitoctoan·

162 3607 238 3666 tum
260 3616 301 3660 ex
321 3589 506 3682 Babylone
530 3588 716 3657 mediocris
741 3585 980 3678 tranquillitas
995 3587 1147 3663 ludaeae
1196 3610 1273 3657 nos.
1326 3587 1508 3677 Significat
1523 3590 1650 3659 festum
1667 3586 1732 3659 Dei
1749 3587 1828 3658 mei.
1883 3583 2169 3659 Lucacnominat

161 3715 273 3786 usque
290 3694 334 3759 ad
349 3686 443 3759 Ochi
460 3704 630 3780 tempora.
680 3685 771 3756 Nam
789 3681 1024 3758 etNehemiae
1040 3691 1144 3783 longa
1195 3685 1289 3771 Esti,
1313 3690 1439 3775 idest,
1464 3705 1653 3761 servatum.

162 3806 256 3864 aetas
270 3793 358 3876 fuit,
383 3791 547 3861 videlicet
568 3812 747 3858 annorum
770 3800 910 3857 centum
934 3802 968 3858 et
982 3785 1146 3882 triginta,
1299 3790 1574 3875 MaslotNaum,
1590 3791 1797 3861 undecimus
1814 3790 1900 3873 dux,
1918 3812 2042 3861 annos
2056 3795 2170 3876 septep

162 3895 225 3990 qui
247 3894 277 3963 si
295 3892 410 3981 attigit
434 3906 590 3982 tempora
608 3884 722 3974 Ochi,
754 3889 845 3958 vidit
869 3913 998 3960 novam
1021 3897 1146 3985 populi
1196 3894 1360 3987 praefuit.
1413 3892 1595 3981 Significat
1611 3882 1795 3965 dominum
1816 3892 2037 3961 iucundum.

162 3996 397 4067 calamitatem
412 3993 451 4062 in
463 3993 590 4063 ultima
607 4003 758 4063 senecta.
809 3989 1015 4063 Teneantur
1028 4010 1143 4066 autem
1297 3995 1407 4065 Amos
1416 3989 1552 4080 Sirach,
1568 3994 1890 4075 duodecimusdux,
1905 3992 2170 4084 praeficiemus

163 4096 458 4167 nominaducum
473 4092 751 4183 postleconiam.
803 4087 881 4161 Etsi
901 4094 995 4162 enim
1014 4100 1145 4187 posteri
1195 4095 1475 4191 quatuordecim.
1526 4095 1644 4166 Fortis
1658 4096 1860 4188 praeliator.

160 4195 277 4268 David
292 4221 403 4288 usque
419 4197 463 4264 ad
477 4193 706 4264 Maccabaeos
720 4195 866 4264 fuerunt
891 4196 1067 4288 principes
1083 4224 1146 4290 po.
1298 4194 1472 4267 Matathia
1494 4195 1637 4282 Siloah,
1667 4197 1878 4267 tredecimus
1892 4195 1983 4265 dux.
2034 4189 2171 4264 Datus!

161 4300 250 4389 puli,
276 4311 393 4367 tamen
411 4320 485 4365 non
502 4297 783 4391 nominaruntlse
798 4317 907 4384 reges,
932 4310 969 4367 ut
985 4299 1145 4373 existimo
1194 4297 1289 4385 Deo,
1315 4299 1423 4369 foelix
1440 4322 1500 4370 seu
1516 4300 1669 4380 missus,
1687 4298 1841 4391 praefuit
1855 4318 1977 4365 annos
1993 4297 2123 4365 decem·

161 4412 308 4491 propter
340 4398 572 4466 reverentiam
596 4395 821 4466 Persicorum
851 4419 992 4486 regum,
1023 4425 1069 4469 ne
1092 4405 1147 4473 vi·
1298 4395 1425 4489 loseph
1443 4401 1582 4485 iunior,
1605 4416 1751 4494 quartus
1770 4399 1931 4468 decimus
1950 4399 2049 4480 dux,
2072 4390 2170 4463 nomi

161 4502 331 4570 cierentur
354 4497 444 4566 velle
467 4520 568 4584 pares
592 4519 663 4566 esse
688 4492 910 4581 monarchis,
938 4506 1145 4588 praesertim
1196 4517 1301 4574 natus
1326 4503 1451 4586 Arses,
1494 4498 1689 4573 honoratus
1720 4525 1739 4571 a
1768 4499 1980 4570 Ptolemaeo
2002 4494 2172 4585 Evergete.

161 4623 242 4670 cum
260 4598 370 4668 abeis
388 4598 543 4686 ingentia
568 4598 735 4666 beneficia
759 4598 983 4689 accepissent.
1035 4602 1145 4678 Sunt.
1195 4604 1348 4696 praefuit
1363 4625 1476 4672 annos
1491 4604 1678 4692 sexaginta,

161 4724 230 4794 que
246 4700 500 4791 appellationes
516 4701 640 4769 ducem
659 4699 697 4766 i¹¹
711 4696 820 4772 Luca·
1300 4703 1410 4775 lanua
1425 4704 1804 4787 secundusHircanus,
1830 4698 2093 4795 quindecimus
2107 4699 2173 4775 dns

264 4797 452 4885 Iasonios,
494 4801 531 4870 id
564 4811 632 4877 est,
672 4814 843 4882 erectus,
868 4803 1064 4887 stabilitus,
1107 4809 1145 4877 in
1195 4830 1309 4878 annos
1342 4807 1504 4874 sedecim.
1571 4803 1700 4877 Multis
1734 4803 1875 4895 praeliis
1910 4801 2004 4872 vicit
2039 4800 2172 4871 aesta

160 4900 267 4971 exilio
290 4897 494 4971 honoratus.
546 4899 760 4971 Nominatur
783 4903 879 4992 apud
899 4901 1032 4976 Lucam
1046 4907 1147 4997 Neri,
1195 4907 1320 4978 Postea
1348 4907 1383 4974 in
1409 4906 1614 4976 defensione
1634 4906 1724 4976 arcis
1749 4905 1959 4988 cuiusdam,
1989 4926 2104 4996 quam
2123 4920 2174 4989 op

161 5002 197 5073 ld
221 5016 290 5082 ⁸⁵1,
316 4999 480 5072 Lucerna
496 5025 584 5072 mea·
1196 5009 1366 5099 pugnavit
1388 5002 1587 5077 Antiochus
1610 5001 1863 5097 Ephiphanes,
1903 5004 2119 5075 interfectus
2135 5008 2174 5069 ast

263 5101 379 5173 Huius
400 5103 496 5172 filius
518 5104 586 5173 fuit
604 5092 810 5186 Sealthiel,
835 5103 872 5172 id
896 5120 966 5189 est,
989 5108 1164 5197 postola-¹
1197 5106 1255 5178 hic
1278 5108 1388 5180 launa
1411 5111 1586 5191 secundus
1607 5106 1797 5178 Hircauus.
1863 5103 2033 5197 Fuitque
2055 5116 2175 5196 postre-

159 5215 216 5273 tus
239 5227 259 5272 a
281 5202 371 5274 Deo.
437 5201 522 5275 Fuit
553 5216 672 5274 autem
694 5202 734 5271 in
756 5203 873 5275 reditu
896 5206 969 5277 dux
999 5209 1146 5300 primus,
1195 5232 1273 5278 mus
1289 5214 1419 5279 ducum
1439 5233 1481 5277 ex
1495 5204 1781 5299 posterisDavid.
1831 5203 1928 5275 Nam
1945 5206 2175 5297 scetecspoo-

161 5297 450 5377 fillusssealllfiel·
1196 5311 1328 5380 tilicum
1370 5322 1585 5381 attraxerant
1622 5300 1843 5378 Antiochum
1876 5301 2175 5399 Epiphsnemis

1448 2001 1557 2070 Post
1589 1995 1923 2071 Alexandrum.

161 2955 321 3026 Duces
359 2944 642 3021 ludaeorum
684 2952 792 3036 post
833 2939 1049 3014 reditum
1090 2965 1146 3016 ex

528 3045 775 3140 Babylone.
